2502 4134
285 165 406 225 124

883 186 1081 224 TRACT.
1132 190 1200 225 DE
1244 188 1393 225 LOCIS
1439 190 1823 230 THEOLOGICIS·

281 331 420 391 Haec
446 329 737 412 praecipua
768 340 908 387 sunt
938 340 1275 410 systemata,
1325 329 1395 387 ad
1438 352 1568 411 quae
1602 344 1808 393 caetera
1832 379 1847 407 ‚
1879 334 1925 392 si
1964 356 2094 416 quae
2128 346 2296 410 sunt7
2326 357 2420 395 re-

279 426 477 486 vocari
503 424 669 484 facile
697 436 971 506 possunt.

373 520 511 580 195.
559 522 743 579 Porro
773 521 1017 580 minime
1055 521 1234 579 talem
1283 542 1407 580 esse
1444 523 1807 604 Scripturam
1842 546 2007 606 posse
2028 572 2043 600 ,
2071 537 2235 608 patet
2264 528 2326 585 1ο
2350 547 2422 585 ex

284 638 388 691 eO,
429 615 589 697 quod
630 616 756 697 ipsa
796 627 1026 675 mortua
1063 617 1135 674 sit
1160 661 1175 690 7
1216 637 1325 675 nec
1357 619 1712 682 sententiam
1757 619 1949 680 dicere
1978 620 2205 692 valeat,
2233 622 2279 679 si
2307 643 2422 702 qua

288 713 442 771 circa
464 723 685 772 rectam
710 713 800 771 sui
825 711 1278 791 intelligentiam
1298 714 1692 772 controversia
1723 716 2037 789 exoriatur.
2071 719 2236 776 Patet
2259 717 2327 774 20
2350 737 2436 776 ex·

291 828 389 884 e0‚
440 807 598 889 quod
636 808 1047 867 controversiae
1089 829 1294 866 omnes
1345 809 1579 890 praecise
1621 821 1927 869 versentur
1970 813 2117 871 circa
2165 813 2423 890 ejusdem

285 903 603 986 Scripturae
639 924 914 975 sensum3
955 924 1092 962 cum
1126 901 1325 961 nullus
1364 925 1627 985 unquam
1653 903 1959 964 haereticus
1998 909 2288 985 extiterit,
2320 909 2423 991 qui

289 1021 414 1057 non
437 998 820 1081 appellaverit
849 998 923 1057 ad
947 999 1311 1080 Scripturam
1330 1046 1345 1072 ‚
1375 1021 1552 1080 quam
1581 998 1688 1059 sibi
1715 1010 1917 1082 aperte
1946 1001 2287 1084 adstipulari
2315 1026 2423 1086 pro

289 1106 449 1154 certo
491 1095 740 1176 sumpsit
778 1095 890 1175 (l).
931 1096 1082 1153 Sane
1110 1094 1460 1169 Lutherani‚
1505 1094 1901 1176 Anabaptistae
1926 1142 1942 1173 ‚
1986 1096 2316 1158 Calvinistae
2365 1110 2426 1158 et

291 1190 639 1272 Zwingliani
678 1190 752 1250 ad
794 1213 979 1249 unum
1015 1211 1219 1249 omnes
1258 1188 1443 1248 solam
1486 1191 1848 1272 Scripturam
1895 1193 2425 1252 controversiarum

284 1287 541 1366 judicem
572 1297 941 1360 statuerunt3
973 1286 1303 1367 harumque
1344 1296 1634 1345 sectarum
1676 1286 1953 1368 quaelibet
1997 1288 2330 1369 proferebat
2364 1290 2427 1347 in

289 1383 554 1443 medium
602 1382 972 1456 testimonia7
1017 1392 1081 1439 ut
1129 1380 1240 1439 sibi
1277 1380 1519 1463 quidem
1554 1381 1914 1442 videbantur
1957 1383 2270 1442 clarissima
2294 1430 2310 1458 ,
2352 1383 2428 1442 ad

286 1480 554 1562 proprios
591 1500 816 1539 errores
848 1477 1263 1538 adstruendOS.
1306 1479 1582 1537 Attamen
1620 1479 1681 1536 in
1718 1491 2004 1561 perpetuo
2035 1501 2267 1561 semper
2289 1501 2428 1538 con·

285 1575 449 1636 flictu
480 1576 634 1635 inter
668 1596 728 1635 se
755 1574 998 1634 fuerunt
1022 1574 1170 1633 cirea
1195 1575 1520 1656 praecipuos
1552 1574 1830 1634 doctrinae
1853 1573 2126 1633 articulos
2148 1620 2163 1648 7
2189 1573 2262 1634 de
2285 1573 2429 1634 reali

290 1671 509 1732 Christi
555 1670 863 1754 praesentia
922 1670 984 1727 in
1032 1668 1387 1728 Eucharistia
1416 1715 1432 1742 ,
1482 1669 1556 1730 de
1606 1671 1901 1751 Baptismo
1940 1669 2292 1744 infantium,
2352 1669 2428 1730 de

283 1768 695 1845 justificatione
721 1814 737 1840 .,
797 1765 1315 1848 praedestinatione
1373 1763 1617 1846 aliisque
1667 1787 1792 1824 non
1850 1766 2050 1846 paucis
2075 1810 2092 1841 ‚
2146 1764 2429 1847 quamdiu

282 1863 614 1924 doctrinam
658 1862 916 1945 aliquam
957 1861 1270 1944 positivam
1310 1870 1480 1920 seetae
1510 1860 1633 1919 istae
1666 1861 2039 1920 retinuerunt
2087 1860 2200 1941 (2).
2255 1859 2428 1938 Quod

355 2113 429 2180 (l)
467 2113 685 2178 Apposite
716 2113 816 2177 jam
852 2119 979 2158 aetate
1011 2126 1096 2157 sua
1132 2109 1189 2157 de
1213 2109 1309 2156 hae-

284 2194 437 2242 reticis
449 2189 733 2240 scribebatS.
744 2188 1028 2256 Augustinus
1041 2185 1202 2253 Epist.
1212 2204 1310 2247 cxx,

283 2275 350 2325 ad
381 2275 725 2330 Consentium,
753 2291 804 2322 n.
843 2273 898 2321 13
926 2288 939 2319 :
972 2271 1155 2319 Omnes
1178 2271 1310 2318 enim

284 2358 502 2408 haeretici
514 2395 530 2420 ‚
568 2359 656 2422 qui
678 2373 759 2404 eas
783 2354 1107 2421 (Scripturas)
1140 2356 1198 2401 iu
1223 2371 1311 2401 au-

283 2443 497 2490 ctoritate
518 2440 788 2505 recipiunt,
817 2439 950 2504 ipsas
966 2437 1062 2485 sibi
1084 2437 1313 2484 videntur

282 2525 479 2580 sectari,
514 2539 623 2571 cum
644 2522 813 2588 potius
839 2536 951 2568 suos
974 2528 1214 2567 sectemur
1235 2535 1311 2567 er-

278 2622 406 2655 rores
420 2624 440 2667 ,-
467 2621 524 2653 ac
560 2622 651 2671 per
679 2603 794 2657 hoc,
824 2619 923 2651 non
946 2601 1073 2667 quod
1091 2618 1171 2650 eas
1198 2618 1311 2649 con-

282 2696 498 2736 temnant
515 2724 528 2745 ‚
547 2686 629 2734 sed
644 2686 770 2750 quod
788 2703 868 2733 eas
883 2702 982 2733 nou
1001 2683 1277 2748 iutelliqaut
1287 2718 1303 2744 ,

280 2769 499 2818 hoeretici
525 2776 657 2816 sunt.
694 2768 753 2815 Et
787 2768 961 2816 clarius
999 2767 1181 2824 adhuc,
1227 2763 1307 2811 De

282 2852 459 2900 Genea.
479 2853 544 2899 ad
560 2850 656 2900 litt.
685 2850 767 2898 lib.
797 2865 862 2899 vn
881 2886 894 2909 ‚
922 2866 1026 2914 cap.
1046 2864 1105 2914 9,
1132 2866 1182 2895 n.
1208 2846 1267 2894 13
1290 2863 1304 2894 ε

278 2934 446 3001 Neque
478 2936 606 2982 euim
625 2967 641 2994 ‚
679 2931 836 2999 inquit
855 2968 869 2992 ,
898 2948 994 2979 uon
1022 2946 1183 2977 omues
1210 2929 1307 2977 hoe-

278 3019 422 3067 retici
435 3016 724 3084 Scripturas
740 3012 998 3063 catholicas
1014 3011 1202 3077 lequm5
1224 3027 1308 3059 nec

277 3100 335 3148 ob
361 3099 500 3148 aliud
523 3107 639 3147 sunt
671 3098 890 3146 hoeretici
907 3135 919 3156 ‚
946 3098 1048 3143 uisi
1072 3095 1198 3160 quod
1226 3110 1307 3141 eas

276 3198 377 3231 non
392 3190 512 3230 recte
533 3180 856 3245 intelliqeutes
868 3217 880 3239 ‚
905 3195 1018 3227 suas
1031 3177 1186 3244 salsas
1203 3178 1307 3243 opi-

277 3265 449 3312 niones
477 3272 646 3312 contra
675 3280 843 3312 earum
865 3263 1112 3311 veritatem
1134 3262 1304 3325 pervi-

274 3348 455 3395 caciter
480 3355 722 3395 asserunt.
749 3346 982 3412 Antiquos
1002 3361 1108 3393 vero
1130 3360 1307 3406 anony-

276 3448 382 3478 mus
407 3439 597 3491 auctor,
625 3429 748 3493 apud
773 3428 864 3476 Th.
893 3428 1051 3476 Moore
1071 3464 1083 3486 ,
1119 3444 1196 3490 op.
1223 3428 1301 3474 cit.

279 3531 386 3578 pag.
417 3508 513 3576 78,
546 3526 647 3577 79:
681 3509 872 3570 Unam,
914 3508 1107 3568 scribit,
1132 3525 1307 3572 perpe-

282 3604 363 3643 tuo
373 3590 683 3660 Scripturam
697 3591 952 3640 clamitant
967 3608 981 3656 ;
999 3590 1080 3640 sed
1094 3591 1184 3638 ubi
1195 3608 1308 3639 veu-

283 3687 385 3725 tum
413 3684 483 3725 est
507 3674 571 3725 ad
593 3692 728 3738 eam,
761 3674 970 3735 auditis,
993 3673 1223 3739 quomodo
1244 3672 1309 3721 le-

1393 2115 1533 2171 qum.
1588 2107 1715 2154 Tam
1762 2116 1929 2173 aperta
1980 2117 2095 2155 sunt
2147 2106 2323 2168 verba;
2372 2109 2427 2155 in

1395 2189 1619 2238 omnibus
1636 2187 1686 2238 E
1689 2189 1968 2254 vanyelistis
1984 2198 2096 2237 sunt
2108 2188 2291 2239 eadem.
2310 2188 2429 2237 Om-

1395 2273 1484 2320 nia
1510 2282 1675 2320 tamen
1699 2282 1989 2338 pervertunt
2012 2310 2025 2332 ‚
2061 2271 2295 2320 omniaad
2313 2271 2427 2321 ἤω-

1395 2355 1543 2401 resim
1571 2370 1712 2401 suam
1742 2354 1959 2401 trahunt.

1466 2436 1532 2500 (2)
1573 2436 1719 2486 Dixi:
1756 2436 2013 2503 Quamdiu
2029 2436 2298 2485 doctrinam
2332 2435 2427 2484 ali-

1393 2535 1541 2583 quam
1572 2520 1840 2584 positivam
1889 2526 2026 2567 seetoe
2063 2520 2170 2566 istae
2208 2518 2426 2565 retinue-

1396 2609 1548 2660 runt3
1593 2619 1703 2648 nam
1744 2601 2034 2664 exploratum
2062 2609 2160 2657 est,
2194 2616 2269 2647 eas
2299 2616 2427 2648 nunc

1394 2683 1590 2730 demum
1614 2685 1662 2729 in
1683 2683 2052 2745 desperationem
2086 2691 2206 2728 actas
2235 2683 2427 2729 nonnisi

1392 2767 1657 2827 negativam
1697 2763 1931 2827 profiteri,
1974 2779 2079 2828 quae
2110 2763 2285 2811 scilieet
2315 2780 2425 2812 con-

1392 2848 1520 2894 sistat
1548 2849 1598 2893 in
1629 2848 1880 2912 rejectione
1906 2846 2143 2894 catholicae
2170 2847 2422 2912 doctrinoe3

1392 2938 1533 2994 atque
1563 2929 1734 2977 exinde
1756 2929 1976 2993 profluxit
1995 2930 2072 2977 illa
2092 2933 2308 2977 omnium
2325 2947 2426 2978 sec-

1392 3022 1546 3059 tarum
1592 3021 1782 3059 externa
1832 3012 1994 3060 saltem
2047 3013 2384 3061 confoederatio
2410 3050 2425 3073 ,

1391 3111 1485 3161 qua
1517 3098 1637 3143 inter
1668 3112 1715 3143 se
1745 3106 2092 3155 convenerunt,
2115 3095 2203 3143 sub
2222 3095 2424 3158 generali

1389 3178 1754 3226 Protestantismi
1796 3179 2205 3237 denominatione,
2255 3177 2424 3225 adver-

1390 3279 1467 3309 sus
1497 3261 1748 3308 Ecclesiam
1783 3261 2095 3320 catholicam;
2124 3262 2175 3307 in
2203 3259 2292 3307 hoe
2315 3277 2427 3307 con-

1393 3346 1509 3393 sistit
1542 3347 1746 3408 ipsarum
1776 3346 1840 3390 vis
1860 3380 1873 3403 ‚
1904 3346 1954 3390 in
1990 3345 2235 3407 negatione
2257 3361 2425 3408 nempe

1392 3428 1501 3475 fidei
1541 3425 1779 3474 catholicae
1819 3428 2013 3492 ejusque
2055 3427 2422 3490 oppugnatione.

1397 3510 1454 3557 ln
1483 3509 1643 3557 ceteris
1675 3525 1971 3574 unaquaeque
2003 3507 2195 3572 pacifice
2227 3515 2426 3555 sectatur

1400 3590 1669 3656 opinionem
1724 3607 1890 3654 suam3
1933 3607 2020 3639 nec
2060 3592 2186 3640 enim
2227 3589 2424 3655 amplius

1400 3677 1548 3741 agitur
1577 3672 1636 3724 de
1658 3673 1775 3739 fide.
