2502 4134
421 177 576 216 nar.
626 177 691 212 11.
735 174 856 212 GAP.
905 174 968 209 11.
1013 172 1082 207 nn
1124 171 1298 210 mvm.
1343 168 1473 207 can.
1522 169 1657 208 una.
1701 169 1900 207 iusrffl.
2147 140 2226 200 73

130 324 364 400 ejusque
392 316 652 376 doctrina
670 361 687 390 ,
717 327 776 375 et
804 316 865 372 in
886 314 996 373 hac
1025 314 1147 395 ipsa
1171 310 1430 372 doctrina
1442 316 1765 390 promissio
1784 309 2044 370 Ecclesiae
2069 302 2227 368 dein-

129 435 260 494 ceps
292 409 662 471 aedificandae.
689 411 1053 491 Quapropter
1083 408 1222 468 fides
1251 408 1313 465 in
1339 405 1633 465 Christum
1655 417 1714 465 et
1736 407 1797 465 in
1826 404 2229 464 auctoritatem

129 507 401 565 doctrinae
446 511 602 584 ejuS,
645 527 772 586 quae
810 506 872 562 in
913 504 1108 563 Bibliis
1152 504 1521 575 continetur,
1561 523 1690 560 cum
1738 502 2053 562 inclusione
2092 498 2230 558 fidei

127 602 190 661 in
220 601 527 660 Ecclesiam
550 623 581 659 a
608 587 835 659 Christo
867 600 1249 681 promissam,
1270 602 1388 676 jam
1414 595 1686 679 praecedit
1710 595 1934 655 fidem
1917 617 1981 654 ln
2011 594 2230 654 realem

124 695 294 773 hujus
336 697 513 777 ipsius
551 695 807 754 Ecclesiae
836 694 1276 766 fundationem,
1306 713 1370 751 ac
1394 703 1701 773 propterea
1737 690 1963 748 fidem
1948 712 2011 747 1n
2047 689 2232 749 eccle-

126 792 410 850 siasticam
463 791 867 848 auctoritatem
915 788 1279 847 infallibilem
1326 791 1635 866 apostolica
1669 787 2036 863 maqz‘sterz'i,
2075 781 2233 863 quod

127 907 195 945 ex
227 886 422 948 divina
463 885 562 944 illa
606 884 787 945 veluti
825 885 1299 965 inauguratione
1339 901 1464 963 quae
1503 880 1595 940 die
1635 883 2003 939 Pentecostes
2034 877 2231 935 conti-

126 982 242 1060 git,
286 1002 456 1039 suum
486 983 663 1060 coepit
695 978 1020 1039 exordium.
1059 978 1126 1035 4⁰
1156 977 1266 1061 Qui
1296 976 1545 1055 proinde
1570 974 1902 1048 contendit,
1942 968 2015 1032 ab
2050 970 2235 1030 Eccle-

126 1076 208 1133 sia
252 1075 490 1133 omnino
517 1070 917 1131 arcessendam
946 1091 1069 1129 esse
1093 1069 1497 1129 auctoritatem
1534 1068 1855 1154 Bibliorum
1878 1114 1894 1142 ,
1935 1077 2223 1150 quatenus

128 1170 231 1227 Dei
270 1167 515 1228 verbum
541 1188 574 1224 a
605 1165 834 1224 Christo
871 1163 1248 1224 enunciatum
1275 1162 1778 1244 complectuntur,
1818 1183 1907 1222 nae
1935 1163 2045 1221 iste
2069 1161 2233 1243 prius

127 1281 345 1344 ponere
384 1260 686 1319 Ecclesiam
717 1258 929 1333 debet,
969 1257 1182 1318 deinde
1214 1280 1352 1320 vero
1397 1258 1727 1332 Christum,
1768 1258 1929 1340 prius
1965 1256 2144 1316 fidem
2174 1257 2238 1315 in

128 1355 468 1429 Ecclesiam,
496 1376 671 1436 quam
698 1353 873 1414 fidem
901 1354 963 1412 in
988 1353 1283 1412 Christum
1310 1353 1688 1435 divinamque
1715 1357 1839 1432 ejus
1873 1353 2234 1425 doctrinam3

125 1462 299 1531 atque
318 1451 396 1509 ita
417 1449 698 1509 historicae
715 1450 973 1511 veritatis
994 1470 1200 1530 campo
1219 1448 1460 1509 adversa
1478 1443 1671 1508 fronte
1694 1449 1998 1528 refragari,
2021 1449 2239 1530 quippe

125 1547 224 1627 qui
244 1546 598 1605 contrarium
623 1567 858 1628 prorsus
891 1545 1158 1605 ordinem
1187 1546 1463 1626 exposcit.
1502 1544 1686 1618 Quid!
1731 1544 1887 1627 quod
1911 1545 2107 1626 ipsum
2132 1544 2239 1603 de·-

125 1639 291 1700 beret
320 1641 582 1700 ordinem
620 1663 716 1700 sus
752 1641 939 1723 deque
976 1653 1235 1715 vertere,
1267 1638 1445 1722 quem
1476 1639 1817 1726 Symbolum
1850 1639 2237 1722 apostolicum

126 1757 246 1817 prae
284 1758 344 1795 se
379 1736 524 1810 fert,
564 1759 596 1795 a
634 1759 748 1818 quo
790 1758 1004 1818 nempe
1044 1737 1204 1818 prius
1242 1735 1587 1794 adducimur
1627 1736 1700 1795 ad
1741 1735 1918 1795 fidem
1953 1736 2014 1794 in
2050 1738 2240 1794 Deum

130 1844 447 1892 creatorem
483 1832 614 1892 coeli
645 1844 703 1892 et
737 1844 904 1892 terrae
926 1877 941 1908 ,
983 1831 1195 1892 deinde
1236 1838 1372 1892 vero
1406 1832 1467 1889 in
1495 1833 1699 1891 ‚Iesum
1727 1831 2021 1890 Ch'ristum
2052 1829 2241 1889 filium

129 1932 247 2006 ejus
273 1927 641 2010 unigenitum
661 1974 676 2004 ,
708 1950 772 1987 ac
805 1928 1044 1988 demum
1068 1928 1143 1987 ad
1171 1929 1592 2010 professionem
1620 1928 1755 1988 fidei
1782 1929 1844 1987 in
1873 1929 2154 2009 Spiritum
2176 1927 2234 1985 S.

128 2023 583 2106 catholicamque
610 2023 938 2086 Ecclesiam.
960 2026 1034 2085 At
1059 2025 1217 2084 enim
1245 2026 1306 2082 in
1335 2046 1490 2086 novo
1521 2024 1633 2085 hoc
1658 2036 1970 2105 systemate
1999 2045 2075 2084 en
2101 2043 2242 2105 quo·

123 2118 298 2177 modo
327 2119 656 2199 symbolum
685 2120 1077 2202 Apostolicum
1109 2120 1300 2180 efferri
1330 2142 1475 2202 opus
1506 2121 1617 2180 erit
1645 2143 1658 2178 ε
1698 2120 1877 2195 Credo
1906 2121 2239 2179 Ecclesiam

125 2213 504 2283 catholicam,
539 2226 593 2274 et
626 2220 696 2273 in
735 2218 942 2276 Jeszcm
983 2216 1296 2275 ‘Christum
1348 2218 1734 2296 unigenitum
1769 2217 1976 2294 filium
2012 2220 2142 2294 ejus
2187 2224 2241 2272 et
2299 2232 2302 2236 ·

128 2310 191 2363 in
224 2308 422 2365 Deum
459 2310 703 2369 Patrem
731 2311 795 2369 J.
842 2311 906 2371 G.
949 2322 1267 2369 creatorem
1309 2312 1443 2369 coeli
1470 2322 1526 2369 et
1554 2322 1730 2370 terrae
1769 2309 1878 2390 (l).
1920 2311 2059 2383 Quis
2101 2307 2238 2368 talia

124 2401 316 2461 ferat?
355 2403 521 2483 ErgO.

211 2497 346 2555 116.
395 2500 567 2580 Resp.
613 2498 699 2558 Ad
736 2500 838 2573 1¹¹¹,
876 2502 1033 2559 Dz'st.
1075 2500 1393 2560 Auctoritas
1429 2500 1628 2561 divina
1663 2506 1733 2560 in
1763 2522 1819 2559 se
1853 2520 1961 2560 seu
1997 2503 2234 2560 intrin-

123 2613 288 2664 seca,
330 2606 520 2662 conc.;
555 2597 758 2673 quoad
789 2616 924 2665 nos,
968 2601 1033 2653 in
1079 2597 1288 2653 ordine
1335 2599 1639 2654 nimirum
1684 2598 2079 2676 cognitioni&
2116 2595 2238 2657 sive

126 2694 487 2761 extrinseca,
517 2713 643 2770 neq.
674 2693 858 2749 Nemo
891 2700 1044 2749 certe
1074 2711 1336 2771 unquam
1366 2691 1702 2770 negaverit,
1729 2690 1990 2751 divinam
2017 2689 2235 2749 Biblio-

126 2804 256 2842 rum
294 2787 695 2845 auctoritatem
730 2786 1141 2860 intrinsecam,
1179 2784 1395 2845 scilicet
1438 2786 1501 2844 in
1544 2807 1602 2844 se
1651 2797 2004 2868 spectatam,
2049 2806 2081 2843 a
2118 2787 2238 2843 Deo

128 2899 225 2938 seu
279 2879 541 2955 Christo,
595 2881 692 2962 qui
739 2880 898 2940 illam
951 2879 1192 2941 dictavit
1211 2926 1227 2955 ,
1282 2881 1449 2940 unice
1498 2880 1883 2963 repetendam
1926 2900 2086 2954 esse3
2133 2877 2239 2940 sed

197 3152 262 3215 (l)
298 3152 382 3200 11ae
401 3164 509 3201 sunt
529 3153 844 3214 difficultates,
871 3172 984 3220 quas
1005 3164 1138 3220 urget

132 3229 208 3280 Dr.
246 3233 290 3283 J.
318 3235 374 3284 Β.
414 3235 618 3296 Baltzer,
662 3237 823 3287 facult.
858 3237 998 3286 theol.
1036 3253 1140 3301 pro-

135 3310 273 3362 fessor
300 3318 350 3364 in
379 3321 580 3367 univers.
611 3318 857 3369 Vratislav.
895 3323 944 3368 in
972 3321 1140 3383 scripto

138 3408 219 3440 suo
241 3411 255 3441 ε
274 3395 497 3464 Beim’iqe
521 3417 616 3448 zur
642 3399 699 3448 V
695 3400 997 3466 ermittlunq,
1021 3411 1136 3460 etc„

136 3490 215 3521 seu
233 3510 246 3533 ‚
269 3472 559 3530 Documenta
594 3483 659 3530 od
694 3491 872 3530 rectum
886 3482 1140 3549 judicium

138 3554 536 3619 conformandum
553 3563 609 3611 de
625 3564 944 3614 catholicismo
969 3573 1013 3612 et
1021 3580 1139 3630 pro-

136 3638 439 3696 testantismo.
488 3643 795 3714 Vratislavioe
840 3645 970 3712 1839
987 3682 1000 3709 ‚
1052 3647 1142 3694 fas-

1220 3157 1308 3205 cic.
1338 3171 1354 3201 1
1376 3159 1390 3218 (
1407 3172 1546 3220 quem
1567 3171 1716 3219 nuper
1737 3154 1850 3202 alter
1870 3154 2096 3219 excepit),
2120 3151 2146 3219 §
2174 3170 2236 3219 9,

1221 3254 1326 3301 pag.
1359 3234 1424 3284 26
1450 3248 1493 3285 et
1522 3254 1651 3302 seqq.
1668 3235 1737 3284 De
1754 3236 1844 3284 hoc
1860 3253 1994 3301 porro
2022 3241 2235 3294 auctore,

1223 3322 1304 3385 qui
1340 3330 1474 3367 antea
1511 3319 1814 3367 hermesianae
1852 3318 2022 3380 scholae
2061 3317 2239 3382 placitis

1223 3387 1361 3448 nimis
1377 3402 1587 3449 addictus
1601 3438 1614 3461 ,
1635 3418 1763 3449 nunc
1778 3401 1838 3449 ad
1856 3402 2079 3466 aequiores
2096 3401 2238 3447 animi

1222 3499 1380 3531 sensus
1408 3485 1645 3531 accessisse
1668 3483 1846 3531 videtur
1863 3519 1877 3542 ,
1909 3483 2055 3531 fusius
2073 3484 2123 3530 in
2150 3491 2240 3529 ter-

1225 3565 1284 3611 tia
1324 3564 1465 3630 hujus
1506 3563 1658 3629 operis
1698 3574 1826 3630 parte
1864 3561 2237 3629 pertractandum

1225 3643 1359 3694 nobis
1390 3647 1492 3695 erit.
