2502 4134
244 109 361 173 360
847 135 1044 174 macr.
1093 135 1161 172 nn
1205 113 1354 175 meis
1396 137 1776 179 mnououmis.

332 276 429 339 42.
475 277 595 336 Neo
622 273 731 333 alia
769 274 986 334 insedit
1022 272 1288 333 Patribus
1330 277 1649 350 sententia3
1689 301 1807 339 uno
1850 281 2138 363 siquidem
2173 283 2368 341 animo

254 394 456 436 omnes
486 392 726 453 prorsus
756 371 968 430 docent
986 415 1004 443 q
1041 370 1344 431 hominem
1376 393 1447 431 ex
1472 374 1748 432 creaturis
1771 374 1923 436 bene
1950 379 2177 437 ratione
2200 388 2369 437 uten-

255 482 376 529 tem
400 466 656 548 potuisse
685 487 751 526 ac
786 465 1054 526 debuisse
1079 465 1151 526 de
1175 470 1297 525 Deo
1326 470 1560 548 ejusque
1591 469 1817 528 unitate
1841 472 2229 549 cognitionem
2257 471 2368 532 sibi

253 582 610 644 comparare.
656 563 742 622 Ne
782 561 1120 644 prolixiores
1157 562 1374 637 simuS,
1416 563 1589 621 unius
1636 575 1737 622 aut
1783 563 2019 625 alterius
2060 567 2370 628 afferemus

254 658 623 730 testimonia,
662 658 1031 717 remittentes
1073 657 1266 738 quoad
1309 668 1498 717 cetera
1540 657 1912 718 studiosiores
1950 659 2026 719 ad
2066 673 2328 722 auctores
2351 707 2368 737 7

255 754 358 836 qui
398 753 535 814 data
569 774 743 835 opera
780 752 878 812 illa
915 751 1295 832 collegerunt.
1334 754 1534 834 Itaque
1563 751 1621 812 S.
1653 755 1903 814 Irenaeus
1932 777 1945 813 :
1978 756 2110 815 Hoc
2135 758 2370 835 ipsum,

257 849 486 931 inquit,
530 853 738 909 omnia
774 860 1164 930 eoqnoscunt,
1207 851 1450 928 quando
1481 852 1640 909 ratio
1677 852 1981 911 mentibus
2020 853 2215 931 infixa
2248 873 2375 912 mo-

258 957 393 1006 veat
415 968 486 1005 ea
506 968 579 1006 ac
601 943 835 1017 revelet,
860 950 1150 1026 quoniam
1174 957 1259 1005 est
1279 968 1439 1005 unus
1451 947 1619 1006 Deus
1641 950 1914 1007 omnium
1936 948 2241 1021 Dominus
2262 947 2374 1029 (l).

260 1041 652 1102 Tertullianus
688 1063 827 1106 vero
861 1041 1062 1101 scribit
1105 1064 1119 1099 ;
1156 1043 1351 1102 Deum
1391 1042 1607 1102 hahere
1641 1048 1980 1103 testimonia
2015 1054 2204 1103 totum
2242 1044 2378 1114 hoe,

259 1139 423 1218 quod
450 1159 698 1210 sumus,
732 1148 788 1197 et
818 1139 886 1197 in
921 1160 1036 1217 quo
1069 1155 1282 1196 sumus
1309 1135 1423 1215 (2).
1453 1138 1566 1211 Qui
1594 1149 1872 1220 praeterea
1906 1138 2233 1199 luculenter
2253 1138 2380 1198 dis-

259 1234 533 1314 tinguens
570 1235 728 1295 inter
767 1234 1159 1313 cognitionem
1200 1233 1307 1292 Dei
1340 1233 1846 1315 supernaturalem
1879 1255 1982 1293 seu
2021 1233 2375 1312 salvificam,

262 1351 440 1412 quam
490 1329 784 1398 habemus
826 1351 895 1390 ex
945 1329 1299 1390 revelatione
1339 1330 1620 1411 positiva,
1671 1341 1731 1389 et
1780 1329 2110 1390 naturalem
2136 1376 2152 1404 ‚
2200 1351 2379 1412 quam

262 1424 548 1486 habemus
578 1448 647 1487 ex
675 1426 984 1501 creaturiS‚
1010 1425 1132 1486 haec
1153 1424 1364 1485 habet:
1387 1425 1516 1484 Nos
1536 1426 1858 1504 definimus
1873 1468 1897 1498 ,
1926 1426 2120 1508 inquit
2136 1470 2152 1500 ,
2175 1428 2378 1487 Deum

254 1525 459 1601 primo
486 1533 714 1582 natura
746 1523 1239 1602 coquoseendum,
1263 1521 1481 1582 dehinc
1507 1522 1783 1581 doctrina
1806 1522 2377 1601 meoque-scendum,-

264 1629 496 1679 natura
526 1640 597 1677 ea·
620 1620 927 1698 operibus,
956 1618 1234 1677 doctrina
1262 1638 1333 1675 ea·
1349 1618 1898 1696 praedicationibus
1922 1616 2034 1696 (3).
2067 1618 2122 1675 S.
2141 1616 2384 1700 Cypria-

263 1735 411 1789 nUS,
450 1713 752 1773 ethnicum
789 1712 1127 1794 alloquenS‚
1173 1712 1255 1771 ait
1299 1734 1312 1770 :
1358 1712 1509 1771 Hoee
1551 1722 1636 1770 est
1670 1733 1910 1771 summa
1953 1713 2192 1788 delicti,
2234 1714 2385 1772 nolle

268 1831 611 1891 agnoscere,
636 1831 813 1888 quem
843 1813 1126 1889 iqnorare
1158 1828 1278 1866 non
1295 1811 1487 1887 possis
1517 1806 1626 1886 (4).
1652 1808 1711 1866 S.
1747 1807 2020 1882 Basilius,
2052 1819 2155 1867 aut
2178 1806 2387 1868 saltem
2476 1887 2485 1892 -

267 1904 547 1986 antiquus
576 1915 776 1964 auctor
804 1924 1017 1963 comm.
1049 1903 1112 1961 in
1141 1902 1345 1961 Isaiam
1365 1947 1381 1974 ,
1413 1902 1493 1960 sic
1517 1904 1707 1962 Deum
1739 1901 2080 1984 loquentem
2110 1901 2337 1962 inducit
2365 1924 2383 1963 t

267 2002 368 2063 Me
409 2022 532 2060 non
578 2002 899 2070 intellexit,
943 2015 1116 2078 quem
1168 2000 1384 2058 ooelum
1426 2009 1881 2069 commonstrat,
1916 2020 2092 2079 quem
2133 2009 2297 2058 terra
2334 2010 2392 2059 et

269 2116 439 2155 mare
473 2096 818 2167 declarant,
863 2116 1038 2175 quem
1081 2096 1167 2154 sol
1195 2105 1251 2153 et
1280 2096 1434 2153 luna
1448 2136 1471 2166 ,
1505 2082 1678 2154 stellae
1719 2105 1774 2154 et
1806 2115 2004 2154 omnes
2040 2114 2132 2154 res
2177 2104 2390 2155 creatoe

271 2194 555 2251 indicant
582 2191 696 2272 (5).
726 2192 796 2250 Et
823 2192 880 2250 S.
910 2192 1082 2270 Greg.
1110 2191 1249 2250 Naz.
1280 2211 1292 2247 :
1329 2188 1567 2260 Nimis,
1601 2189 1794 2271 inquit
1812 2235 1829 2264 .,
1868 2190 2035 2250 hebes
2070 2200 2126 2248 et
2150 2190 2393 2249 stolidus

272 2298 386 2358 est,
426 2290 701 2367 quisquis
738 2307 861 2344 non
894 2285 1012 2345 hue
1051 2307 1240 2364 usque
1273 2295 1472 2363 sponte
1506 2306 1618 2344 sua
1660 2286 2081 2365 proyreditur,
2117 2296 2390 2345 natura-

271 2384 541 2462 liumque
574 2383 1148 2441 demonstrationum
1180 2383 1439 2460 vestiyiis
1469 2384 1723 2451 insistit,
1756 2391 1933 2460 atque
1966 2381 2110 2462 adeo
2140 2381 2246 2440 hoe
2272 2382 2397 2440 sihi

264 2480 620 2561 persuadet,
648 2499 723 2536 ne
744 2478 816 2536 id
837 2478 1077 2558 quidem
1094 2478 1299 2536 'Deum
1325 2497 1441 2536 esse
1458 2519 1479 2548 ,
1513 2477 1675 2555 quod
1700 2479 1787 2535 vel
1819 2479 2088 2558 imaqine
2123 2477 2393 2557 quadam

275 2577 484 2635 animo
508 2578 882 2654 concepimus
903 2574 991 2632 vel
1009 2575 1479 2652 informavimus
1495 2571 1604 2652 (6).
1634 2572 1724 2631 Sic
1748 2571 1925 2632 ceteri
1957 2571 2175 2655 passim
2195 2617 2212 2648 ,
2247 2571 2394 2655 quin

280 2811 332 2859 in
367 2810 497 2872 aliis,
534 2813 585 2859 in
615 2810 787 2877 quibus
814 2809 1037 2875 Propheta
1063 2814 1292 2857 creaturas
1443 2805 1511 2870 (ὅ)
1545 2802 1658 2868 Ἐμὲ
1698 2807 1745 2855 οὗ
1780 2810 1935 2862 συνῆκε
1957 2843 1971 2866 ,
2004 2802 2083 2861 τὼ
2125 2802 2197 2854 δι’
2226 2805 2397 2871 cipum?

281 2909 442 2942 omnes
454 2893 616 2941 invitat
631 2892 689 2940 ad
702 2890 989 2940 laudandum
1007 2890 1289 2951 Dominum,
1375 2885 1700 2956 γνωριζίμενον·
1719 2885 1795 2943 τὼ
1817 2886 1899 2937 διαὶ
1921 2894 2009 2949 γῆς
2035 2884 2113 2937 καὶ
2142 2886 2393 2943 θαλάσσης

279 2974 453 3024 scilicet
476 2956 701 3039 oby'octive
724 2991 805 3039 per
835 2974 1065 3038 propriam
1094 2974 1294 3021 existen·
1376 2970 1668 3034 δεικνύμενον·
1696 2968 1773 3025 τὼ
1800 2968 1884 3020 διαὶ
1909 2969 2031 3027 ἡλίου
2060 2967 2137 3019 καὶ
2167 2968 2387 3030 σελήνης,

279 3058 420 3119 tiam,
446 3057 662 3117 ordinem·
680 3067 725 3106 et
751 3054 1292 3122 pulchritudinem.ltem
1377 3052 1457 3111 vn'r
1489 3051 1570 3104 διαὶ
1599 3060 1679 3102 τῶν
1710 3051 1903 3119 οἶα-τέρα,
1931 3050 2008 3102 καὶ
2037 3050 2118 3102 διαὶ
2137 3049 2291 3107 ποία-ης
2311 3049 2393 3108 πῖς

279 3136 392 3187 Joh.
422 3153 513 3199 ιιι,
544 3155 571 3205 7
600 3149 643 3187 et
672 3157 805 3205 seqq.
833 3148 921 3187 etc.
947 3148 1036 3187 etc.
1377 3135 1565 3190 xvia-tas·
1595 3133 1995 3199 καταμηνυέμυω.
2024 3133 2079 3182 In
2108 3151 2210 3200 cap.
2249 3152 2268 3183 1
2303 3134 2393 3185 Isa.

350 3218 416 3283 (1)
457 3219 599 3270 Cone.
636 3220 807 3271 hoeres.
849 3221 936 3271 lib.
976 3236 1041 3281 11,
1084 3238 1190 3287 cap.
1228 3216 1292 3280 6,
1377 3238 1430 3269 n.
1469 3217 1547 3268 15.
1574 3228 1685 3267 tom.
1714 3234 1760 3279 1,
1788 3235 1836 3282 p.
1869 3213 1987 3266 388.
2010 3215 2079 3265 De
2097 3234 2190 3282 quo
2208 3227 2395 3267 auctore

277 3318 412 3351 num.
455 3317 498 3349 1.
1380 3302 1468 3351 cfr.
1496 3299 1723 3351 admonit.
1755 3297 1869 3350 edit.
1896 3299 2047 3350 Maur.
2072 3309 2188 3350 tom.
2216 3317 2262 3360 1,
2284 3316 2393 3366 opp.

352 3383 417 3445 (2)
435 3381 639 3433 Advers.
652 3385 904 3434 Marcion.
920 3384 1007 3434 lib.
1026 3401 1066 3444 1,
1088 3400 1194 3448 cap.
1218 3399 1296 3431 10.
1382 3402 1485 3451 pag.
1515 3384 1633 3450 377.

350 3462 418 3528 (3)
444 3463 569 3513 Ibid.
595 3481 696 3529 cap.
739 3463 817 3514 18.
1452 3465 1519 3529 (6)
1558 3462 1666 3514 Ala,
1695 3462 1906 3527 αἶγνῶμω
1938 3466 1958 3513 ὅ
1983 3463 2049 3527 μ’)
2077 3462 2217 3531 μέχρι
2235 3463 2396 3514 rov'rm

356 3546 424 3611 (4)
451 3545 532 3595 De
571 3545 741 3596 idolor.
788 3549 943 3597 vonit.
992 3546 1100 3597 edit.
1139 3544 1292 3597 Maur.
1381 3543 1532 3614 προϊᾶν
1583 3544 1819 3606 ἑκουσίως,
1868 3545 1943 3596 καὶ
1993 3547 2095 3600 ταῖς
2132 3546 2359 3611 ’φυσικαῖς
2380 3582 2394 3606 ,

278 3646 383 3696 pag.
423 3643 536 3695 227.
1382 3626 1591 3691 e'xofpcuos
1630 3625 1947 3693 α’ποὸσῖξεσιν,
1989 3629 2098 3697 βάλλ’
2136 3624 2239 3678 ου’δὲ
2269 3630 2397 3678 τοῧτο
