2502 4134
2082 123 2201 184 457

289 153 450 192 PAn'r.
497 151 586 191 111.
631 149 790 192 SBG'I'·
838 147 878 189 l.
926 151 1055 191 csr.
1097 151 1135 189 1.
1180 150 1248 189 DB
1292 149 1425 188 ΕΔΤ.
1474 147 1606 187 AnT.
1652 147 1761 185 mn.
1806 125 1994 184 SPBCT.

83 291 158 355 ad
182 292 536 375 principium
575 293 1066 353 contradictionis
1080 313 1102 361 ;
1131 302 1221 352 est
1245 311 1381 371 ergo
1402 289 1688 369 judicium
1738 289 2073 348 identicum
2094 333 2111 362 .,
2138 309 2203 347 ac

82 387 331 469 proinde
369 390 749 466 analyticum
789 411 828 447 a
859 392 1069 467 priori
1092 386 1210 468 (l).
1243 388 1383 461 Quae
1424 390 1610 464 major
1637 384 1878 468 pugna?

168 482 306 542 171.
351 484 426 543 V.
461 484 796 544 Hermesius
823 482 1046 542 nedum
1068 483 1457 541 essentialiter
1484 480 1774 539 rationem
1802 477 1876 538 ab
1897 476 2204 538 intellectu

86 577 394 658 distinguit
413 623 430 653 ,
457 577 560 638 sed
584 589 928 660 perpetuam
958 578 1114 636 inter
1145 575 1244 634 illa
1270 596 1531 657 pugnam
1552 573 1796 635 inducit.
1830 572 2165 633 Intellectus
2186 618 2203 647 ,

87 674 378 733 Kantiano
408 673 583 733 modo
604 718 622 748 .‚
654 696 776 732 non
797 684 884 733 est
914 693 1179 755 pereum
1196 671 1310 730 nisi
1330 670 1573 730 facultas
1590 681 1981 751 conceptuum
2003 715 2019 745 ‚
2044 691 2207 729 mera

86 767 325 827 facultas
340 773 671 829 necessario
691 769 1026 848 coyitandi,
1056 789 1122 827 ac
1137 778 1224 826 est
1230 788 1350 846 per
1373 788 1432 826 se
1453 764 1629 824 fallax
1648 810 1664 839 .,
1692 786 1823 847 quae
1844 764 1992 824 nihil
2014 775 2209 846 potest

84 872 277 921 tenere
309 874 376 922 ut
405 884 622 922 verum
646 883 712 923 ac
750 865 925 921 reale.
959 863 1128 920 Ratio
1148 855 1364 920 [contra
1411 872 1499 919 est
1523 863 1712 918 ‘tonica
1749 859 1988 919 facultas
2022 862 2209 919 reali-

85 962 226 1018 tatis
268 970 329 1019 et
378 963 649 1018 veritatis
662 983 686 1027 ‚·
733 979 862 1040 quae
906 957 1084 1019 debet
1129 961 1455 1017 necessario
1481 958 1784 1032 >dubitare
1823 957 1897 1018 de
1939 958 2209 1016 realitate

87 1058 362 1135 cujusque
389 1054 505 1130 rei,
538 1075 668 1135 quae
702 1052 776 1112 ab
800 1052 1106 1113 intellectu
1127 1062 1194 1111 ut
1225 1055 1408 1112 realis
1430 1050 1752 1134 percipitur
1773 1051 1894 1132 (2);
1922 1073 2054 1134 quae
2087 1049 2208 1110 sola

86 1159 280 1232 potest
317 1161 511 1209 tenere
537 1170 603 1208 ac
648 1149 963 1208 admittere
989 1148 1214 1231 aliquid
1248 1159 1315 1207 ut
1350 1149 1508 1207 reale
1541 1167 1608 1206 ac
1640 1168 1864 1206 verum.
1902 1146 2056 1221 Quid
2079 1169 2209 1207 ma·

87 1244 171 1324 gis
214 1242 887 1328 anti-psychologicum?

158 1436 176 1499 (
185 1435 224 1498 1)
259 1435 537 1485 Recolantur
581 1446 684 1485 tum
732 1452 839 1501 quae
868 1438 919 1483 in
967 1435 1110 1484 Pm-
1169 1422 1175 1429 ⁵
1262 1435 1337 1499 (2)
1369 1432 1546 1486 Statim
1575 1449 1664 1490 ao,
1711 1436 1776 1482 ait
1805 1431 2095 1494 Hermesius,
2130 1450 2212 1484 ασ-

89 1516 315 1565 notaudis
375 1518 434 1566 de
486 1518 578 1566 hoc
632 1519 859 1582 principio
922 1514 1113 1564 causali
1191 1514 1321 1576 cedit
1348 1516 1540 1581 reflexio
1553 1550 1571 1578 ‚
1601 1531 1660 1563 ac
1692 1516 1814 1564 ratio
1839 1517 2098 1582 inoestiqat
2130 1532 2211 1565 co-

84 1596 766 1661 monuimus‚num.35‚tum
784 1614 888 1665 quae
903 1598 960 1647 de
973 1600 1104 1664 prin·
1165 1598 1472 1662 r‘qitatiouem
1510 1596 1805 1655 intellectus,
1848 1614 1934 1646 ens
1973 1599 2050 1646 uti
2086 1597 2213 1646 reale

85 1682 207 1745 cipio
243 1681 416 1729 causali
443 1680 746 1730 Hermesiano
770 1684 870 1747 jam
905 1681 1102 1729 adnota-
1186 1678 1483 1727 eoehibeutem
1503 1678 1615 1744 (das
1644 1678 1941 1728 realisirende
1971 1679 2209 1742 Denken),

85 1764 239 1810 vimus
263 1762 404 1826 paulo
430 1773 537 1811 ante
552 1797 567 1821 ‚
591 1779 695 1828 pag.
729 1759 831 1829 449
849 1799 862 1822 ,
896 1773 995 1812 not.
1015 1764 1100 1826 (1).

90 1842 159 1892 Ex
187 1843 260 1891 his
290 1853 336 1891 et
359 1860 412 1892 ex
439 1843 807 1909 praecedentibus
836 1854 985 1909 potest
1007 1844 1105 1893 col-

86 1924 199 1990 ligi,
242 1928 404 1991 quanti
437 1926 702 1974 faciendum
750 1928 808 1974 sit
852 1928 1103 1987 meritum,

88 2007 215 2073 quod
246 2007 465 2056 tribuitur
494 2007 731 2056 Hermesio
770 2026 797 2056 a
831 2010 925 2056 suis
957 2018 1105 2057 secta·

88 2089 295 2150 toribus,
328 2089 455 2156 quod
483 2107 652 2156 nempe
682 2092 861 2156 primus
893 2091 1104 2139 omnium

90 2174 370 2238 principium
415 2172 607 2222 causale
656 2172 979 2239 psychologice
1026 2174 1107 2223 de-

90 2255 412 2302 monstraverit
429 2264 480 2302 ut
488 2272 592 2304 vere
607 2253 732 2302 reale
749 2255 970 2304 adversus
978 2255 1106 2304 Kan-

90 2337 224 2384 tium.
239 2333 403 2396 Quid?
435 2336 562 2402 quod
579 2336 831 2386 Baltzerius
854 2339 951 2402 ipse
973 2374 987 2397 ‚
1024 2339 1106 2403 qui

92 2434 281 2481 magnas
300 2417 360 2466 ob
380 2418 426 2466 id
444 2417 682 2468 Hermesio
701 2429 848 2484 grates
871 2419 1106 2468 habendas

90 2500 355 2566 profitetur,
382 2498 479 2566 in§
505 2497 597 2560 63,
623 2500 734 2550 fasc.
760 2517 789 2548 2
809 2503 885 2549 cit.
901 2517 1107 2567 expresse

92 2582 428 2631 ostendendum
455 2584 647 2631 assumit
678 2593 860 2648 propter
893 2584 1006 2632 alias
1032 2600 1107 2632 ra-

90 2666 239 2713 tiones
257 2702 271 2724 ,
312 2682 427 2730 quas
457 2682 554 2712 non
581 2674 646 2714 est
673 2665 813 2731 hujus
842 2665 933 2713 loci
964 2666 1106 2715 refer·

88 2762 139 2794 re
157 2782 172 2806 ‚
210 2747 527 2794 Her-mesiam
560 2746 814 2813 principia
848 2748 950 2795 sive
981 2749 1109 2795 exis-

88 2828 251 2875 teutioe
289 2828 425 2891 (vom
456 2828 608 2894 Seyn)
643 2830 744 2876 sive
772 2845 932 2878 eausae
969 2828 1106 2892 (vom

90 2907 295 2971 Grund),
323 2927 430 2974 quoe
459 2910 609 2959 veluti
627 2910 784 2959 realia.
788 2913 936 2976 prius
970 2913 1106 2960 iuve-

90 3000 256 3053 nerat,
284 3000 451 3058 postea
477 2993 535 3040 ob
559 2993 951 3059 psyokoloqioum
981 3010 1104 3042 erro-

91 3081 191 3119 rem
229 3075 357 3123 inter
400 3075 636 3142 objectum
663 3075 866 3140 formale
904 3084 950 3124 et
980 3075 1106 3124 reale

90 3154 346 3222 scientifice
385 3157 682 3222 perdidisse,
739 3165 785 3205 et
831 3157 984 3205 solum
1029 3159 1107 3205 uti

84 3229 334 3301 principia
344 3237 573 3302 formalia
588 3241 646 3286 in
671 3255 762 3286 sua
779 3238 1106 3304 metaphysica

91 3318 405 3368 construenda
427 3321 721 3370 adhibuisse.
751 3320 885 3387 Quod
915 3322 1105 3387 quidem

92 3414 273 3462 semper
296 3401 455 3451 recidit
484 3405 532 3451 in
563 3406 729 3452 vitium
756 3403 1105 3454 fundamentale

93 3477 379 3528 Hermesiani
398 3488 647 3547 systematis
664 3523 680 3548 ,
709 3486 835 3552 quod
854 3487 904 3533 in
932 3485 1104 3547 circulo

93 3577 221 3610 mere
253 3562 455 3626 formali
495 3584 548 3617 sc
587 3568 848 3634 subjective
886 3575 1103 3635 perpetuo

92 3654 308 3695 versetur.

1185 1768 1376 1808 tantum
1403 1760 1534 1808 abest
1559 1768 1615 1808 ut
1643 1762 1769 1808 ratio
1799 1759 1968 1810 debeat
2000 1760 2215 1827 amplius

1176 1857 1271 1907 pro
1313 1841 1440 1890 reali
1474 1841 1645 1890 habere
1673 1840 1799 1890 illud
1813 1877 1831 1904 ‚
1864 1843 1991 1907 quod
2028 1841 2214 1891 intelle·

1185 1933 1292 1972 ctus
1314 1925 1492 1988 ooqitat
1522 1933 1575 1972 ut
1602 1923 1728 1972 reale
1745 1958 1763 1986 ,
1794 1926 1916 1989 quin
1931 1927 2101 1991 potius
2127 1941 2214 1973 ue-

1184 2007 1390 2053 cessario
1417 2004 1636 2055 dubitare
1659 2006 1793 2055 debet
1809 2007 1867 2055 de
1885 2006 2106 2055 realitate
2121 2006 2216 2055 hu-

1171 2089 1266 2154 jus
1279 2089 1591 2153 eoqitatiouis
1604 2088 1931 2139 intellectus...
1941 2088 2108 2154 Atque
2120 2091 2215 2138 ista

1187 2168 1428 2218 dubitatio
1473 2177 1628 2236 potest
1673 2172 1841 2236 utique
1907 2169 2077 2237 repelli
2121 2187 2217 2237 per

1186 2260 1347 2299 actum
1377 2250 1640 2300 voluntatis
1671 2254 1859 2301 rationi
1893 2255 1994 2319 ipsi
2025 2262 2217 2303 contra-

1186 2332 1441 2395 dicentem,
1461 2349 1520 2381 ac
1531 2334 1743 2399 proinde
1757 2351 1918 2383 coram
1932 2337 2036 2401 effus
2054 2335 2216 2384 tribu·

1186 2415 1296 2465 nali
1311 2415 1664 2483 repudiabilem
1675 2453 1695 2479 ,
1721 2418 1805 2466 sed
1820 2434 2073 2483 nunquam
2092 2416 2213 2469 tolli.

1186 2517 1290 2564 pag.
1337 2497 1451 2549 181.
1490 2498 1645 2547 Etiam
1691 2500 1782 2548 hoc
1825 2500 1927 2549 loco
1970 2517 2216 2566 possumus

1187 2597 1434 2646 provocare
1451 2580 1510 2629 ad
1529 2582 1849 2629 testimonium
1883 2580 2078 2630 Baltzeri
2098 2619 2111 2642 ‚
2135 2584 2217 2648 qui

1187 2663 1401 2713 eamdem
1435 2662 1809 2729 psychologicam
1845 2664 2131 2730 antiloqiam
2162 2668 2215 2714 in

1186 2750 1402 2812 magistro
1418 2764 1502 2796 suo
1518 2747 1762 2797 Hermesio
1779 2751 1900 2797 inter
1925 2748 2218 2798 intellectum

1187 2839 1233 2899 et
1256 2831 1483 2878 rationem
1515 2829 1671 2893 dolet3
1703 2832 1882 2879 tametsi
1901 2832 2001 2896 ipse
2018 2848 2074 2879 ex
2102 2829 2218 2879 aliis

1179 2912 1453 2977 principiis
1490 2911 1548 2959 ad
1583 2911 1673 2959 hoc
1712 2912 1942 2961 deveniat.
1974 2910 2100 2960 Vide
2135 2929 2216 2978 op.

1187 2995 1265 3042 cit.
1297 2991 1352 3060 §S
1379 2991 1448 3042 65
1467 3029 1481 3053 ‚
1514 2990 1581 3041 66
1601 3031 1615 3054 ,
1647 2993 1729 3042 ubi
1753 2994 1957 3043 ostendit
1973 3031 1988 3056 ,
2020 2994 2218 3043 Herme-
2233 3047 2251 3066 ο

1186 3077 1307 3124 sium
1339 3073 1644 3140 locupletasse
1675 3074 1916 3124 rationem
1947 3093 2058 3124 cum
2086 3093 2217 3142 proe-

1171 3156 1371 3223 judicio
1400 3156 1667 3206 intellectus
1679 3193 1697 3219 ,
1732 3157 1848 3206 dum
1866 3175 1920 3207 ex
1936 3157 2075 3207 altera
2089 3167 2217 3224 parte

1186 3237 1479 3287 intellectum
1511 3239 1650 3288 modo
1681 3238 1941 3287 Kantiano
1968 3256 2082 3288 cum
2111 3239 2215 3288 dis-

1178 3320 1360 3386 pendio
1394 3322 1600 3369 rationis
1642 3320 1980 3387 locupletavit3
2016 3339 2069 3370 ac
2103 3340 2217 3387 prae-

1186 3414 1307 3452 terea
1339 3403 1604 3451 functiones
1631 3402 1899 3452 intellectus
1927 3421 1983 3454 ac
2005 3405 2215 3452 rationis

1188 3502 1286 3533 non
1309 3494 1407 3533 tam
1431 3483 1578 3549 loqice
1598 3484 1906 3550 distinxisse,
1939 3503 2080 3553 quam
2098 3501 2225 3552 psy-¹

1185 3564 1420 3630 oholoqice
1478 3576 1637 3616 contra
1678 3578 1895 3618 naturam
1944 3584 2098 3618 rerum
2151 3567 2211 3615 ab

1187 3652 1386 3699 invicem
1418 3667 1694 3717 separasse,
1732 3662 1813 3703 aut
1843 3653 1997 3718 potius
2020 3649 2213 3699 hostiles

1189 3731 1406 3783 effecisse.
