2502 4134
355 153 518 191 PAlt'r.
552 151 639 190 111.
683 149 829 188 SECT·
874 151 915 186 1.
964 150 1086 187 GAP.
1127 150 1166 187 1.
1204 151 1270 187 ΒΕ
1300 149 1425 189 RA‘r.
1473 151 1580 189 AM·
1622 152 1728 190 1²11).
1773 151 1955 191 SPEGT.

2085 133 2205 195 353

112 290 562 372 demonstranda
596 290 721 370 (l);
759 291 994 373 quando
1033 312 1140 352 nec
1188 293 1385 351 omnia
1427 294 1935 355 demonstrationis
1975 299 2204 380 capacia

111 399 248 449 sunt
266 433 283 463 ‚
320 398 379 446 et
406 387 455 444 si
485 406 574 444 res
603 387 683 444 ita
713 407 773 445 se
799 385 1074 462 haberet,
1115 386 1276 446 nulla
1317 408 1576 468 unquam
1613 390 1975 450 ratiocinatio
1995 436 2010 466 ‚
2041 392 2205 453 nulla

104 484 252 542 foret
289 479 573 564 possibilis
603 479 1046 540 demonstratio.

184 576 281 636 33.
331 575 397 634 40
426 576 581 635 Licet
605 574 891 635 certitudo
906 620 922 650 .‚
945 595 1080 635 cum
1103 573 1452 652 subjectivus
1473 576 1652 635 animi
1679 589 1862 639 status
1887 582 1964 640 sit
1982 626 1998 656 ‚
2026 584 2208 664 possit

103 671 343 732 relativa
374 672 551 730 etiam
578 690 700 729 esse
719 714 734 743 ,
771 669 895 728 dari
924 681 1137 729 tamen·
1155 690 1263 749 pro
1286 669 1544 729 humana
1575 672 1800 733 ratione
1827 675 1889 733 in
1915 675 2204 759 aliquibus

105 765 512 827 certitudinem
549 765 918 834 absolutam,
963 784 1089 845 quae
1129 763 1408 822 nimirum
1455 786 1563 845 pro
1613 767 1883 828 omnibus
1925 772 2209 833 certitudo

106 882 229 921 esse
267 858 475 920 debeat
495 903 510 932 ,
552 858 873 940 eademque
918 879 1152 940 prorsus
1184 852 1506 936 objectiva,
1545 881 1673 941 quae
1708 863 1920 923 scilicet
1952 865 2208 928 fallibilis

108 977 229 1016 esse
251 965 536 1037 nequeat3
573 954 731 1035 quod
757 953 856 1035 qui
894 964 1163 1032 negaret,
1201 973 1292 1012 nae
1318 952 1418 1013 ille
1446 954 1687 1029 rationis
1723 957 1899 1038 ipsius
1933 971 2205 1023 naturam

108 1071 180 1110 ex
213 1050 377 1109 dictis
422 1048 718 1108 destruere
738 1091 757 1122 ‚
794 1047 868 1107 de
911 1052 1033 1124 ejus
1072 1046 1386 1107 Conditore
1414 1048 1837 1130 sapientissimo
1877 1054 2029 1115 male
2068 1077 2208 1116 sen-

108 1146 254 1218 tire,
299 1165 363 1203 ac
407 1142 746 1202 latissimam
791 1142 1148 1222 scepticismo
1198 1164 1318 1201 non
1358 1142 1756 1225 philosophico
1799 1157 2066 1226 tantum,
2107 1150 2211 1212 sed

109 1240 284 1299 etiam
320 1236 582 1317 religioso
625 1235 778 1296 viam
814 1235 1038 1317 aperire
1072 1235 1354 1296 dicendus
1389 1247 1542 1297 esset
1569 1235 1680 1318 (2).

179 1484 244 1548 (1)
281 1482 463 1548 Optime
490 1478 543 1530 S.
574 1479 664 1528 Th.
691 1478 770 1527 De
797 1479 936 1527 verit.
967 1496 1018 1544 q.
1061 1495 1079 1526 ι
1098 1515 1112 1536 ,

108 1574 194 1614 art.
242 1580 258 1613 ι
310 1581 325 1613 z
367 1561 511 1614 Sicut
547 1562 606 1609 in
640 1559 1115 1617 demonstrabilibus,

107 1648 288 1712 inquit,
331 1650 507 1711 oportet
549 1643 663 1706 fieri
699 1642 1021 1690 reductionem
1059 1642 1116 1688 in

108 1726 270 1792 aliqua
276 1726 534 1792 principia
542 1740 632 1790 per
643 1740 691 1772 se
706 1722 966 1771 intellectui
978 1731 1089 1770 nota
1098 1758 1114 1779 ,

108 1811 178 1857 ita
211 1805 543 1871 investiqando
576 1804 696 1870 quid
720 1813 788 1853 est
814 1803 1116 1869 unumquod-

107 1906 220 1955 φορ,-
237 1888 360 1937 alias
375 1887 646 1951 utrobique,
670 1887 727 1933 in
750 1886 999 1950 infinitam
1019 1887 1115 1932 ire-

110 1980 222 2033 tur,
263 1979 307 2018 et
343 1971 413 2017 sie
439 1970 620 2034 periret
652 1969 809 2015 omnis
841 1968 1045 2015 scientia
1075 1973 1118 2012 et

109 2053 313 2118 coqnitio
345 2066 525 2098 reram.
558 2047 798 2114 Sapienter
833 2050 986 2114 itaque
1011 2046 1117 2094 Bal-

113 2135 278 2183 dinotti
297 2150 311 2182 t
331 2134 531 2181 Ratione
547 2130 764 2196 quidem,
785 2130 971 2189 scribit,
991 2145 1114 2176 sem-

106 2231 198 2281 per
222 2214 448 2262 utendum
470 2219 569 2274 est,
602 2192 980 2260 ratiocinianon
999 2225 1119 2257 sem-

106 2313 221 2362 per,·
246 2294 300 2342 id
325 2303 393 2343 est
415 2292 733 2359 impossibile5
758 2286 887 2340 basis
915 2307 1119 2355 namque

114 2384 159 2425 et
191 2375 559 2441 fundamentum
598 2374 910 2421 ratiocinium
950 2372 1121 2419 habere

116 2474 233 2525 opas
267 2466 361 2518 est,
402 2472 500 2505 non
532 2462 688 2504 autem
719 2455 772 2501 in
798 2452 893 2502 alio
922 2454 1117 2513 ratioci-

118 2543 224 2596 nio,
249 2539 373 2605 quod
391 2538 457 2586 ad
472 2553 775 2604 proqressam
795 2537 851 2584 in
869 2536 1121 2600 infinitum

116 2629 315 2687 coqeret.
357 2619 567 2684 Ali-quid
611 2620 761 2683 iqitur
797 2627 899 2678 est,
941 2617 997 2664 de
1030 2631 1122 2680 quo

117 2702 504 2752 ratiocinandum
550 2716 649 2747 non
687 2707 772 2748 est.
820 2698 910 2764 Qui
955 2698 1124 2746 deinde

121 2786 265 2850 pergit
296 2783 532 2832 ostendere
553 2819 567 2843 ‚
606 2781 716 2830 tales
749 2797 842 2829 esse
873 2781 1123 2845 primitivas

121 2869 327 2915 veritates
355 2875 454 2913 tum
483 2865 671 2912 rationis
708 2871 804 2910 tum
839 2862 977 2919 facti,
1014 2877 1126 2926 quas

123 2956 175 2995 ut
204 2964 332 2995 mens
356 2955 651 3011 assequatur,
678 2946 902 2991 rationem
929 2959 1025 2990 non
1048 2941 1127 2990 de-

124 3027 200 3076 bet
223 3043 457 3087 exercere3
479 3025 647 3074 sufficit
673 3034 723 3073 ut
744 3023 987 3090 percipiat,
1019 3040 1127 3071 cum

127 3110 176 3156 in
202 3109 290 3157 hoc
311 3109 507 3174 simplici
534 3124 588 3156 ac
617 3108 846 3171 primitivo
874 3107 1126 3170 perceptio-

130 3192 201 3238 nis
229 3191 345 3239 facto
368 3192 529 3240 veritas
558 3191 761 3254 ipsarum
789 3187 1029 3252 affulgeat,
1064 3195 1130 3233 at-

135 3287 225 3334 que
265 3270 371 3320 inde
413 3288 566 3319 earum
608 3269 832 3319 certitudo
874 3268 1130 3315 firmissima

136 3352 320 3399 oriatur.
369 3369 446 3416 op.
491 3354 568 3401 cit.
621 3368 721 3416 cap.
774 3366 801 3416 7
818 3386 832 3411 ‚
876 3348 946 3398 De
988 3364 1093 3396 vero
1110 3383 1127 3410 ‚

136 3450 241 3499 pag.
276 3426 390 3496 248.
421 3432 542 3482 Hinc
570 3436 673 3483 satis
706 3442 893 3499 apparet
925 3432 1133 3481 absurdi-

137 3526 206 3564 tas
236 3513 697 3564 transcendentalium
713 3549 730 3576 ,
761 3516 871 3580 qui,
893 3514 1005 3577 dum
1022 3513 1131 3562 nul·

139 3597 231 3644 lam
249 3592 527 3659 primitivam
545 3595 767 3661 ejusmodi
799 3596 1033 3645 veritatem
1057 3611 1134 3659 ag-

218 3688 281 3745 Τ.
326 3687 422 3745 ΙΧ.

1197 1496 1379 1528 noscere
1400 1480 1588 1543 volunt,
1607 1498 1659 1530 ac
1673 1482 2011 1551 philosophiam
2025 1524 2039 1548 ‚
2064 1507 2206 1556 quam

1197 1558 1359 1608 dicunt
1388 1558 1446 1609 V
1441 1563 1855 1628 oranssetzanqlos
1871 1601 1889 1626 ,
1924 1570 2052 1616 omni
2083 1571 2208 1619 scili-

1197 1649 1268 1687 cet
1281 1642 1472 1705 praevia
1496 1644 1822 1708 suppositione
1845 1656 2105 1709 carentem,
2131 1651 2207 1699 in-

1197 1724 1421 1787 quirunt,
1458 1734 1540 1772 aut
1576 1726 1629 1772 in
1667 1728 2007 1791 scepticismum
2035 1741 2210 1792 ruunt,

1197 1812 1276 1851 aut
1300 1803 1491 1852 demum
1514 1804 1574 1853 ad
1592 1805 1768 1871 aliquid
1795 1811 1987 1858 omnino
2001 1809 2211 1873 9'ratuito

1197 1900 1248 1931 ac
1274 1883 1398 1948 falso
1424 1888 1781 1950 supponendum
1799 1894 2052 1939 necessario
2070 1892 2210 1942 deve-

1197 1966 1364 2026 uiant,
1397 1983 1534 2031 super
1563 1984 1656 2032 quo
1684 1977 1832 2016 totum
1857 1971 2047 2034 posthac
2071 1989 2209 2022 suum

1197 2046 1566 2112 philosophicum
1591 2057 1787 2113 systema
1816 2060 2118 2103 construunt.
2143 2054 2212 2104 Ita

1198 2125 1417 2176 Fichteus
1443 2128 1502 2177 ab
1532 2128 1739 2179 absoluto
1766 2129 1874 2196 qu
1904 2136 2211 2198 supponendo

1197 2209 1428 2272 profectus
1451 2220 1545 2272 est3
1570 2210 1631 2259 ita
1651 2210 1886 2278 Schelling
1903 2214 2211 2265 intuitionem

1196 2291 1526 2340 immediatam
1538 2292 1744 2342 absoluti
1756 2298 1949 2358 gratuito
1963 2301 2204 2362 supponit;

1198 2376 1262 2422 ita
1285 2373 1426 2438 Hegel
1452 2377 1503 2422 in
1533 2376 1630 2438 ipsa
1658 2375 1761 2423 idea
1783 2376 2042 2441 subjeetum
2065 2386 2110 2425 et
2125 2379 2207 2427 ob·

1185 2457 1379 2521 jectum·
1392 2489 1410 2516 ‚
1467 2456 1672 2521 coqitare
1714 2463 1759 2502 et
1803 2473 1900 2504 esse
1939 2457 2209 2509 identificari

1202 2553 1382 2601 prorsus
1408 2535 1623 2589 admisit..
1639 2536 1708 2585 Ita
1729 2554 1755 2586 e
1778 2549 1933 2587 contra
1951 2539 2208 2606 philosophi

1202 2617 1313 2676 alii,
1344 2617 1424 2682 qui
1456 2619 1643 2665 rationis
1676 2619 1771 2665 vim
1800 2620 2087 2685 infringunt,
2116 2623 2212 2670 evi-

1203 2699 1364 2748 dentiae
1406 2701 1633 2748 intuitivae
1673 2702 1924 2764 primarum
1966 2704 2209 2752 veritatum
2288 2688 2290 2690 V

1204 2779 1522 2829 certitudinem
1562 2779 1878 2832 subtrahentes
1894 2818 1910 2844 ,
1957 2801 2059 2832 eam
2104 2802 2209 2849 gra-

1205 2864 1321 2909 tuito
1339 2878 1520 2925 prorsus
1539 2861 1755 2909 tribuunt
1782 2862 1852 2911 vel
1872 2879 1993 2911 caeco
2022 2864 2208 2913 cuidam

1204 2943 1441 2990 instinctui
1465 2974 1482 3002 ,
1512 2941 1584 2990 vel
1613 2942 1810 2991 naturali
1845 2943 2032 2991 cuidam
2067 2932 2207 3005 fidei,

1207 3023 1280 3072 vel
1304 3023 1491 3071 demum
1518 3025 1809 3072 auctoritati.-

1277 3103 1343 3168 (2)
1379 3103 1428 3152 Si
1465 3105 1613 3151 omnis
1646 3104 1847 3169 profecto
1875 3091 2098 3154 certitudo
2134 3124 2210 3156 re·

1209 3185 1356 3234 lat-iva
1387 3195 1526 3245 esset,
1553 3201 1666 3232 num
1694 3184 1849 3251 aliqua
1882 3202 1963 3250 pro
1994 3189 2210 3239 omnibus

1210 3266 1477 3316 hominibus
1497 3268 1657 3315 veritas
1674 3267 1724 3314 in
1742 3282 2036 3333 quocumque
2051 3269 2210 3320 ordine

1211 3358 1333 3397 certa
1356 3365 1408 3397 ac
1429 3347 1560 3395 firma
1583 3347 1803 3396 daretur?
1832 3346 1951 3396 Male
1983 3365 2115 3413 porro
2136 3368 2211 3400 ar-

1212 3438 1565 3495 gumentantur,
1597 3429 1677 3494 qui
1705 3427 1893 3487 dicunt,
1925 3445 2111 3479 omnem
2136 3448 2210 3479 ra-

1213 3512 1350 3559 tionis
1369 3509 1687 3559 certitudinem
1717 3525 1813 3558 esse
1839 3507 2132 3570 humanam,
2161 3512 2212 3560 in

1215 3591 1312 3642 Deo
1346 3591 1442 3642 solo
1477 3592 1589 3640 scire
1619 3599 1666 3640 et
1692 3606 1788 3641 esse
1821 3588 2092 3640 identificari
2110 3625 2125 3650 ,
2159 3607 2211 3641 ac

1892 3681 1972 3740 23
