2502 4134
205 149 355 210 582.
815 168 1015 207 masor.
1058 170 1129 206 nu
1177 168 1331 208 coms
1376 170 1738 213 rnuotoeicts

203 313 359 374 bulis
382 312 867 396 significationem
904 311 1165 382 tribuere
1186 309 1212 387 a*
1238 314 1370 394 quis
1407 334 1530 373 non
1556 313 1721 374 videt
1754 328 1900 397 quot
1933 320 2074 387 inde
2104 321 2166 378 in
2201 319 2346 399 dog-

205 422 364 470 mata
386 411 509 491 ipsa
534 408 846 469 varietates
862 453 878 484 .)
899 408 1310 489 ambiguitates
1331 456 1346 484 ,
1369 411 1777 492 ,perversiones
1799 413 1978 481 etiam
2000 414 2347 483 dimanent‘?

202 505 535 566 Praesertim
578 526 717 566 vero
748 505 858 566 hac
900 516 1109 580 aetate,
1156 527 1272 587 qua
1310 516 1400 565 tot
1439 506 1829 596 philosophiae
1862 521 2180 591 systemata
2203 558 2221 587 ,
2258 524 2349 573 tot

209 601 558 683 opinionum
594 599 805 681 placita
831 621 1176 670 communes
1199 614 1515 684 conceptus
1543 615 1878 686 totumque,
1901 627 2053 687 pene
2074 605 2347 684 dixerim‚

203 696 527 759 verborum
549 718 722 779 usum
742 718 808 756 ac
834 699 1233 780 acceptionem
1255 697 1431 780 plane
1453 721 1549 759 sus
1569 698 1761 782 deque
1786 712 2092 763 verterunt
2111 748 2126 777 .‚
2149 724 2350 768 nonne

204 792 379 852 valde
397 792 936 875 pertimescendum
971 794 1084 853 erit
1104 839 1120 870 a
1153 815 1228 854 ne
1258 795 1908 877 scriptor-umingenia,
1937 798 2049 863 nisi
2084 799 2151 857 in
2178 797 2352 861 rebus

201 889 343 949 fidei
385 888 709 949 tractandis
748 890 861 948 fixa
899 888 1097 972 aliqua
1134 898 1531 973 conceptuum
1572 912 1639 959 ac
1674 891 1993 958 verborum
2030 892 2156 974 lege
2190 900 2355 956 ,coer-

204 996 450 1046 ceantur
466 1030 483 1063 ‚
509 985 570 1043 in
587 988 890 1065 profanas
908 987 1232 1046 verborum
1257 992 1575 1065 novitates,
1603 1008 1669 1048 ac
1693 988 1755 1053 in
1779 989 1957 1055 totius
1981 1009 2153 1050 sacrae
2176 990 2355 1056 scien-

203 1084 299 1145 tiae
320 1082 764 1166 perversionem
786 1083 1119 1166 proruant?
1151 1086 1345 1167 Atque
1370 1086 1606 1150 utinam
1632 1085 1696 1151 id
1728 1108 1853 1151 non
1884 1085 2147 1151 luctuosa
2176 1087 2354 1151 nimis

202 1180 545 1246 recentioris
592 1179 779 1240 aetatis
837 1180 1205 1263 experientia
1255 1192 1575 1247 testaretur
1618 1181 1739 1263 (l)!
1793 1185 1878 1243 Ex
1928 1205 2046 1266 quo
2093 1184 2355 1247 enimin

206 1274 513 1335 nonnullis
543 1274 879 1355 regionibus
913 1276 1097 1336 latina
1128 1276 1324 1358 lingua
1368 1299 1400 1339 e
1431 1275 1769 1359 theologicis
1796 1277 2117 1361 disciplinis
2138 1324 2154 1355 ,
2180 1279 2358 1341 etiam

205 1395 238 1432 a
264 1371 600 1452 junioribus
637 1372 979 1436 erudiendis
1018 1372 1314 1449 exulavit,
1360 1374 1674 1458 neotericae
1715 1373 2101 1456 philosophiae
2145 1373 2357 1456 placita

206 1470 288 1530 ita
335 1471 400 1529 in
448 1464 771 1550 theologica
811 1471 1087 1552 dogmata
1135 1472 1542 1554 irrepserunt,
1582 1473 1663 1530 ita
1708 1471 2143 1549 imaginationis
2190 1471 2359 1533 aestui

206 1565 457 1628 habenae
487 1566 694 1626 laxatae
720 1577 895 1641 sunt,
926 1568 1007 1626 ita
1036 1567 1376 1645 simplicitas
1414 1565 1553 1625 fidei
1574 1613 1590 1642 ,
1632 1585 1763 1646 quae
1798 1565 1862 1630 in
1899 1564 2138 1626 scientia
2178 1566 2356 1627 etiam

209 1663 535 1743 theologica
577 1663 806 1723 elucere
842 1661 1022 1721 debet
1044 1706 1061 1735 ,
1096 1659 1399 1726 adscititiis
1425 1671 1516 1719 est
1542 1660 1910 1719 ornamentis
1943 1670 2003 1719 et
2032 1661 2163 1721 fuco
2193 1659 2358 1721 adul·

212 1768 436 1834 teratu,
492 1767 559 1817 ut
605 1778 812 1817 veram
859 1776 1319 1837 germanamque
1367 1753 1726 1833 theologiam
1772 1755 1985 1814 frustra
2037 1754 2354 1818 desideres,

213 1856 535 1937 Scriptores
560 1851 829 1913 invenies
849 1897 866 1926 ,
904 1851 1081 1910 etiam
1111 1850 1378 1910 doctrina
1402 1870 1469 1909 ac
1493 1849 1810 1939 Religionis
1828 1849 2023 1910 studio
2045 1853 2361 1936 caeteroqui

211 1949 489 2034 praeditos
513 1994 529 2024 ,
554 1970 807 2031 quorum
837 1946 1159 2027 theologica
1187 1968 1389 2029 opera,
1428 1946 1475 2005 si
1503 1946 1569 2004 in
1596 1938 1772 2011 aliam
1789 1968 2225 2029 quamcumque
2244 1947 2362 2008 lin-

212 2069 390 2127 guam
426 2054 770 2105 convertere
810 2054 1006 2104 tentes
1028 2088 1044 2118 ,
1092 2043 1190 2106 vix
1223 2040 1596 2104 tolerabilem
1635 2042 1895 2124 aliquem
1933 2064 2209 2118 sensum,
2250 2043 2363 2104 ho-

213 2144 569 2226 minumque
605 2141 803 2223 captui
840 2140 1115 2223 pervium
1145 2139 1375 2221 assequi
1398 2138 1644 2221 poteriS.
1676 2139 1814 2199 Haec
1839 2137 2079 2221 quidem
2106 2161 2213 2199 nos
2237 2162 2360 2200 non

213 2241 415 2302 animo
452 2259 813 2320 quemquam
844 2236 1170 2297 insectandi
1198 2235 1553 2318 proferimus
1575 2280 1591 2309 7
1634 2233 1739 2294 sed
1774 2245 2012 2294 tantum
2054 2256 2163 2317 pro
2204 2234 2365 2297 Reli-

217 2336 404 2417 gionis
446 2326 641 2410 bono,
686 2356 795 2416 pro
832 2332 1165 2414 juventutis
1217 2333 1280 2392 in
1321 2353 1490 2414 spem
1526 2330 1793 2391 Ecclesiae
1833 2329 2216 2392 adolescentis
2254 2353 2365 2392 ne·

220 2432 485 2493 cessitate
509 2477 526 2507 7
566 2452 676 2513 pro
716 2450 878 2489 sacro
913 2427 1018 2488 illo
1052 2428 1188 2489 fidei
1224 2428 1528 2510 deposito,
1577 2425 1944 2507 corruptibili
1981 2427 2187 2508 quovis
2223 2448 2365 2487 auro

222 2539 541 2609 argentove
577 2526 752 2609 longe
796 2525 1191 2609 praetiosiore7
1248 2523 1405 2606 quod
1442 2521 1684 2606 quidem
1719 2521 2026 2602 theologus
2070 2523 2317 2605 quisque
2344 2567 2362 2598 ,

293 2766 363 2831 (1)
397 2763 550 2814 Placet
574 2763 653 2812 hic
675 2780 701 2813 e
729 2761 955 2813 Baltzerio
987 2762 1252 2812 exscribere

225 2850 543 2898 testimonium
566 2845 842 2913 percelebris
859 2848 978 2895 inter
995 2845 1253 2894 Germaniae

225 2938 561 2999 protestantes,
593 2931 796 2979 historiae
828 2933 1086 2996 praesertim
1108 2932 1255 3000 scrip-

227 3019 338 3066 toris
358 3053 372 3079 ‚
406 3017 579 3065 scilicet
614 3015 742 3077 Leo,
780 3017 863 3082 qui
897 3015 988 3063 alio
1026 3016 1165 3064 etiam
1195 3030 1255 3064 ex

228 3102 379 3165 capite
399 3099 539 3148 deflet
559 3100 610 3146 in
626 3097 877 3146 Germania
894 3115 974 3148 sua
992 3115 1129 3146 usum
1151 3115 1257 3147 ver-

231 3182 410 3231 naculae
441 3181 608 3246 linguae
629 3183 679 3228 in
698 3199 768 3229 res
786 3180 1067 3246 theologicas
1094 3182 1257 3229 invec-

230 3274 331 3312 tum
353 3301 367 3324 ,
399 3264 559 3328 lingua
592 3264 732 3313 latina
753 3264 988 3313 derelicta.
1019 3255 1085 3311 Si
1110 3262 1258 3330 hujus

232 3344 383 3395 seculi
421 3347 565 3394 initio
583 3382 599 3406 ,
638 3355 892 3412 postquam
945 3344 999 3397 V
998 3346 1105 3395 aeke
1120 3380 1137 3408 ‚
1178 3346 1259 3395 De

241 3428 328 3479 W
324 3437 442 3487 ette,
488 3430 728 3477 Gesem‘us
757 3430 939 3494 aliique
970 3431 1256 3478 invexerant

232 3516 290 3559 in
314 3509 597 3575 theoloqiam
623 3512 918 3560 tendentium
940 3511 1077 3560 illam
1099 3511 1255 3559 disso-

232 3593 432 3642 lutionis
448 3628 465 3658 ‚
516 3594 747 3641 extitisset
789 3593 954 3660 aliqua
987 3594 1256 3661 prohibitio

231 3679 250 3738 (
264 3674 487 3725 Gubernii
500 3667 725 3724 nimirum
738 3678 775 3738 )‚
788 3693 847 3724 ue
859 3678 1258 3743 investt'qationes

1335 2759 1467 2821 ulloe,
1491 2778 1601 2826 quae
1631 2762 1795 2810 πατέω
1824 2777 1922 2809 esse
1943 2769 2142 2827 possent
2160 2761 2368 2809 auctori-

1336 2846 1427 2893 tati
1441 2842 1718 2893 Bibliorum
1743 2843 1881 2910 apud
1897 2842 2157 2910 populum,
2177 2858 2363 2908 qerma·

1336 2929 1447 2981 uice
1471 2926 1725 2975 ederentur
1743 2963 1760 2989 ‚
1801 2943 1859 2976 ae
1896 2926 1971 2975 lex
1994 2927 2186 2978 sancita
2215 2930 2360 2984 esset,

1337 3012 1465 3080 quod
1492 3014 1550 3061 iu
1573 3012 1815 3078 ejusmodi
1831 3009 2249 3066 lucubrationibus
2267 3007 2359 3056 lin·

1336 3113 1436 3162 qua
1470 3094 1627 3145 latina
1656 3104 1775 3147 esset
1801 3092 2108 3153 adhibenda,
2138 3090 2366 3155 quemad-

1339 3168 1536 3227 modam
1551 3182 1789 3227 anteactis
1806 3175 2097 3243 temporibus
2114 3172 2362 3233 existebat,

1338 3271 1538 3311 cautum
1568 3262 1655 3311 hoo
1685 3261 1822 3310 modo
1850 3277 1909 3309 ac
1930 3258 2216 3324 impeditum
2235 3256 2364 3321 fuis-

1341 3355 1429 3408 set,
1468 3347 1732 3411 quominus
1759 3343 1989 3393 doctrinae
2024 3340 2196 3388 talium
2220 3338 2365 3388 libro·

1339 3446 1451 3477 rum
1472 3466 1486 3491 ‚
1525 3431 1602 3478 uti
1641 3438 1709 3476 est
1755 3427 1855 3474 vita
1895 3422 2015 3472 Jesu
2050 3441 2082 3472 a
2117 3421 2365 3474 Straussio

1339 3511 1582 3575 conficta,
1599 3525 1694 3577 per
1710 3506 1934 3573 publicas
1959 3503 2281 3572 ephemerides
2307 3505 2364 3551 iu

1340 3596 1561 3641 omnium
1590 3607 1670 3655 ore
1698 3604 1756 3637 ac
1783 3588 2012 3637 manibus
2039 3594 2361 3636 versarentur.

1342 3675 1480 3743 Apud
1510 3673 1715 3735 Baltzer‚
1749 3690 1828 3738 op.
1862 3675 1939 3723 cit.
1969 3672 2083 3721 fasc.
2112 3688 2161 3733 1,
2195 3667 2223 3735 §
2253 3665 2302 3718 5.
