2502 4134
302 179 384 238 82
901 199 1102 237 raxc'r.
1152 200 1220 236 nn
1266 197 1420 235 Locis
1465 198 1854 238 Tnaorocicm.

302 346 404 407 sed
437 346 680 406 omnino
705 366 735 404 a
771 346 892 405 Deo
920 344 1301 428 repetendam
1344 365 1470 405 esse
1507 343 1838 405 doctrinam
1858 392 1874 421 ,
1905 367 2032 430 quae
2062 358 2191 406 tuto
2230 370 2335 409 nos
2366 348 2442 409 ad

302 442 518 503 coelum
563 441 874 523 perducat3
922 443 1190 525 quamvis
1241 438 1443 521 populi
1480 462 1551 499 ex
1589 440 1821 500 defectu
1863 444 2113 501 accurati
2155 445 2440 504 examinis

301 537 575 598 credendi
616 538 975 597 motivorum
1000 583 1015 611 ,
1050 537 1261 618 quibus
1306 556 1439 595 vera
1482 536 1764 597 revelatio
1805 536 1993 597 fulciri
2032 537 2244 614 debet,
2284 539 2441 599 falsis

300 632 628 692 identidem
659 633 1117 693 revelationibus
1146 631 1377 712 decepti
1408 631 1939 693 fuerint..Historia
1965 646 2164 693 autern
2185 636 2444 718 inspira-

304 729 480 788 tionis
504 751 610 787 nos
633 728 804 788 docet
825 775 839 804 ,
875 750 995 795 non
1021 751 1049 787 a
1083 727 1327 808 privatis
1346 726 1686 786 hominibus
1708 773 1723 802 .,
1752 729 1855 788 sed
1887 728 1961 788 ab
1997 729 2246 790 Ecclesia
2271 777 2286 806 7
2314 753 2443 814 quae

298 824 558 903 ejusdem
594 837 784 885 custos
822 836 882 884 et
913 823 1268 905 depositaria
1309 844 1341 881 a
1383 825 1504 882 Deo
1543 822 1859 883 constituta
1895 834 2012 899 est,
2049 827 2440 907 expetendam

302 943 428 982 esse
467 922 781 1001 genuinam
822 918 1280 991 revelationem,
1318 917 1391 976 ab
1426 939 1610 1000 eaque
1647 929 1959 1001 propterea
1996 918 2233 981 decerni
2264 946 2443 1005 opor-

298 1027 451 1090 tere,
480 1015 833 1097 quibusnam
853 1015 1060 1074 eadem
1083 1014 1247 1072 libris
1266 1015 1655 1073 contineatur.
1687 1014 1859 1087 Quod
1873 1015 2115 1075 demum
2143 1031 2442 1098 postremo

294 1110 422 1171 loco
458 1112 764 1190 adjicitur,
809 1133 929 1169 non
966 1110 1233 1170 divinam
1272 1110 1720 1191 inspirationem
1749 1112 1871 1170 sive
1913 1116 2034 1190 ejus
2065 1113 2443 1176 existentiam

299 1207 535 1289 attingit
559 1208 635 1266 de
660 1229 773 1289 qua
798 1229 1104 1288 nunquam
1131 1203 1469 1264 dubitatum
1489 1206 1551 1263 in
1577 1205 1822 1265 Ecclesia
1851 1219 1969 1281 est3
1998 1208 2100 1267 sed
2121 1209 2444 1290 peculiares

293 1303 470 1363 afficit
483 1303 904 1363 controversias
923 1304 1069 1362 circa
1093 1303 1407 1376 rationem,
1427 1323 1539 1383 qua
1558 1301 1867 1362 Librorum
1887 1325 2185 1363 sacrorum
2202 1305 2443 1389 scripto-

295 1421 388 1459 res
430 1400 696 1482 inspirati
734 1397 1012 1459 censendi
1047 1410 1220 1472 sunt3
1268 1420 1400 1480 quae
1442 1397 1683 1480 quidem
1730 1401 1964 1459 nonnisi
2006 1402 2192 1461 serius
2237 1404 2443 1483 agitari

289 1508 600 1578 coeperunt
630 1495 743 1575 (1).

1104 1687 1520 1740 PROPOSITIO
1563 1687 1635 1740 II.

301 1851 543 1931 Rey'ecta
589 1852 866 1911 Ecclesiae
919 1849 1219 1909 cathol-icae
1271 1852 1628 1906 auctoritate
1644 1891 1666 1920 ,
1714 1858 1867 1906 certo
1917 1855 2202 1907 constare*
2238 1855 2450 1928 nequit

401 1949 913 2008 prostestantibus
942 1947 1162 2005 divina
1187 1945 1516 2005 Librorum
1548 1949 1987 2005 canonicorum
2011 1947 2359 2024 inspiratio,

392 2151 526 2211 132.
577 2151 844 2208 Diximus
866 2194 881 2223 7
913 2152 1125 2226 rejecta
1169 2147 1432 2207 Ecclesiae
1454 2148 1754 2208 catholicoe
1780 2148 2156 2223 auctoritate3
2183 2149 2317 2230 quia
2344 2170 2452 2230 per

309 2247 471 2308 illam
499 2246 679 2305 solam
706 2245 1044 2303 societatem
1070 2242 1132 2301 id
1153 2242 1324 2302 nobis
1345 2256 1609 2303 constare
1634 2243 1842 2318 debet,
1870 2265 2001 2325 quae
2023 2244 2132 2303 hoc
2158 2267 2191 2304 a
2220 2244 2451 2304 Christo

308 2356 369 2404 et
395 2343 468 2402 ab
492 2340 782 2423 Apostolis
812 2340 1036 2421 accepit
1055 2385 1081 2414 ‚s
1104 2350 1168 2397 ut
1193 2338 1359 2397 filum
1385 2361 1690 2422 nunquam
1720 2342 2122 2421 interruptum
2145 2340 2299 2399 illius
2326 2353 2450 2400 tra—

308 2439 547 2499 ditionis
581 2447 1060 2507 conservaretur7
1095 2455 1221 2516 quae
1251 2433 1324 2493 ab
1353 2436 1534 2517 ipsius
1561 2435 1908 2495 fundatione
1942 2437 2228 2518 originem
2259 2435 2445 2495 duxit.

312 2535 485 2596 Nulla
524 2555 697 2616 porro
742 2531 1060 2592 acatholica
1098 2542 1291 2604 secta,
1334 2531 1544 2614 saltem
1584 2554 1655 2592 ex
1693 2533 1759 2591 iis
1800 2553 1927 2614 quae
1969 2543 2324 2613 supersunt,
2371 2533 2447 2592 ad

313 2643 545 2691 aetatem
578 2651 760 2711 usque
788 2627 1166 2710 apostolicam
1194 2627 1461 2708 assurgit.
1487 2628 1751 2686 Diximus
1779 2639 2058 2708 praeterea
2079 2672 2095 2701 ‚
2120 2638 2274 2687 certo
2296 2649 2448 2687 con-

316 2738 472 2786 stare
515 2748 635 2785 non
668 2746 866 2810 posse;
903 2725 1038 2806 quia
1075 2725 1264 2802 major
1309 2724 1576 2784 minorve
1608 2722 1988 2805 probabilitas
2028 2744 2151 2783 non
2189 2723 2449 2785 excludit

388 2977 453 3039 (1)
491 2976 716 3025 Omnium
740 2977 945 3039 primus,
972 2975 1052 3039 qui
1083 2972 1141 3021 de
1169 2974 1346 3021 ratione
1431 2971 1510 3021 sed
1542 2972 1599 3020 ad
1633 2989 1703 3021 res
1737 2982 1780 3021 et
1817 2989 1977 3021 sensus
2011 2991 2059 3022 se
2094 2977 2344 3039 porrexisse
2373 2975 2448 3024 di-
2495 3018 2502 3023 .

318 3061 631 3124 inspirationis
656 3075 743 3106 sac.
761 3057 1006 3104 Librorum
1027 3071 1163 3121 agere
1189 3057 1345 3119 coepit,
1431 3057 1587 3102 vinam
1617 3056 1965 3119 inspirationem
1992 3056 2082 3104 illis
2113 3057 2206 3106 fere
2237 3060 2345 3123 ipsis
2370 3075 2445 3106 ar-

324 3151 390 3189 est
404 3141 678 3205 Agobardus
696 3177 707 3199 ‚
734 3139 991 3204 Episcopus
1020 3137 1343 3201 Lugdunensis
1433 3138 1668 3201 gumentis
1687 3173 1699 3195 ,
1739 3136 1908 3201 quibus
1938 3140 2205 3202 posteriores
2236 3137 2448 3204 ejusdem

322 3223 475 3271 seculo
516 3240 559 3270 ix
590 3259 604 3281 ,
643 3225 693 3269 in
722 3220 890 3287 Epist.
927 3219 993 3267 ad
1033 3218 1351 3282 Fredeqisum
1434 3219 1666 3267 sententiae
1694 3218 2040 3283 adstipulatores
2077 3223 2149 3267 usi
2180 3230 2322 3279 sunt,
2356 3221 2449 3268 sol-

319 3304 535 3353 abbatem
551 3342 563 3366 ,
602 3306 682 3370 qui
719 3303 1064 3361 contendebat,
1109 3299 1341 3366 Spiritum
1425 3302 1585 3365 vitque
1609 3315 1662 3346 ea
1689 3316 1795 3364 quae
1814 3316 1872 3347 ex
1890 3299 2135 3365 Scripturis
2157 3299 2448 3367 objicieban-

321 3385 545 3436 Sanctum
580 3404 673 3434 non
705 3386 857 3434 solum
890 3402 957 3433 res
985 3394 1029 3433 et
1060 3385 1338 3438 sententias,
1426 3391 1502 3430 tur
1532 3399 1557 3429 a
1589 3380 1853 3446 Fredegiso.
1886 3381 1985 3429 Cfr.
2022 3384 2142 3430 inter
2175 3380 2277 3449 ejus
2313 3401 2448 3448 opera

323 3488 484 3520 verum
511 3471 647 3517 etiam
672 3478 716 3516 et
739 3468 920 3532 singula
941 3465 1080 3516 verba
1108 3467 1341 3530 scriptori·
1424 3466 1475 3512 in
1519 3461 1752 3513 ΒιἸιΙίοιΙιυ
1799 3460 2007 3510 Petrum
2043 3463 2100 3511 de
2151 3464 2198 3513 la
2250 3465 2442 3531 Bz'qne,

322 3554 413 3603 bus
445 3550 764 3617 hagiographis
803 3551 996 3598 dictasse
1018 3586 1032 3609 ‚
1073 3550 1166 3595 imo
1211 3557 1256 3596 et
1291 3550 1343 3595 in
1425 3544 1521 3595 vol.
1545 3560 1661 3604 xvn,
1686 3562 1789 3610 pag.
1807 3541 1904 3592 580
1921 3556 1964 3593 et
1980 3563 2112 3613 seqq.
2137 3565 2219 3597 seu
2241 3550 2353 3597 tomi
2370 3564 2416 3594 ix
2432 3583 2445 3607 ‚

324 3652 405 3685 ore
432 3636 658 3683 ‘formasse
681 3671 694 3693 ,
742 3643 791 3681 ut
831 3635 971 3681 asinae
1002 3631 1229 3680 Balaami.
1260 3629 1349 3678 Os·
1435 3646 1483 3694 p.
1514 3645 1580 3690 ιι,
1614 3627 1727 3678 edit.
1761 3625 1925 3676 Colon.
1963 3625 2108 3679 1618.

337 3717 487 3768 tendit
501 3734 636 3783 porro
654 3715 920 3782 Agobardus
939 3750 953 3780 ,
986 3732 1083 3763 non
1100 3713 1161 3762 ad
1183 3729 1318 3763 voces
1333 3749 1347 3773 ‚
