2502 4134
2039 141 2151 201 163

368 163 528 201 mur.
578 164 642 200 11.
691 161 812 201 cu.
862 160 942 200 IV.
987 162 1055 199 DE
1102 162 1389 200 SCRIPTUR.
1437 161 1596 209 SACR-
1646 161 1811 202 VBP-S.

39 319 198 367 vetus
231 317 286 365 et
317 308 558 386 vulqata
598 306 812 375 editio,
855 325 989 383 quoe
1033 307 1203 385 Ionyo
1237 315 1318 363 tot
1357 306 1716 364 saeculorum
1753 325 1870 362 usu
1918 307 1988 362 in
2020 308 2154 383 ipsa

38 404 307 463 Ecclesia
334 404 596 482 probata
633 413 739 470 est,
777 406 846 459 in
879 403 1146 479 publicis
1186 401 1566 468 lectionibus,
1611 401 2153 479 disputationibus,

30 498 582 576 praedicationibus
615 507 669 554 et
705 497 1170 575 eoepositionibus
1197 515 1316 572 pro
1357 494 1702 552 authentica
1741 496 2074 563 habeatur,
2105 506 2160 553 et

42 602 113 649 ut
143 611 321 649 nemo
355 592 529 648 illam
572 594 814 668 rejicere
843 593 1048 668 quovis
1065 599 1365 669 praetextu
1399 589 1621 646 audeat
1650 591 1737 646 vel
1752 600 2112 667 praesumat.

124 685 264 745 247.
311 682 480 758 Quod
530 705 669 746 vero
711 696 933 764 spectat
972 683 1048 743 ad
1103 682 1452 742 recentiores
1502 682 1795 742 versiones
1842 682 2159 742 Bibliorum

46 779 424 852 vernaculaS.,
469 778 585 836 duo
622 789 760 836 sunt
787 779 1055 860 apprime
1095 767 1502 856 distinguenda
1523 821 1540 852 3
1570 781 1860 836 versiones
1895 778 2163 839 videlicet

52 876 115 933 in
160 895 220 933 se
254 884 312 933 et
339 873 571 931 illarum
609 875 791 932 lectio,
830 872 1008 932 Nullo
1045 894 1306 954 unquam
1345 883 1611 953 tempore
1642 870 1940 952 prohibuit
1964 874 2163 934 Eccle-

50 971 130 1029 sia
151 1017 166 1046 ,
206 970 523 1051 quominus
560 964 858 1050 Scriptura
885 989 1044 1027 sacra
1071 967 1388 1045 inlinguas
1429 965 1769 1027 vernaculas
1810 980 2162 1043 verteretur3

51 1077 111 1126 et
138 1087 275 1124 sane
312 1063 403 1125 vel
431 1062 504 1122 ab
536 1062 678 1144 ipsis
710 1061 978 1120 Ecclesiae
1010 1059 1375 1118 incunabulis
1407 1070 1467 1117 et
1495 1059 1936 1141 insequentibus
1963 1064 2164 1123 seculis

53 1160 248 1242 plures
281 1156 560 1236 ejusmodi
595 1155 886 1215 versiones
917 1153 1039 1213 sive
1081 1154 1143 1210 in
1178 1153 1418 1212 Oriente
1445 1153 1567 1214 sive
1599 1154 1660 1211 in
1689 1153 2001 1215 Occidente
2026 1180 2166 1239 pro-

56 1255 324 1325 dierunt,
352 1273 460 1311 nec
503 1271 625 1309 sese
663 1249 775 1308 illis
800 1249 1073 1330 opposuit
1108 1247 1353 1307 Ecclesia
1381 1294 1396 1321 a
1432 1249 1553 1307 imo
1590 1248 1939 1330 quandoque
1955 1252 2042 1310 ¹eis
2064 1274 2163 1311 usa

57 1360 171 1420 est,
211 1357 275 1404 ut
300 1353 528 1406 constat
559 1344 634 1403 de
672 1342 1032 1402 versionibus
1066 1342 1316 1424 Aquilae,
1347 1343 1681 1422 Symmachi
1722 1365 1785 1403 ac
1814 1344 2163 1404 Theodotio-

56 1441 144 1499 nis
187 1440 296 1518 (l).
338 1440 523 1497 Nemo
551 1449 834 1519 praeterea
877 1448 1001 1510 est.
1041 1437 1140 1518 qui
1184 1437 1507 1511 inficietur,
1550 1437 1871 1520 plurimum
1904 1439 2166 1498 utilitatis

56 1536 115 1592 in
168 1533 422 1592 criticam
472 1532 783 1608 biblicam,
835 1531 1335 1591 hermeneuticam
1366 1541 1425 1591 et
1469 1533 1735 1612 exegesin
1790 1554 1861 1592 ex
1914 1528 2167 1616 antiquis

58 1628 417 1690 versionibus
466 1628 695 1708 syriacis
721 1673 737 1703 a
795 1627 1036 1686 arabicis
1060 1672 1077 1702 .,
1125 1627 1379 1708 coptica.,
1421 1649 1661 1687 armena
1688 1673 1704 1700 7
1750 1629 2005 1709 persica,
2053 1640 2169 1688 etc.

59 1745 401 1806 promanare
420 1769 435 1798 a
461 1724 829 1805 potissimum
854 1744 992 1782 vero
1025 1744 1096 1780 ex
1128 1722 1389 1782 versione
1410 1744 1590 1800 graeca
1618 1722 2003 1782 Alexandrina
2024 1768 2040 1795 ,
2069 1745 2170 1784 seu

61 1830 125 1876 ut
160 1819 369 1878 dicitur
400 1821 547 1878 LXX
578 1820 972 1899 interpretum
996 1816 1120 1896 (2),
1156 1816 1348 1898 quoad
1372 1816 1550 1875 libros
1599 1819 1734 1905 Vet3
1758 1819 1910 1876 Test.
1932 1863 1948 1892 ,
1989 1839 2164 1899 quam

134 2011 200 2074 (l)
238 2010 305 2058 De
333 2011 501 2075 quibus
527 2013 645 2057 inter
674 2019 845 2056 ceteros
868 2009 956 2057 cfr.
980 2008 1069 2056 Ho-

66 2093 170 2140 dius
188 2128 201 2150 ,
233 2109 312 2155 op.
338 2094 413 2138 cit.
438 2091 524 2139 lib.
554 2108 602 2139 iv
619 2128 631 2151 ‚
663 2107 764 2155 cap.
793 2107 809 2138 1
828 2126 841 2150 ,
867 2092 947 2155 qui
969 2091 1069 2138 fuse

59 2184 103 2222 et
130 2173 303 2220 erudite
324 2173 380 2220 de
403 2175 511 2235 ipsis
532 2175 725 2239 peragit,
746 2189 832 2220 nec
850 2189 946 2219 non
962 2171 1065 2219 Jac.

62 2252 582 2316 LeLong.Bibliotheca
595 2270 756 2314 sacra,
777 2253 902 2302 Paris
921 2270 938 2300 1
950 2253 1066 2316 723,

62 2348 180 2384 tom.
214 2351 231 2382 ι
250 2373 262 2393 ,
288 2351 389 2399 cap.
412 2334 441 2381 3
460 2372 474 2394 ,
505 2345 615 2382 sect.
651 2351 685 2383 ι.

130 2418 199 2480 (2)
239 2416 482 2463 innumera
501 2433 639 2479 prope
654 2424 762 2462 sunt
783 2417 1071 2463 eruditorum

63 2510 159 2546 tum
180 2499 510 2546 catholicorum
526 2507 626 2544 tum
646 2499 996 2559 protestantium
1016 2496 1073 2543 de

62 2580 201 2645 hujus
238 2581 455 2627 versionis
489 2581 695 2644 origine,
729 2588 945 2634 auctore,
982 2577 1075 2624 sive

66 2645 356 2718 auctoribuS‚
375 2666 538 2717 aetate,
561 2670 649 2707 etc.
678 2659 764 2707 sibi
791 2660 1075 2707 adversantia

62 2743 257 2809 judicia.
286 2742 457 2806 Magna
483 2759 534 2788 ex
554 2751 680 2805 parte
703 2758 754 2788 ea
772 2731 967 2805 collegit·
984 2740 1077 2787 Ho-

67 2823 193 2880 dius‚
214 2841 293 2888 op.
321 2826 402 2872 cit.
433 2825 512 2888 qui
530 2825 758 2886 praemissa
770 2823 957 2870 historia
974 2821 1076 2869 Ari-

68 2913 172 2952 steae
205 2921 344 2968 graece
374 2914 417 2952 et
451 2903 593 2952 latine
613 2940 626 2962 ‚
652 2911 750 2952 toto
774 2904 858 2951 lib.
892 2920 907 2950 1
942 2904 1076 2951 refert

69 3002 122 3033 ac
155 2987 376 3051 expendit
407 2997 647 3034 auctorum
679 2984 921 3051 utriusque
944 3002 1074 3033 com-

70 3069 297 3114 munionis
317 3067 374 3115 de
393 3065 478 3115 hac
499 3069 706 3115 versione
732 3069 854 3114 varia
875 3066 1074 3131 placita3

72 3143 157 3194 lib.
180 3163 216 3194 n
244 3165 371 3196 suam
392 3149 566 3213 profert
590 3151 863 3196 sententiam
881 3148 939 3196 de
956 3155 1077 3195 tem-

77 3240 184 3287 pore
204 3260 218 3285 ‚
260 3230 395 3278 modo
439 3247 492 3278 ac
529 3232 704 3278 ratione
726 3267 739 3289 ‚
784 3248 876 3295 qua
919 3230 1078 3277 eadem

78 3305 278 3354 confecta
295 3320 380 3358 ·est
397 3347 411 3369 ‚
450 3312 776 3376 concluditque
797 3348 810 3371 ‚
841 3329 944 3375 cap.
972 3329 998 3375 7
1035 3320 1081 3359 et

81 3402 208 3450 seqq.
241 3403 267 3434 a
292 3387 457 3440 Judaeis
479 3390 731 3442 hellenistis
762 3393 1079 3442 Alexandrinis

79 3468 218 3514 solius
234 3466 524 3523 pentateuchi
537 3478 793 3525 versionem
807 3477 1080 3524 adornatam

79 3548 251 3608 fuisse3
279 3550 462 3600 demum
490 3558 652 3609 acriter
669 3561 907 3623 impugnat
935 3557 1080 3607 Isaac.

79 3625 303 3678 Vossium
324 3667 338 3690 ,
381 3635 459 3696 qui
495 3636 544 3681 in
574 3633 732 3685 libello
771 3637 849 3686 Da
877 3638 1082 3687 transla-

1150 2011 1279 2055 tione
1308 2025 1393 2055 Lxx
1423 2009 1734 2073 interpretum
1754 2008 1882 2055 illam
1913 2010 2168 2056 versionem

1152 2090 1437 2154 probaverat.
1476 2089 1697 2137 Richard.
1735 2088 1929 2149 Simon,
1960 2093 2010 2137 in
2047 2089 2170 2137 Dis-

1152 2170 1494 2234 quisitiom‘bus
1528 2172 1713 2218 criticis
1734 2171 1790 2218 de
1812 2172 1968 2218 variis
1986 2170 2172 2219 Biblio-

1154 2269 1262 2299 rum
1288 2252 1582 2299 editionibus
1611 2240 1879 2317 (perperam
1909 2251 2033 2301 Lud.
2052 2252 2172 2317 Cap-

1155 2333 1275 2396 pello
1286 2350 1307 2380 a
1323 2333 1562 2380 nonnullis
1574 2334 1851 2396 adscriptis),
1866 2334 2015 2381 Lond.
2031 2331 2174 2396 1684,

1156 2431 1259 2477 cap.
1292 2411 1351 2461 15
1368 2450 1383 2473 ‚
1416 2424 1567 2461 censet
1582 2451 1595 2471 ‚
1617 2417 1806 2462 nomine
1827 2431 1904 2462 mxx
1925 2415 2046 2462 h'anc
2066 2432 2173 2463 ver-

1157 2499 1333 2543 sionem
1352 2497 1489 2543 fuisse
1506 2498 1768 2561 insignitam
1782 2533 1793 2551 ,
1823 2498 1953 2563 quod
1984 2497 2171 2563 probata

1159 2578 1295 2624 fucrit
1319 2596 1343 2626 a
1370 2577 1598 2643 Synedrio
1619 2616 1632 2638 ,
1669 2579 1792 2644 quod
1822 2579 2058 2628 constabat
2085 2590 2171 2628 mxx

1158 2668 1236 2705 aut
1266 2674 1386 2706 txxn
1419 2659 1657 2707 membris.
1692 2660 1867 2708 Eadem
1897 2663 1993 2727 jam
2026 2664 2173 2727 scrip-

1158 2750 1272 2788 serat
1306 2742 1356 2787 in
1389 2740 1528 2790 Hist.
1556 2743 1665 2789 erit.
1697 2741 1753 2786 V
1749 2751 1809 2791 et.
1840 2740 1885 2793 T
1881 2753 1965 2792 est.
1995 2744 2082 2792 lib.
2104 2761 2171 2802 n,

1159 2838 1262 2886 cap.
1286 2837 1336 2870 2.
1366 2821 1444 2870 Sic
1473 2822 1549 2871 alii
1580 2826 1767 2887 passim.
1804 2824 2012 2872 Attamen
2045 2843 2169 2875 non-

1158 2903 1270 2950 dum
1302 2904 1358 2951 lis
1384 2904 1514 2951 finita
1542 2915 1633 2966 est;
1662 2906 1890 2970 siquidem
1921 2907 2081 2963 doctus
2101 2907 2171 2957 De

1159 2984 1413 3050 Magistris‚
1453 2987 1503 3033 in
1539 3003 1620 3034 sua
1652 2987 1764 3035 edit.
1797 2984 1978 3035 Daniel
2002 3004 2171 3047 secun—

1158 3066 1273 3113 dum
1306 3084 1386 3114 Lxx
1420 3068 1698 3133 interpretes
1718 3105 1731 3123 ,
1769 3086 1907 3134 quam
1943 3071 2041 3134 ipse
2076 3072 2173 3134 pri-

1160 3165 1288 3197 mum
1320 3166 1373 3197 ex
1398 3148 1615 3198 Chisiano
1638 3151 1796 3198 codice
1816 3150 2021 3215 vulgavit
2037 3188 2051 3211 ‚
2075 3150 2171 3199 Ro-

1160 3248 1249 3279 mae
1275 3248 1396 3298 ¹77²
1412 3268 1425 3290 ‚
1453 3233 1540 3280 vol.
1560 3235 1610 3280 in
1632 3233 1714 3281 fol.
1740 3232 1891 3281 Hodio
1916 3235 2171 3300 ceterisque

1162 3314 1600 3378 septuagintaviralis
1610 3315 1828 3362 versionis
1840 3314 2047 3363 osoribus
2063 3332 2173 3380 apo-

1162 3394 1329 3459 logiam
1362 3397 1606 3460 opposuit,
1647 3412 1787 3461 quam
1824 3397 2032 3462 quinque
2066 3412 2171 3460 pro—

1163 3474 1265 3523 lixis
1321 3476 1729 3543 eruditissimisque
1779 3476 2173 3525 dissertationibus

1166 3556 1436 3620 complexus
1454 3567 1542 3616 est,
1565 3574 1759 3624 eamque
1776 3568 1961 3607 strenua
1972 3557 2170 3605 tutatur.

1170 3639 1289 3687 Eum
1315 3637 1480 3688 adisis.

1845 3717 1939 3773 11.
