2502 4134
2097 117 2208 178 521

407 146 571 183 PAn'l'.
619 143 703 182 111.
752 144 900 183 SECT.
946 145 983 182 l.
1032 144 1155 183 GAP.
1205 143 1275 180 11.
1324 144 1392 179 ΒΕ
1435 142 1567 181 RAT.
1620 141 1734 180 CUM
1779 142 1887 178 rm.

100 290 313 349 Notum
359 296 478 366 est,
519 283 981 369 philosophiam,
1011 281 1571 365 jurispruden'tiam,
1611 282 1878 342 scientias
1915 280 2213 342 naturales

96 401 306 460 magna
335 400 441 460 per
469 379 529 437 id
565 394 798 462 tempus
833 382 1162 439 animorum
1190 379 1565 438 contentione
1605 378 1776 437 fuisse
1806 375 2060 436 excultas
2084 376 2210 455 (1),

95 487 302 535 notum
327 474 579 556 denique
597 521 612 548 ,
643 477 838 533 omnia
863 475 1234 534 scientiarum
1264 474 1488 532 semina
1515 471 1743 551 jamdiu
1771 476 2036 553 praejacta
2060 469 2215 558 felici

95 582 235 630 tunc
273 570 434 630 exitu
481 570 669 630 evolvi
705 571 947 652 coepisse
987 592 1056 629 ex
1100 567 1418 628 universali
1454 566 1881 649 propemodum
1910 566 2214 646 regionum

94 667 358 725 omnium
401 665 786 738 commercio,
850 665 1105 745 novique
1156 662 1311 721 orbis
1342 662 1701 726 ,detectione
1759 682 1824 720 ac
1868 661 2213 720 inventione

92 759 522 842 typographicae
561 759 699 818 artis
726 760 814 838 (2)
836 804 850 833 ,
888 760 1227 866 priusquam
1258 757 1542 816 Lutherus
1572 779 1708 816 cum
1743 756 1858 815 suis
1897 755 1972 814 ad
2005 776 2212 836 pacem

92 858 334 936 Europae
379 853 840 936 perturbandam
887 855 948 912 in
993 852 1252 912 medium
1286 851 1566 933 Prodiiet
1606 852 1740 910 Sive
1772 850 1947 930 igitur
1985 850 2214 956 erupis-

92 963 180 1010 set
203 949 715 1009 Protestantismus
739 949 861 1008 sive
889 970 1045 1021 non,
1081 946 1356 1029 impulsio
1382 945 1561 1011 data’
1537 967 1663 1024 Jam
1691 945 1914 1020 fuerat,
1944 956 2004 1003 et
2033 943 2213 1004 scien-

92 1046 188 1104 tiae
215 1045 502 1104 universae
532 1042 738 1103 eodem
781 1046 1024 1101 omnino
1054 1042 1231 1101 modo
1263 1062 1579 1124 progressae
1616 1040 1897 1112 fuissent,
1929 1061 1994 1100 ac
2021 1060 2212 1121 reipsa

90 1141 373 1200 fecerunt.
410 1139 923 1199 Protestantismus
947 1150 1293 1221 propterea,
1331 1136 1405 1195 ad
1443 1136 1715 1196 scientias
1753 1156 1818 1195 ac
1841 1134 2025 1194 bonas
2056 1145 2209 1195 artes

88 1237 246 1318 quod
277 1236 523 1310 attinet,
563 1236 925 1296 elementum
966 1245 1055 1297 est
1086 1234 1262 1316 plane
1296 1235 1755 1312 heterogeneum.
1787 1231 1871 1290 Ad
1907 1253 2210 1290 summum

87 1330 557 1392 Protestantismi
599 1332 766 1410 origo
790 1330 1006 1390 thesim
1050 1341 1316 1388 'nostram
1360 1328 1601 1386 mirifice
1639 1327 1984 1401 confirmat,
2030 1326 2212 1386 fidem

85 1446 302 1506 nempe
339 1424 683 1482 catholicam
730 1434 857 1482 tum
899 1425 1118 1482 directe
1155 1435 1284 1482 tum
1337 1424 1627 1480 indirecte
1671 1422 2045 1501 scientiarum
2079 1420 2212 1503 pro-

84 1521 309 1581 vexisse
344 1538 679 1600 progressus
710 1528 770 1577 et
798 1518 1183 1576 incrementa.
1219 1519 1373 1575 Dum
1402 1517 1561 1576 enim
1592 1519 1985 1576 Protestantes
2012 1538 2211 1577 veram

85 1613 301 1673 Christi
348 1612 659 1672 Ecclesiam
697 1612 952 1694 turpiter
991 1610 1326 1671 deserentes
1371 1614 1580 1670 acriter
1619 1612 1682 1670 in
1720 1632 1850 1670 eam
1890 1612 2212 1671 insurrexe-

81 1720 223 1767 runt
244 1752 261 1781 ,
303 1708 630 1765 excitarunt
662 1706 990 1765 Catholicos
1014 1707 1088 1764 ad
1112 1708 1287 1766 avitae
1323 1706 1460 1765 fidei
1479 1751 1514 1781 ,-
1536 1729 1664 1788 quae
1686 1708 1752 1766 in
1788 1705 2064 1766 omnibus
2088 1706 2211 1767 fere

84 1800 804 1883 articulisimpugnabatur
822 1846 837 1875 ,
867 1799 1271 1860 defensionem
1288 1800 1738 1880 suscipiendam.
1769 1802 1975 1860 Omnis
1992 1803 2210 1883 quippe

87 1899 234 1956 actio
257 1908 534 1979 provocat
553 1939 570 1970 ,
598 1897 687 1954 uti
709 1895 1234 1956 animadvertimus
1250 1941 1266 1968 ,
1291 1897 1682 1971 reactionem3
1710 1918 1774 1956 ac
1789 1895 2038 1969 milites,
2064 1896 2208 1956 dum

86 2015 246 2052 arma
285 2003 588 2066 exercent,
621 1991 930 2052 validiores
965 1991 1249 2052 evadunt.

167 2088 310 2148 268.
360 2088 632 2148 Ceterum
673 2087 747 2145 ad
796 2089 1200 2167 grammaticas
1244 2089 1673 2164 institutioneS,
1723 2087 1938 2163 lexica,
1981 2087 2208 2170 aliaque

87 2183 149 2243 id
189 2205 368 2263 genus
415 2183 574 2266 quod
611 2183 824 2243 attinet
845 2229 861 2257 ,
886 2185 1153 2265 quamvis
1179 2184 1330 2244 hanc
1367 2185 1713 2246 adversariis
1742 2183 2044 2265 gloriolam
2066 2183 2208 2243 libe-

88 2457 138 2505 Ia
161 2455 462 2523 philosophie
485 2458 742 2505 anciennes
771 2459 908 2506 avait
930 2457 1106 2505 allum&

89 2537 132 2586 le
163 2538 411 2601 flambeau
453 2554 512 2586 en
559 2537 707 2587 Italic
726 2572 744 2600 ,
792 2538 1106 2604 repandirent

88 2619 222 2667 aussi
243 2618 347 2666 leur
367 2619 609 2684 influence
639 2620 960 2683 biensaisante
984 2621 1105 2668 dans

84 2701 150 2750 les
185 2707 391 2750 contrees
417 2704 647 2758 wisimar,
683 2702 1017 2769 specialement
1044 2720 1105 2750 en

85 2782 371 2849 Allemaqne
387 2822 399 2841 ,
429 2801 534 2834 vers
561 2784 610 2832 la
641 2786 714 2850 fin
738 2786 804 2834 du
830 2787 1102 2850 quinzieme

84 2865 224 2914 siecle
236 2875 279 2913 et
293 2883 359 2912 au
371 2877 768 2915 commem-emant
777 2867 844 2915 du
857 2869 1098 2916 seizieme.

88 2947 156 2996 lta
179 2950 275 3012 ipse
305 2951 469 3013 incipit
494 2959 603 2996 sect.
633 2964 687 3008 2,
711 2967 815 3014 cap.
841 2963 888 3008 1,
922 2967 975 2998 ex
997 2966 1100 2998 ver-

88 3035 214 3083 sione
240 3036 400 3099 gallica
433 3035 675 3099 Jourdan3
706 3053 897 3103 remque
921 3035 1098 3086 ibidem

90 3116 291 3174 evolvit,
347 3117 454 3165 licet
501 3117 771 3166 acatholicis
823 3119 1101 3185 praejudiciis

90 3196 265 3261 ubique
298 3199 512 3248 affectum
542 3218 589 3248 se
620 3201 804 3265 prodat.

160 3279 224 3341 (l)
260 3279 343 3328 Per
371 3282 420 3330 id
454 3293 633 3348 tempus
668 3284 845 3349 ubique
883 3283 979 3332 fere
1016 3284 1102 3332 flo-

90 3364 356 3410 rentissimae
383 3363 703 3415 Universitates
734 3367 993 3415 studiorum
1026 3368 1100 3414 in-

90 3444 255 3490 stitutae
289 3444 500 3508 fueraut3
537 3447 736 3497 celebres
773 3449 891 3496 inter
930 3457 1098 3496 ceteras

89 3525 545 3589 erantParisiensis‚
581 3529 910 3587 Lovaniensis,
944 3530 1098 3578 Bono·

91 3608 260 3655 niensis
280 3645 294 3666 ‚
339 3607 575 3659 Patavina.
625 3610 872 3661 Germania
917 3614 1097 3661 imitata

1188 2460 1337 2507 fuerat
1362 2459 1567 2518 Italiam,
1587 2469 1632 2508 et
1646 2459 1820 2507 ibidem
1838 2469 1999 2509 erectae
2013 2460 2205 2509 demum

1187 2543 1540 2602 universitates,
1585 2541 1891 2606 Tubingensis
1927 2560 2006 2591 an.
2041 2539 2165 2609 1477
2187 2579 2202 2601 ‚

1187 2624 1460 2689 Moguntina
1481 2642 1561 2672 an.
1597 2621 1722 2686 1482
1736 2661 1749 2682 ‚
1772 2622 2205 2689 Wittembergensis

1185 2726 1264 2759 an.
1316 2706 1439 2756 1502
1465 2743 1479 2766 ,
1527 2707 1819 2755 Francofurti
1863 2708 1920 2754 ad
1965 2706 2203 2755 Odderam

1185 2806 1266 2840 an.
1310 2785 1469 2850 1506,
1507 2791 1557 2837 in
1590 2789 1762 2854 quibus
1801 2790 2034 2837 recensitae
2069 2788 2205 2837 disci·
2240 2774 2243 2777 ⁵

1184 2871 1322 2936 plinae
1363 2871 1683 2919 tradebantur.
1724 2870 1822 2918 cfr.
1865 2868 2050 2928 Audin,
2105 2867 2165 2916 V
2159 2872 2206 2918 ie

1183 2953 1241 3001 de
1278 2952 1488 3013 Luffler,
1513 2954 1589 3002 ed.
1626 2956 1705 3002 cit.
1730 2953 1942 3018 preface,
1976 2970 2078 3019 pag.
2109 2950 2202 3014 28,

1183 3038 1233 3083 in
1263 3053 1357 3101 quo
1384 3038 1564 3100 egregio
1580 3052 1716 3099 opere
1736 3036 1880 3083 multa
1896 3035 2087 3101 quidem
2103 3035 2195 3083 alia

1182 3119 1389 3166 invenies
1431 3118 1490 3165 ad
1538 3117 1617 3177 id,
1664 3117 1789 3182 quod
1836 3115 2199 3201 contendimus,

1184 3199 1603 3265 comprobandum.

1253 3282 1317 3346 (2)
1353 3280 1471 3329 Nam
1503 3291 1546 3329 et
1573 3281 1672 3329 haec
1703 3282 1911 3329 inventio
1936 3279 2203 3329 Catholico-

1182 3379 1288 3410 rum
1320 3373 1421 3423 est,
1455 3378 1509 3410 ac
1531 3363 1736 3427 primum
1765 3379 1881 3427 opus
1902 3364 2028 3430 typis
2055 3378 2199 3410 excu-

1183 3462 1286 3492 sum
1329 3445 1419 3492 fuit
1460 3443 1696 3508 Scriptura
1745 3460 1872 3493 sacra
1919 3461 1998 3493 an.
2054 3440 2198 3504 1450.

1181 3529 1282 3578 cfr.
1314 3529 1608 3593 Tiraboschi,
1647 3526 1814 3582 Storia
1855 3512 1976 3577 della
2017 3527 2201 3575 lettera-

1181 3619 1291 3660 ἑυνα
1313 3611 1542 3675 italiana,
1567 3622 1681 3661 tom.
1699 3628 1767 3675 vi,
1789 3612 1869 3661 lib.
1881 3628 1919 3671 ι,
1940 3609 1993 3677 §ss
2008 3626 2085 3676 27,
2110 3606 2195 3659 28.
