2502 4134
288 121 410 185 284

886 149 1100 190 TRAGT.
1146 155 1215 191 DE
1258 156 1410 195 Locls
1451 160 1824 204 Tnssotomcls.

290 294 489 352 sinum
527 314 699 352 suum
741 294 863 374 ipsa
904 310 1296 379 cooptaverat.
1341 303 1496 364 Licet
1533 329 1708 387 porro
1751 312 1981 395 aliqua,
2024 331 2125 377 aut
2154 321 2201 377 si
2238 323 2419 401 magis

286 388 455 448 lubet
474 434 490 462 ‚
516 410 724 468 magna
747 391 925 450 etiam
948 393 1229 456 doctrinae
1252 419 1387 478 pars
1407 445 1422 473 7
1452 422 1580 481 quae
1610 405 1868 484 primum
1898 411 2026 472 viva
2051 413 2419 476 solummodo

285 504 431 545 voce
458 485 812 544 annunciata
851 487 1075 558 fueratq
1117 513 1383 552 successu
1420 500 1700 577 temporis
1729 501 1864 561 data
1909 510 2204 570 occasione
2244 523 2419 593 atque

243 592 245 595 ’
285 578 503 659 Spiritu
530 580 585 636 S.
619 579 942 662 inspirante
963 630 979 655 5
1009 585 1083 644 ab
1119 589 1156 646 A
1167 589 1405 668 postolis
1446 594 1865 679 nonnullisque
1888 620 2092 691 eprum
2123 605 2418 690 discipulis

283 674 501 756 scripto
526 677 859 756 consignata
882 681 983 756 sit3
1013 694 1409 765 praeterquam
1434 688 1592 768 quod
1609 734 1626 764 ,
1643 702 1718 766 ,ιιι
1742 714 1846 752 suo
1875 693 2001 756 loco
2025 701 2410 777 ostendimus,

282 767 408 828 haec
439 792 669 853 quoque
694 773 817 855 ipsa
847 777 1062 858 scripta
1093 782 1297 857 quoad
1317 804 1424 841 nos
1450 784 1709 846 Ecclesiae
1737 789 2010 870 suffragio
2035 793 2380 875 indigebant
2400 845 2416 872 ,

283 875 352 922 ut
390 876 676 947 tanquam
715 872 991 932 canonica
1034 885 1094 932 et
1138 875 1417 957 inspirata
1464 879 1585 941 vim
1630 880 2012 962 obtinerent,
2066 911 2186 948 non
2221 903 2422 954 tamen

282 963 530 1021 cessavit
568 964 827 1026 Ecclesiae
871 969 1206 1049 praedicatio
1246 985 1306 1032 et
1347 976 1744 1053 magisterium
1777 981 1946 1052 ideo,
1990 987 2149 1066 quod
2192 988 2419 1050 nullum

282 1076 354 1115 ex
389 1056 456 1114 iis
486 1058 712 1141 scriptis
739 1082 947 1145 capere
983 1065 1411 1128 detrimentum
1439 1073 1652 1152 potuit.
1687 1076 1813 1135 Imo
1838 1080 2121 1162 scriptum
2151 1083 2262 1143 hoc
2289 1108 2424 1146 ver-

279 1148 426 1211 bum
450 1154 634 1214 vitam
658 1201 675 1231 7
701 1169 769 1221 ut
798 1159 877 1218 ita
900 1158 1110 1243 loquar
1131 1209 1146 1237 ,
1176 1185 1207 1222 a
1226 1167 1352 1244 jugi
1374 1167 1644 1230 Ecclesiae
1671 1173 2003 1252 magisterio
2035 1198 2100 1236 ac
2128 1178 2260 1239 viva
2283 1203 2423 1244 voce

281 1245 540 1310 obtinuit
564 1263 624 1312 et
649 1251 910 1329 obtinet3
955 1256 1029 1316 ab
1069 1257 1176 1318 hoc
1211 1265 1335 1338 ejus
1371 1285 1574 1324 sensus
1609 1265 2078 1347 determinatur,
2119 1286 2178 1334 et
2209 1274 2284 1335 ab
2317 1277 2423 1338 hoc

278 1346 610 1428 completur
637 1351 832 1432 quoad
858 1373 925 1412 ea
946 1398 962 1428 a
994 1374 1121 1435 quae
1144 1353 1356 1417 litteris
1387 1361 1666 1421 mandata
1699 1386 1819 1423 non
1847 1379 2007 1427 sunt.

359 1441 503 1502 428.
552 1446 679 1519 Quo
711 1448 812 1522 fit,
860 1460 926 1507 ut
977 1451 1039 1508 1⁰
1084 1450 1204 1511 haec
1244 1453 1648 1518 instrumenta
1689 1460 1877 1520 solum
1925 1463 2044 1523 vim
2071 1465 2329 1527 habeant
2361 1470 2423 1528 in

276 1537 535 1599 Ecclesia
574 1563 606 1600 a
654 1541 887 1607 Christo
926 1545 1195 1606 instituta
1217 1594 1232 1622 7
1267 1570 1369 1609 seu
1419 1551 1476 1609 in
1517 1553 1636 1612 sola
1667 1556 1909 1617 Ecclesia
1946 1560 2263 1639 catholica,
2295 1586 2426 1647 quae

278 1633 497 1695 scilicet
516 1636 579 1695 in
608 1636 867 1719 legitima
890 1640 1129 1702 illorum
1157 1647 1523 1725 possessione
1548 1661 1637 1709 est
1658 1696 1674 1725 .,
1705 1673 1737 1710 a
1763 1675 1874 1734 qua
1905 1654 2156 1717 haeretici
2189 1661 2425 1741 penitus

273 1729 637 1792 exciderunt.
683 1736 987 1812 Haeretici,
1032 1741 1260 1799 sectarii
1295 1763 1538 1818 omneS,
1579 1767 1680 1806 seu
1708 1749 2012 1811 acatholici
2044 1776 2165 1813 non
2204 1755 2428 1817 habent

272 1825 387 1885 nisi
411 1826 672 1890 litteram
695 1876 713 1901 .,
743 1853 872 1914 quae
896 1834 1137 1910 occidit7
1166 1859 1289 1896 non
1314 1851 1513 1899 autem
1542 1843 1846 1923 spiritum,
1873 1848 1972 1928 qui
1999 1851 2271 1912 vivificat.
2297 1856 2423 1926 Quo

274 1937 629 2004 argumento
643 1932 770 2006 jam
799 1942 967 1990 aetate
996 1953 1098 1991 sua
1127 1933 1522 1995 Tertullianus
1555 1939 1941 2001 vehementer
1967 1942 2266 2006 haereticos
2292 1970 2429 2009 exa-

274 2018 499 2099 gitabat
527 2042 732 2084 omnes
751 2070 767 2100 ,
800 2038 859 2086 et
885 2039 973 2086 est
1005 2049 1243 2109 prorsus
1271 2031 1562 2093 invictum
1591 2035 1703 2115 (1).

344 2215 409 2279 (l)
440 2216 513 2264 En
533 2217 803 2267 Tertulliani
829 2219 995 2278 verba,
1020 2222 1190 2286 quihus
1217 2242 1298 2288 ap-

270 2301 421 2363 prime
446 2314 550 2364 quae
577 2303 904 2351 constituimus
924 2304 1261 2353 confirmantur
1282 2323 1294 2354 t

1382 2227 1605 2273 mercedis
1623 2231 1929 2287 repromissor
1945 2265 1959 2285 ,
1993 2234 2107 2290 quid
2135 2238 2270 2290 esset,
2294 2237 2409 2293 quid

1381 2302 1565 2358 fuisset,
1590 2317 1731 2361 quam
1758 2306 2043 2351 voluntatem
2064 2307 2227 2354 Patris
2257 2311 2409 2355 admi-

271 2377 398 2438 Erqo
427 2393 521 2426 non
553 2382 616 2426 ad
649 2381 921 2441 Scripturas
952 2388 1299 2443 provocandum

271 2459 337 2500 est
344 2469 358 2507 ,·
381 2469 460 2502 nec
482 2458 534 2502 in
554 2459 627 2503 his
647 2461 1018 2506 constituendum
1044 2466 1296 2518 certamen,

268 2533 323 2577 in
349 2534 516 2592 quibus
544 2540 628 2581 aut
659 2538 814 2592 nulla,
846 2543 930 2583 aut
952 2540 1132 2584 incerta
1152 2541 1298 2585 victo-

266 2610 347 2654 ria
369 2615 458 2665 est,
491 2616 575 2656 aut
599 2626 694 2670 par
725 2614 966 2659 incertae...
994 2613 1119 2660 Ordo
1139 2629 1300 2660 rerum

270 2687 564 2734 desiderabat
598 2690 720 2734 illud
751 2692 890 2748 prius
914 2693 1141 2749 proponi,
1175 2694 1298 2750 quod

267 2775 391 2809 nunc
431 2765 579 2809 solum
622 2767 959 2824 disputandum
999 2772 1080 2812 est.
1123 2767 1298 2822 Quibus

266 2845 490 2899 competat
510 2844 620 2900 fides
642 2845 769 2902 ipsa5
795 2843 936 2903 Cujus
957 2851 1067 2890 sunt
1087 2845 1299 2905 Scriptu-

268 2930 350 2971 τως
369 2917 406 2963 Α
428 2932 516 2977 quo
535 2924 577 2964 et
589 2934 675 2977 per
689 2935 824 2979 quos,
845 2926 887 2965 et
904 2923 1111 2979 quando,
1134 2928 1177 2967 et
1194 2925 1318 2981 qui·-⁴

270 2982 351 3038 bus
392 2996 454 3039 sit
498 2997 679 3040 tradita
721 2996 1005 3055 disciplina,
1049 3012 1142 3056 qua
1177 3001 1297 3056 flunt

269 3070 542 3126 christiani;
565 3072 645 3116 ubi
667 3074 790 3117 enim
812 3075 1090 3132 apparuerit
1112 3088 1202 3119 esse
1223 3089 1298 3120 ve-

268 3145 482 3202 ritatem,
514 3152 556 3191 et
579 3149 836 3207 disciplima
869 3154 911 3194 et
939 3150 1047 3207 fidei
1077 3150 1297 3196 christia-

268 3233 368 3275 nae,
399 3222 497 3266 illic
529 3224 619 3268 erit
650 3226 826 3270 veritas
863 3223 1219 3284 Scripturarum
1254 3231 1297 3271 et

270 3297 609 3353 eoepositionum
651 3305 694 3344 et
733 3303 942 3347 omnium
983 3302 1296 3347 traditionum

270 3372 654 3419 christianarum.
680 3375 893 3423 Christus
922 3377 1052 3423 Jesus
1072 3378 1297 3423 Dominus

269 3452 449 3504 noster,
480 3451 725 3507 permittat
754 3454 903 3499 dicere
926 3455 1142 3510 interim,
1171 3456 1298 3512 quis-

270 3526 375 3584 quis
396 3529 482 3580 est,
514 3526 835 3587 cujuscumque
855 3531 939 3576 Dei
958 3532 1111 3589 filius,
1142 3531 1297 3588 qu'us-

270 3616 461 3662 cumque
488 3606 696 3650 materiae
727 3607 858 3652 homo
888 3613 930 3654 et
954 3609 1072 3655 Deus
1091 3643 1103 3663 ‚
1142 3609 1297 3666 cujus-

270 3693 463 3742 cumque
502 3682 611 3738 fidei
653 3688 906 3742 proeceptor
923 3720 934 3739 ,
979 3685 1297 3744 cujuscumque

1382 2377 1632 2433 nistraret,⁴
1658 2380 1778 2437 quod
1807 2381 1985 2446 homini
2014 2386 2238 2442 agendum
2262 2386 2410 2432 deter—

1383 2456 1612 2511 minaret,
1637 2459 1863 2515 quamdiu
1881 2460 1933 2504 in
1952 2462 2091 2505 terris
2107 2462 2270 2520 ayebat
2282 2498 2294 2518 ‚
2314 2464 2410 2521 ipse

1378 2533 1746 2590 pronuntiabat,
1781 2535 1876 2580 sive
1900 2538 2072 2594 populo
2097 2539 2281 2595 palam,
2313 2540 2409 2585 sive

1383 2609 1663 2654 discentibus
1693 2624 1919 2668 seorsum;
1950 2626 2007 2657 ecc
2029 2614 2214 2671 quibus,
2239 2615 2409 2660 duode-
2445 2672 2452 2679 .

1382 2685 1473 2729 cim
1499 2687 1760 2744 praecipuos
1783 2688 1922 2732 lateri
1943 2702 2025 2733 suo
2047 2690 2284 2748 adleyerat
2309 2691 2409 2735 des-

1385 2762 1558 2806 tinatos
1593 2763 1865 2808 nationibus
1905 2766 2205 2823 magistros...
2238 2766 2408 2812 Statim

1382 2837 1534 2895 iyitur
1570 2836 1779 2894 Apostoli
1831 2837 1844 2898 (
1867 2853 1979 2897 quos
2025 2841 2117 2886 hoec
2159 2843 2408 2899 appellatio

1381 2912 1541 2957 missos
1563 2912 1931 2975 interpretatur)
1955 2920 2186 2974 assumpto
2204 2930 2289 2974 per
2308 2931 2409 2962 sor-

1385 2994 1472 3034 tem
1494 2990 1759 3035 duodecimo
1781 2991 1984 3036 Matthia
2005 2994 2058 3036 in
2081 2993 2227 3037 locum
2247 2992 2379 3039 Judae
2393 3030 2404 3050 ,

1382 3077 1439 3109 ea·
1456 3065 1735 3109 auctoritate
1744 3067 2048 3125 prophetioe.,.
2059 3070 2285 3113 consecuti
2296 3082 2408 3126 pro-

1381 3141 1569 3184 missam
1597 3141 1692 3199 vim
1715 3139 1922 3198 Spiritus
1943 3141 2104 3187 Sancti
2126 3144 2188 3187 ad
2210 3144 2407 3188 virtutes

1382 3220 1425 3262 et
1447 3217 1697 3274 eloquium,
1721 3218 1875 3274 primo
1894 3232 1978 3275 per
1998 3217 2208 3263 Judaeam
2235 3225 2408 3266 contes-

1386 3296 1486 3338 tata
1505 3293 1593 3350 fide
1614 3293 1667 3337 in
1683 3292 1835 3337 Jesum
1854 3292 2111 3348 Christum,
2135 3299 2177 3339 et
2193 3294 2408 3341 Ecclesiis
2438 3287 2443 3291 ⁴

1383 3370 1637 3424 institutis,
1650 3370 1812 3414 dehinc
1827 3371 1879 3414 in
1893 3371 2045 3415 orbem
2059 3373 2274 3429 profecti,
2288 3387 2409 3418 eam-

1382 3447 1484 3491 dem
1505 3446 1768 3490 doctrinam
1790 3445 1989 3503 ejusdem
2010 3449 2118 3504 fidei
2139 3449 2409 3495 nationibus

1377 3522 1822 3581 promulyaverunt‚
1867 3527 1910 3567 et
1947 3525 2147 3581 proinde
2185 3525 2409 3570 Ecclesia-3
2479 3528 2481 3530 ’

1383 3598 1510 3656 apud
1531 3610 1674 3643 unam
1696 3599 1986 3657 eamdemque
2001 3601 2237 3645 civitatem
2252 3601 2408 3646 condi-

1384 3674 1577 3729 derunt,
1611 3686 1642 3718 a
1674 3673 1837 3732 quibus
1872 3676 2107 3722 traducem
2133 3677 2241 3733 fidei
2273 3682 2315 3721 et
2341 3690 2406 3721 se-
