2502 4134
240 211 247 219 ι
283 163 443 199 nar.
488 161 579 197 ιιι.
626 158 776 196 secr.
824 161 864 195 1.
914 160 1037 197 cu.
1080 160 1119 199 1.
1164 161 1231 197 nn
1275 161 1405 197 aar.
1456 162 1584 197 Aur.
1629 160 1751 208 mn.
1779 160 1960 199 srac‘r.
2051 143 2169 203 417

151 303 284 363 128.
330 304 461 379 Jam
500 322 633 362 vero
662 299 1062 381 pantheismus
1084 345 1100 374 ,

1143 299 1251 359 sub
1280 301 1484 382 quovis
1513 301 1752 382 triplicis
1775 301 1947 380 hujus
1971 303 2167 365 formae

65 408 328 478 respectu
373 395 802 470 consideretur,
851 416 971 453 non
1023 394 1293 454 obstante
1344 396 1740 455 enthusiasmo
1789 418 1856 456 ac
1905 398 2168 478 religioso

66 493 308 566 affectu,
348 491 409 548 in
442 511 616 571 quem
646 490 942 549 interdum
970 488 1203 550 videtur
1251 510 1559 571 erumpere
1580 536 1596 562 ,
1642 484 1860 553 directe
1900 492 2060 553 ducit
2090 494 2166 555 ad

66 587 516 647 destructionem
562 585 774 645 divinae
820 596 1078 657 naturae,
1120 582 1484 665 proindeque
1521 595 1581 644 et
1613 586 1687 645 ad
1724 587 1859 647 fidei
1894 590 2164 671 impossi-

62 681 367 740 bilitatem.
426 681 575 738 Hinc
625 680 819 742 omnia
859 689 1165 758 systemata
1214 678 1593 759 pantheistica
1642 679 1812 758 hujus
1871 685 2052 742 aetatis
2101 686 2163 744 in

63 777 377 835 Germania
406 787 462 833 et
500 776 562 833 in
587 774 782 832 Galliis
817 771 884 832 eo
912 773 1151 832 demum
1187 772 1439 856 tendunt
1457 819 1472 847 ,
1504 785 1570 832 ut
1595 763 1963 835 considerent
1991 778 2164 838 Chri-

63 871 427 929 stianismum
463 878 741 951 tanquam
772 868 878 927 Dei
920 867 1449 927 manifestationem
1472 913 1487 942 ,
1525 889 1653 949 quae
1688 873 1813 947 jam
1853 875 2159 952 praeteriit,

63 976 128 1023 ut
156 964 345 1023 locum
369 964 536 1023 cedat
564 983 729 1023 novae
753 962 1204 1022 manifestationi
1230 962 1445 1022 divinae
1467 964 1799 1044 perfectiori
1821 1010 1836 1038 ,
1875 966 2162 1028 hominis-

63 1080 175 1141 que
201 1059 535 1139 indigentiae
564 1059 743 1138 magis
770 1056 1238 1116 accommodatae.
1277 1057 1494 1116 Veritas
1518 1079 1748 1140 semper
1775 1058 2004 1119 mobilis
2036 1076 2156 1139 est,

63 1154 218 1214 varia
233 1165 291 1214 et
309 1153 685 1234 progressiva.
718 1151 935 1241 Religio
955 1152 1121 1212 novis
1147 1152 1516 1213 conti-neuter
1539 1152 1738 1212 formis
1755 1155 2017 1215 induitur
2039 1157 2150 1238 (1).

56 1429 248 1494 sophicis
267 1429 659 1495 neo—germanicis
671 1462 684 1485 ‚
703 1444 756 1476 ex
772 1427 1064 1492 mythicismo

55 1526 108 1558 ac
123 1508 457 1574 symbolismo'‚
482 1525 535 1556 ex
566 1508 885 1556 materialismo
901 1525 953 1556 ac
968 1510 1061 1571 spi-

53 1590 305 1638 ritualismo
342 1589 583 1638 conflatus.
628 1588 736 1654 Quae
775 1589 833 1638 de
877 1591 966 1637 vita
1009 1605 1063 1637 ac

52 1671 312 1720 evolutione
341 1671 660 1732 humanitatis,
685 1671 742 1719 de
759 1673 985 1720 infinitate
1007 1688 1061 1719 ac

50 1755 301 1800 aeternitate
331 1753 529 1809 mundi,
564 1763 659 1802 ete.
694 1751 870 1801 ibidem
907 1753 1056 1816 prose-

51 1844 240 1891 runtur‚
268 1851 437 1898 purum
467 1833 672 1882 redolent
698 1834 1055 1897 pantheismum.

53 1915 177 1964 Vide
203 1919 447 1980 praesertim
478 1916 610 1963 artic.
644 1914 765 1963 Ciel.
799 1914 983 1980 Optime
998 1915 1055 1964 L.

51 1999 255 2057 Monta,
300 2008 454 2046 auctor
496 1996 673 2047 articuli
718 2000 837 2046 circa
882 2015 996 2062 opus
1039 2015 1054 2045 :

49 2066 233 2129 Etudes
265 2098 349 2128 eur
382 2080 424 2128 le
465 2080 632 2127 Timee
666 2079 723 2127 de
759 2079 937 2127 Platon
956 2095 1057 2145 par

50 2165 135 2211 M.
167 2163 330 2210 Hem-i
358 2159 573 2218 Martini,
614 2162 737 2209 Paris
779 2160 897 2224 1841
924 2199 936 2221 ,
978 2165 1052 2210 in-

51 2247 154 2291 serti
184 2243 515 2307 Bibliotheque
545 2242 823 2290 universelle
859 2243 916 2290 de
956 2242 1052 2291 Ge·

48 2327 192 2386 neve,
229 2343 280 2373 n.
315 2325 411 2391 73,
446 2324 633 2373 Janvier
671 2322 794 2387 1842
817 2359 830 2385 ‚
863 2325 1053 2373 adnotat

48 2407 104 2454 de
121 2407 428 2471 pantheisticis
443 2406 618 2471 placitis
632 2408 878 2454 universim
897 2404 1051 2454 :Touo

46 2505 119 2536 ces
145 2489 388 2552 systema,
414 2487 554 2552 qu’on
581 2487 646 2535 les
665 2503 852 2553 prenae
878 2490 971 2535 soit
991 2504 1050 2534 en

47 2568 326 2633 Allemayne
339 2603 355 2628 ,
394 2571 485 2618 soit
517 2585 577 2616 en
609 2558 801 2617 Franco
818 2604 833 2628 ,
869 2571 962 2618 soit
990 2586 1050 2617 en

46 2649 199 2714 Heqel
220 2667 282 2698 ou
304 2650 427 2698 dam
457 2651 538 2700 M.
570 2651 790 2712 Leromc,
820 2660 901 2699 ont
922 2668 1051 2718 pour

36 2734 178 2797 point
197 2732 255 2780 de
279 2732 445 2797 depart
471 2742 568 2780 une
595 2731 866 2800 hypothese,
901 2743 944 2780 et
974 2751 1047 2780 re-

36 2822 206 2879 peseni
233 2831 320 2862 eur
342 2831 409 2861 un
426 2814 584 2878 fait...
602 2831 689 2878 que
714 2814 754 2864 le
764 2815 862 2878 fini
875 2824 919 2863 et
939 2814 1048 2862 l’in-

39 2896 135 2959 fini
146 2912 206 2944 ne
216 2898 464 2944 eauraient
474 2898 648 2944 ozi-ister
657 2913 717 2944 en
727 2898 874 2944 meme
883 2905 1044 2962 tempe.

43 2975 173 3041 Quod
189 2980 464 3043 principium
480 2979 754 3042 pantheismi
773 2979 1047 3027 fundamen-

44 3067 141 3105 tum
155 3095 176 3118 ‚,
196 3069 247 3106 ut
269 3071 429 3107 notum
463 3070 530 3108 est
550 3098 562 3117 ‚
594 3062 842 3109 constituit.

106 3140 174 3203 (1)
209 3141 310 3190 Uno
331 3142 470 3191 verbo
488 3179 501 3201 ,
533 3145 748 3191 neoterici
777 3146 850 3190 isti
879 3143 1044 3190 huma-

40 3220 198 3268 nitatis
226 3224 540 3273 instauratores
566 3242 619 3273 eo
648 3234 855 3288 spectant
873 3261 886 3282 ‚
919 3234 970 3272 ut
986 3224 1044 3271 ad

40 3317 206 3348 novam
225 3303 583 3366 philosophiam,
613 3323 785 3353 novum
815 3306 1042 3353 bonarum

39 3385 207 3431 artium
234 3400 376 3445 genus
393 3421 408 3444 ,
435 3404 601 3435 novam
630 3391 886 3436 societatem
907 3423 920 3448 ‚
957 3405 1041 3434 no·

38 3480 142 3511 vam
162 3464 851 3528 religionem,christianismum
876 3486 1042 3533 nempe

37 3544 449 3603 humanitarium,
489 3553 729 3600 creandam
754 3554 1038 3616 perveniant.

39 3626 199 3676 Horret
240 3639 369 3692 porro
410 3633 591 3680 animus
623 3635 790 3684 referre
827 3634 1043 3698 blasphe-

115 3709 179 3766 T.
231 3709 326 3766 IX.

1147 1429 1260 1473 mias
1278 1462 1290 1484 ‚
1312 1443 1435 1495 'quae
1462 1429 1514 1475 in
1544 1425 1830 1493 Religionem
1857 1430 2156 1481 christianam

1144 1507 1203 1554 ab
1240 1510 1336 1555 istis
1379 1510 1528 1556 evomi
1565 1509 1730 1559 solent.
1762 1508 1982 1558 Auctores
2017 1511 2155 1562 Novae

1143 1588 1520 1655 Eneyclopediae‚
1550 1592 1631 1656 qui
1656 1593 1706 1638 in
1727 1590 1986 1639 traditione
2012 1595 2154 1642 vitam

1142 1672 1440 1721 humanitatis
1477 1671 1736 1733 collocant,
1775 1673 2045 1722 historicam
2077 1677 2154 1723 in-

1139 1763 1262 1803 terea
1310 1753 1542 1809 veritatem
1586 1755 1859 1809 destruunt.
1904 1758 2152 1821 omniaque

1140 1837 1314 1903 mythis
1353 1836 1669 1902 symbolisque
1714 1836 1971 1901 complent.
2014 1836 2153 1886 Chri-

1138 1919 1331 1965 stianam
1346 1916 1629 1981 Religionem
1649 1936 1672 1964 a
1697 1918 1934 1966 connubio
1960 1928 2146 1967 enatam

1137 2015 1232 2046 esse
1258 2001 1388 2046 aiunt
1408 1998 1716 2047 orientalium
1738 1999 2011 2063 doqmatum
2034 2016 2145 2047 eum

1137 2096 1294 2145 qroeca
1321 2080 1626 2146 philosophia
1646 2118 1661 2144 ‚
1707 2092 1790 2130 art.
1832 2080 2142 2142 Akmondre,

1135 2172 1250 2210 tom.
1286 2179 1302 2208 1
1322 2199 1334 2220 ‚
1363 2179 1468 2227 pag.
1499 2160 1630 2225 2643
1665 2166 1778 2211 item
1809 2164 2147 2211 ethnicismum

1133 2242 1431 2291 incunabula
1446 2243 1655 2307 eJ‘uedem
1676 2245 1856 2307 fuisse,
1889 2256 1974 2293 art.
1994 2246 2148 2293 Aria-

1132 2325 1316 2383 nisme,
1355 2333 1473 2373 tom.
1508 2339 1553 2383 ι,
1585 2343 1688 2389 pag.
1723 2323 1839 2374 811.
1868 2325 1990 2373 Alibi
2021 2324 2146 2374 clare

1131 2406 1385 2454 decernunt
1404 2422 1419 2453 ε
1437 2405 1514 2453 La
1526 2404 1827 2471 philosophie
1855 2423 1886 2453 a
1911 2405 2144 2472 triomphe

1130 2486 1197 2532 du
1237 2486 1594 2534 christianisme
1637 2503 1698 2543 en
1740 2486 2022 2551 Panaque-ant
2048 2504 2148 2552 par

1129 2583 1214 2614 eon
1244 2569 1339 2615 cote
1359 2566 1511 2631 faible
1524 2602 1540 2627 ‚
1582 2567 1877 2616 dest-&dire
1896 2604 1911 2628 ,
1944 2584 2006 2616 en
2025 2567 2139 2633 pul-

1129 2651 1342 2698 verieam
1372 2665 1444 2696 ees
1481 2649 1662 2713 mythos
1692 2658 1736 2697 ee
1778 2665 1850 2697 ees
1883 2649 2137 2714 symbolon,

1130 2741 1215 2778 art.
1239 2729 1631 2789 Christianisme,
1662 2740 1773 2778 tom.
1790 2747 1840 2778 ιιι
1857 2767 1870 2788 ,
1891 2747 1997 2794 pag.
2017 2727 2136 2779 556.

1128 2812 1314 2877 Egregie
1336 2822 1493 2865 auctor
1517 2814 1594 2860 cit.
1613 2812 1795 2860 articuli
1808 2810 2137 2875 Bibliotheque
2160 2848 2162 2850 -

1126 2896 1337 2941 univers.
1384 2892 1442 2940 de
1483 2891 1700 2953 Geneve,
1738 2905 1978 2957 postquam
2009 2902 2135 2940 retu-

1126 2975 1248 3023 lisset
1264 2974 1483 3023 clamores
1503 2977 1838 3023 neotericorum
1858 2977 2048 3022 istorum
2065 2977 2141 3022 in-

1126 3060 1415 3107 credulorum
1437 3075 1451 3107 :
1469 3060 1544 3107 Le
1566 3050 1919 3105 christiani-eme
1934 3066 2003 3104 eet
2012 3058 2110 3121 fini
2117 3091 2135 3118 ‚

1125 3140 1166 3189 il
1197 3158 1227 3189 a
1259 3142 1356 3204 fini
1384 3157 1480 3195 son>
1498 3149 1675 3205 temps,
1711 3140 1752 3186 il
1780 3159 1810 3187 a
1839 3139 2038 3205 depenso
2064 3155 2137 3189 aee

1117 3222 1271 3286 forces
1287 3224 1317 3271 ὰ
1343 3238 1465 3270 noue
1489 3238 1650 3269 maner
1676 3237 1743 3269 au
1765 3222 1906 3286 point
1934 3219 1997 3269 οἰι
2015 3237 2137 3269 noue

1124 3322 1183 3353 en
1221 3322 1447 3361 sommee,
1479 3303 1714 3352 concludit
1745 3320 1760 3352 :
1799 3301 1991 3351 Comme
2017 3301 2136 3351 sile

1123 3385 1282 3447 soleil,
1314 3403 1442 3451 pour
1481 3385 1648 3434 l'avoir
1687 3383 1858 3432 eolaire
1889 3386 1967 3432 sia:
2010 3383 2136 3431 mille

1124 3486 1238 3524 ans,
1274 3470 1500 3530 nejetait
1529 3484 1623 3532 pas
1658 3483 1824 3515 encore
1862 3482 1932 3514 au⁴
1965 3464 2134 3513 monde

1122 3544 1192 3598 ses
1217 3549 1329 3613 fleis
1360 3549 1417 3596 de
1448 3548 1666 3597 lumieree
1685 3551 1707 3596 .’

1814 3705 1891 3764 27
