2502 4134
233 181 385 222 mar.
428 182 492 217 11.
542 179 691 217 sacr.
741 179 807 215 11.
859 178 986 216 cAP.
1035 179 1075 217 1.
1125 177 1197 215 ne
1242 177 1430 214 neces
1481 178 1545 215 Er
1592 175 1770 212 Exisr.
1818 175 1990 213 Tan.
2061 153 2181 213 253

82 324 250 404 aliqui
268 368 283 397 7
310 321 525 404 pedum
554 320 722 394 lsotio7
745 319 1006 379 osculum
1030 319 1208 400 pacis7
1231 329 1584 399 praeceptum
1622 315 1695 376 de
1719 338 1838 375 non
1869 316 2182 376 nutrienda

81 439 264 492 coma7
294 416 516 498 aliaque
543 415 603 473 id
626 436 804 494 genus
827 414 1028 473 multa.
1050 411 1435 495 Improbabile
1450 434 1624 492 porro
1640 423 1726 471 est
1750 414 1936 470 Deum
1958 413 2183 493 permi-

80 512 216 571 sisse
236 557 252 587 7
282 522 345 569 ut
370 511 503 569 talia
526 511 586 567 in
619 511 924 590 Scripturis
950 509 1388 572 continerentur
1405 553 1421 580 7
1449 505 1590 564 dum
1614 505 1847 567 volebat
1867 505 2182 565 nonnullos

79 605 212 664 fidei
246 603 513 664 articulos
549 626 620 663 ex
655 605 734 663 eis
766 603 984 663 abesse.
1019 605 1083 662 60
1118 605 1288 661 Facto
1315 602 1444 682 ipso
1473 600 1789 660 ostendunt
1815 602 2180 677 romanistae7

79 700 345 759 articulos
370 699 503 758 fidei
547 721 747 759 omnes
784 701 843 756 in
879 698 1184 779 Scripturis
1216 694 1533 770 contineri3
1569 715 1704 751 nam
1722 699 1889 771 juxta
1927 695 2185 757 Trevern

79 795 334 878 aliosque
363 794 656 874 theologos
691 794 1180 875 paedobaptismus
1213 812 1277 849 ac
1298 791 1626 871 'Baptismus
1660 810 1765 870 per
1789 791 2184 871 aspersionem

81 891 187 950 soli
219 892 552 949 innituntur
576 889 870 949 traditioni
887 934 904 963 7
925 886 1306 946 Bellarminus
1322 896 1519 943 tamen
1542 904 1606 942 ac
1629 885 1984 965 Tournelyus
1999 906 2094 946 eos
2110 908 2183 947 ex

82 987 384 1067 Scripturis
414 986 718 1057 evincunt3
740 989 907 1062 juxta
931 982 1138 1041 Milner
1158 992 1218 1040 et
1241 979 1611 1040 Melchiorem
1634 978 1857 1037 Canum
1892 981 2181 1041 invocatio

82 1083 423 1140 Sanctorum
451 1092 508 1139 et
543 1078 730 1141 cultus
759 1078 1081 1156 imaginum
1108 1096 1173 1134 ac
1206 1073 1583 1155 reliquiarum
1613 1094 1683 1132 ex
1711 1072 1829 1131 sola
1869 1075 2181 1137 traditione

81 1187 352 1235 constant
369 1221 384 1248 7
399 1183 500 1234 ast
520 1173 864 1252 Milnerjpse
881 1192 945 1230 ac
968 1168 1436 1247 Wallemburgici
1458 1169 1562 1227 hos
1584 1167 1852 1227 articulos
1871 1169 2181 1232 inveniunt

80 1269 142 1327 in
168 1270 488 1351 Scriptura7
518 1278 584 1327 'et
616 1267 694 1325 ita
718 1272 898 1348 porro
919 1264 992 1323 de
1016 1264 1219 1323 ceteris
1244 1262 1399 1323 dicas
1424 1262 1697 1322 articulis,
1731 1265 1808 1321 Ex
1835 1285 1949 1345 qua
1972 1267 2180 1345 agendi

80 1365 300 1423 ratione
344 1372 543 1443 aperte
577 1360 812 1419 illorum
857 1360 1292 1418 romanensium
1343 1379 1504 1417 error
1543 1356 2033 1439 deprehenditur,
2081 1361 2181 1441 qui

79 1456 439 1517 contendunt
458 1501 474 1530 7
505 1454 819 1515 nonnullos
845 1453 980 1513 fidei
1003 1454 1271 1513 articulos
1301 1453 1363 1510 in
1389 1452 1699 1534 traditione
1723 1453 1967 1535 reperiri
1985 1500 2002 1530 7
2035 1476 2182 1535 qua-

80 1564 246 1612 tenus
282 1551 405 1611 haec
438 1573 469 1608 a
502 1551 792 1632 Scriptura
824 1549 1094 1608 distincta
1123 1559 1435 1630 spectatur.
1469 1548 1537 1607 7ο
1567 1549 1736 1606 Hunc
1766 1569 2022 1607 errorem
2049 1571 2184 1627 pro·

78 1647 224 1706 fecto
255 1668 374 1703 non
406 1646 646 1706 sancivit
684 1645 1124 1718 Tridentinum7
1166 1648 1328 1721 cujus
1365 1643 1597 1703 decreto
1627 1642 1797 1722 longe
1831 1643 2183 1705 conformior

81 1752 168 1801 est
199 1740 458 1800 doctrina
492 1741 640 1799 sexti
673 1740 894 1798 articuli
931 1739 1191 1799 Ecclesiae
1225 1738 1535 1818 anglicanae
1574 1760 1749 1819 quam
1788 1741 2183 1799 Romanorum

80 1835 496 1915 theologorum.
534 1836 809 1908 Quamvis
842 1835 1000 1894 enim
1026 1834 1178 1893 illius
1208 1834 1445 1893 Concilii
1475 1836 1667 1892 Patres
1698 1834 1917 1915 optime
1945 1846 2183 1894 nossent

79 1932 348 2011 agitatam
374 1939 513 1990 tu'nc
549 1932 826 2011 temporis
854 1930 1302 1990 controversiam
1322 1975 1337 2004 7
1366 1950 1510 1987 num
1529 1950 1601 1988 ex
1624 1939 1787 2011 parte
1816 1928 2003 1987 solum
2029 1929 2181 1990 veri-

81 2037 226 2086 tates
259 2026 393 2085 fidei
428 2027 488 2084 in
517 2027 823 2108 Scripturis
863 2027 1335 2099 continerentur,
1363 2046 1483 2084 non
1519 2045 1647 2084 eam
1679 2034 1878 2084 tamen
1911 2024 2182 2086 dirimere

83 2120 391 2180 voluerunt
410 2166 426 2196 7
458 2121 799 2180 definientes
837 2121 1162 2180 doctrinam
1190 2120 1561 2179 christianam
1589 2142 1659 2178 ex
1677 2131 1858 2199 parte
1896 2120 2184 2180 contineri

83 2213 144 2271 in
183 2215 485 2295 Scripturis
507 2260 523 2290 7
561 2227 621 2274 et
661 2237 732 2275 ecc
762 2227 938 2294 parte
972 2217 1034 2273 in
1065 2216 1412 2288 traditione3
1452 2214 1555 2274 sed
1589 2215 1778 2274 solum
1815 2215 2186 2275 declararunt

84 2308 441 2387 generalibus
465 2310 655 2368 verbis
681 2331 694 2366 ε
723 2312 1215 2389 Perspiciensque
1240 2309 1586 2389 (Synodus)
1614 2310 1770 2368 hanc
1798 2313 2101 2367 veritatem
2131 2319 2188 2368 et

82 2405 466 2482 disciplinam
503 2408 802 2462 contineri
828 2410 895 2462 in
928 2405 1105 2462 libris
1131 2406 1370 2479 scriptis
1398 2413 1453 2460 et
1474 2408 1602 2461 sine
1633 2407 1852 2482 scripto
1896 2404 2186 2462 traditio-

84 2500 297 2569 nibus,
324 2499 383 2557 id
408 2509 494 2557 est
512 2543 528 2571 7
565 2510 620 2556 et
646 2504 714 2557 in
740 2500 915 2557 libris
947 2509 1002 2557 et
1034 2501 1102 2556 in
1129 2498 1557 2556 traditionibus
1584 2497 1855 2558 veritates
1881 2497 2015 2557 fidei
2040 2518 2186 2556 con-

84 2595 252 2652 tineri
273 2638 289 2666 7
327 2593 479 2674 quod
512 2592 752 2652 Ecclesia
784 2592 1080 2672 anglicana
1114 2615 1233 2651 non
1268 2591 1502 2667 abnuit,
1532 2602 1590 2650 et
1614 2595 1736 2669 jam
1768 2591 2183 2674 plerorumque

86 2687 482 2770 theologorum
508 2692 898 2747 Romanorum
927 2689 1212 2747 sententia
1239 2697 1327 2747 est
1351 2688 1460 2766 (l).
1491 2688 1654 2766 Ergo.

163 2781 299 2842 373.
345 2785 514 2864 Resp.
545 2783 631 2843 Ad
665 2786 762 2858 1¹1¹,
797 2786 951 2843 Dist.
993 2784 1048 2841 Si
1083 2795 1276 2842 sextus
1305 2781 1402 2840 ille
1432 2781 1703 2840 articulus
1730 2780 2086 2861 intelligatur
2115 2802 2182 2842 eo

79 2898 244 2937 sensu
267 2924 282 2953 7
307 2878 466 2959 quod
494 2880 787 2960 Scriptura
819 2879 1014 2937 omnia
1042 2877 1116 2936 ad
1138 2876 1384 2936 salutem
1413 2876 1727 2935 necessaria
1749 2876 2044 2935 contineat
2060 2877 2182 2938 sive

80 2975 416 3033 immediate
466 2975 585 3036 sive
627 2976 916 3046 mediate,
960 2995 1122 3032 conc.
1143 2993 1163 3040 ‚·
1211 2971 1397 3031 solum
1442 2973 1818 3043 immediate,
1861 2992 1988 3051 neq.
2037 2972 2183 3030 Cum

83 3088 218 3126 vero
242 3088 311 3127 ex
333 3068 773 3150 insequentibus
798 3069 989 3131 verbis
1018 3079 1214 3151 pateat
1233 3113 1247 3141 7
1281 3066 1590 3126 articulum
1618 3065 1772 3125 hunc
1802 3065 2206 3148 comprehen--

86 3158 216 3219 dere
242 3183 306 3221 ea
337 3174 567 3222 tantum
590 3209 607 3237 7
634 3186 762 3245 quae
806 3163 1140 3223 immediate
1164 3163 1225 3220 in
1252 3162 1557 3244 Scripturis
1586 3159 1860 3242 leguntur
1877 3206 1893 3234 7
1928 3171 2027 3220 aut
2052 3181 2182 3241 quae

87 3274 188 3334 per
213 3275 305 3314 eas
339 3257 570 3338 probari
600 3270 840 3341 possunt
860 3304 875 3332 7
903 3258 1276 3340 consequitur
1297 3303 1313 3332 7
1350 3278 1538 3338 neque
1557 3261 1688 3334 jure
1722 3255 1963 3330 merito7
1992 3275 2186 3336 neque

89 3346 370 3427 sapienter
390 3373 522 3412 eum
542 3355 918 3413 constitutum
941 3374 1062 3413 esse
1079 3398 1095 3427 7
1122 3374 1255 3412 cum
1272 3352 1611 3413 adversetur
1627 3350 1905 3410 doctrinae
1927 3349 2181 3409 Ecclesiae

89 3439 394 3503 catholicae.
434 3447 511 3506 Eo
546 3462 739 3510 autem
768 3471 942 3511 sensu
973 3449 1215 3509 dicimus
1251 3450 1443 3509 omnia
1478 3446 1552 3507 ad
1577 3445 1823 3507 salutem
1862 3444 2179 3506 necessaria

160 3641 227 3706 (l)
266 3642 388 3693 lbid.
