2502 4134
271 172 389 232 500

866 194 1064 232 TRACT.
1115 195 1182 231 m:
1228 195 1377 233 mols
1422 196 1809 237 wuneboalcls.

268 339 343 399 de
379 338 721 398 necessitate
748 337 978 418 praeviae
1014 336 1171 396 illius
1201 338 1548 418 cognitionis
1586 341 1869 401 naturalis
1901 355 1961 403 et
1985 345 2224 427 quidem
2244 357 2415 406 certae

266 437 411 494 circa
446 433 907 492 credibz'litatem
934 431 1153 492 divinae
1176 433 1556 493 revelationis
1585 433 1661 493 ad
1682 446 1879 494 actum
1909 438 2045 498 fidei
2069 462 2179 522 ope
2200 441 2416 501 divinae

266 530 466 611 gratiae
502 527 1017 610 supernaturalem
1045 527 1421 589 eliciendum.
1465 523 1524 589 Si
1565 552 1827 612 namque
1861 531 2008 591 fides
2039 534 2162 615 ipsa
2184 583 2201 612 .,
2231 535 2414 598 veluti

252 627 755 706 proerequisitum
810 625 1023 705 exigit,
1089 636 1156 683 ut
1212 626 1358 684 ratio
1407 624 1701 706 intelligat
1754 625 1951 708 aliquo
1999 627 2208 705 modo,
2269 631 2419 711 quid

262 719 626 780 credendum
676 720 750 778 sit
784 721 910 800 (l),
959 742 1026 780 ac
1077 732 1143 778 ut
1184 733 1472 802 praeterea
1520 721 1721 782 videat
1750 767 1767 797 ,
1812 744 2004 802 quare
2031 725 2416 795 credendum,·

262 817 310 876 si
346 815 486 876 talia
523 815 818 875 evidentis
858 815 1265 876 credibilitatis
1310 818 1537 878 motiva
1588 817 1734 877 fides
1775 817 2055 894 exhibet,
2096 841 2226 902 quae
2255 819 2415 882 illam

262 910 597 973 rationabili
637 910 814 993 plane
851 911 1028 971 modo
1073 912 1354 972 inducere
1385 912 1623 972 valeant
1654 935 1720 973 ac
1759 913 1895 974 fidei
1926 913 2151 994 obJ'ecta
2189 915 2418 998 ample-

260 1008 512 1086 ctenda,
554 1029 755 1068 nonne
783 1008 1025 1067 rationis
1051 1012 1181 1087 jura
1222 1031 1344 1068 non
1384 1020 1623 1068 tantum
1661 1032 1781 1069 non
1807 1010 2060 1069 destruit
2084 1056 2098 1085 7
2133 1010 2236 1070 sed
2266 1021 2419 1072 sarta

261 1117 414 1167 tecta
469 1103 711 1164 tuetur?
766 1103 1255 1165 Irrationabiliter
1307 1127 1444 1185 ergo
1493 1117 1692 1186 ageret
1737 1107 1922 1182 ratim,
1967 1107 2013 1165 si
2057 1108 2259 1190 positis
2306 1107 2420 1167 illis

262 1202 606 1263 extrinsecis
636 1200 916 1276 credendi
955 1201 1189 1261 motivis
1226 1201 1596 1262 intellectum
1643 1203 1940 1286 captivare
1975 1203 2036 1262 in
2076 1203 2419 1287 obsequium

258 1299 468 1382 primae
499 1298 761 1360 veritatis
810 1297 1167 1372 revelantiS,
1224 1298 1331 1357 Dei
1363 1344 1379 1373 .,
1424 1297 1781 1359 detrectaret
1806 1300 1922 1379 (2).

341 1395 484 1456 237.
535 1394 648 1454 Sed
701 1393 957 1455 alterum
1011 1394 1190 1454 etiam
1244 1415 1412 1476 aeque
1480 1395 1699 1455 invicte
1753 1394 2060 1477 probatur.
2120 1396 2419 1457 Revelatio

261 1492 457 1567 enim,
508 1512 639 1574 quae
688 1490 826 1550 fidei
864 1489 1161 1569 objectum
1188 1500 1312 1564 εει,
1355 1511 1420 1549 ac
1459 1490 1745 1550 naturalis
1794 1491 1946 1550 ratio
1997 1513 2198 1552 nonne
2228 1495 2418 1552 Deum

260 1591 486 1673 pariter
514 1587 740 1648 habent
761 1588 1105 1647 auctorem?
1130 1590 1343 1647 Nonne
1369 1587 1487 1646 duo
1507 1587 1690 1648 veluti
1712 1588 1862 1647 radii
1893 1588 2157 1668 ejusdem
2180 1589 2417 1649 luminis

261 1684 675 1747 indefectibilis
717 1696 856 1743 sunt
879 1730 894 1760 .,
934 1683 1051 1743 duo
1090 1683 1276 1744 veluti
1320 1683 1435 1745 rivi
1463 1682 1538 1742 ab
1571 1683 1779 1744 eodem
1813 1685 2230 1745 inexhauribili
2255 1686 2418 1746 fonte

258 1780 618 1842 manantes?
649 1782 907 1854 Quinam
931 1780 1108 1858 igitur
1124 1790 1457 1861 pugnantes
1482 1779 1640 1839 inter
1662 1801 1722 1839 se
1743 1790 2034 1862 poterunt
2065 1801 2190 1841 esse
2207 1781 2235 1839 Ρ
2258 1782 2418 1855 Quo-

261 1878 439 1938 modo
485 1877 699 1938 veritas
750 1876 983 1937 veritati
1029 1896 1295 1956 unquam
1341 1875 1561 1956 poterit
1605 1874 2051 1935 contradicere?
2103 1877 2216 1935 Aut
2260 1878 2416 1936 Deus

258 1974 371 2034 sibi
410 1974 521 2056 ipsi
549 1972 878 2032 contrarius
907 1992 1033 2031 esse
1057 2017 1073 2046 .,
1128 1981 1195 2029 ut
1238 1969 1529 2030 contraria
1559 1992 1666 2052 per
1702 1970 1932 2032 diversa
1958 1970 2056 2030 illa
2085 1970 2278 2031 media
2306 1994 2413 2031 nos

255 2070 461 2130 doceat
486 2070 512 2127 Ρ
537 2070 782 2128 Certum
807 2068 986 2148 igitur
1024 2078 1114 2127 est
1137 2065 1301 2126 nulla
1329 2066 1533 2127 divina
1570 2065 1846 2148 dogmata
1876 2066 2175 2130 adversari
2199 2069 2412 2127 rationi

254 2189 460 2251 posse3
494 2165 597 2225 tali
626 2186 843 2247 nempe
871 2164 1084 2223 rationi
1109 2209 1125 2236 ,
1164 2184 1292 2246 quae
1332 2174 1490 2223 recte
1519 2174 1579 2223 et
1603 2185 1674 2223 ex
1703 2162 1829 2245 lege
1858 2174 2086 2224 naturae
2115 2185 2231 2225 suae
2259 2186 2410 2247 pro—

256 2262 461 2338 cedat,
496 2284 619 2321 non
660 2283 797 2322 vero
834 2281 963 2343 quae
996 2272 1319 2342 utcumque
1348 2306 1363 2335 ‚
1399 2280 1648 2343 quaeque
1685 2271 1886 2321 contra
1928 2259 2240 2321 rationales
2272 2282 2407 2320 suas

255 2358 412 2442 leges
439 2370 662 2420 temere
687 2369 890 2440 peccet
918 2355 1036 2438 (3).

327 2553 393 2617 (l)
437 2552 543 2601 Jam
586 2554 669 2600 rite
700 2553 989 2618 Augustinus
1020 2551 1290 2612 adnotavit,

260 2653 359 2684 non
405 2638 563 2684 omnia
607 2638 658 2683 in
711 2637 941 2701 mysteriis
993 2635 1157 2683 cadere
1204 2634 1293 2682 sub

258 2721 440 2781 fidem,
486 2720 565 2768 sed
613 2720 831 2786 quaedam
877 2721 929 2766 in
967 2721 1025 2767 iis
1066 2735 1149 2768 nos
1184 2720 1293 2767 satis

259 2820 482 2863 noscere,
526 2804 650 2851 unde
696 2802 902 2868 aliquam
947 2801 1189 2850 credentes
1234 2801 1293 2850 de

257 2879 485 2952 Mysterio
510 2887 608 2950 ipso
633 2888 876 2933 notionem
909 2886 1153 2949 concipere
1184 2902 1292 2949 pos-

261 2979 445 3017 sumus;
477 2966 765 3027 Credimus,
797 2970 863 3015 ait
890 2966 940 3014 S.
971 2965 1170 3027 Doctor‚
1201 2965 1290 3015 Je-

260 3069 370 3099 eum
391 3050 641 3098 Christum
657 3058 830 3098 natum
847 3050 904 3098 de
922 3047 978 3097 V
977 3051 1158 3115 irqine,
1185 3067 1294 3115 quae

260 3136 442 3183 Maria
457 3133 727 3182 vocabatur.
744 3132 885 3201 Quid
901 3135 967 3180 sit
983 3142 1145 3182 autem
1164 3132 1223 3181 V
1218 3135 1292 3182 ir-

262 3232 323 3280 9⁰
333 3250 351 3277 ‚
376 3215 497 3279 quid
524 3219 592 3263 ait
618 3218 783 3272 nasci,
816 3215 1010 3281 enquid
1032 3218 1096 3263 sit
1118 3233 1294 3265 nomen

253 3300 515 3364 proprium
545 3315 645 3346 non
677 3298 946 3355 credimus,
982 3298 1065 3346 sed
1090 3316 1293 3364 prorsus

262 3381 507 3429 novimus.
545 3379 621 3428 De
663 3380 856 3430 Trinit.
889 3381 921 3428 l.
955 3398 1069 3441 viu,
1102 3399 1207 3446 cap.
1236 3378 1289 3431 8.

263 3462 396 3511 Idem
416 3463 491 3509 dic
519 3462 577 3510 de
598 3465 758 3511 ceteris
778 3463 1030 3529 Mysteriis‚
1058 3464 1186 3512 unde
1208 3464 1293 3512 fal-

265 3563 371 3594 sum
393 3551 465 3593 est
483 3543 611 3611 quod
632 3557 853 3610 oggerunt
875 3546 1103 3595 increduli
1122 3584 1135 3606 ,
1168 3546 1296 3613 Mys-

263 3631 375 3677 teria
410 3628 476 3676 nil
508 3629 597 3674 nisi
629 3645 801 3675 vanum
836 3629 1088 3677 verborum
1124 3647 1294 3678 sonum

263 3728 361 3759 esse
381 3747 395 3775 ‚
433 3708 564 3759 omni
599 3720 825 3774 conceptu
859 3710 1202 3760 destitutorum.

1452 2551 1518 2616 (ἒ)
1556 2550 1778 2617 Apposite
1808 2552 1886 2600 hic
1914 2554 1978 2600 ita
2013 2555 2240 2602 rationem
2267 2555 2415 2618 ipsam

1382 2632 1702 2700 alloquentem
1738 2634 1921 2682 inducit
1946 2634 2131 2699 Duguet
2160 2652 2173 2683 ε
2197 2633 2417 2684 Ecoutez

1379 2733 1450 2765 un
1496 2718 1670 2766 maitre
1717 2719 1807 2782 qui
1849 2717 1982 2766 m’est
2030 2719 2319 2784 superieur,
2370 2725 2418 2766 ot

1378 2800 1621 2848 n’ecoutez
1637 2817 1727 2865 que
1748 2800 1840 2851 lui.
1863 2799 2001 2849 C'est
2017 2819 2116 2867 par
2139 2817 2254 2849 mon
2275 2799 2412 2854 ordre

1377 2901 1467 2949 que
1499 2900 1618 2932 vous
1650 2901 1725 2932 me
1757 2886 1971 2949 quieta,
2010 2893 2057 2933 ec
2088 2882 2202 2932 c’est
2229 2899 2308 2930 ma
2334 2881 2408 2930 lu-

1379 2966 1530 3014 miere
1560 2969 1647 3031 qui
1681 2983 1799 3015 vom
1830 2966 2031 3016 conciuit
2068 2968 2099 3015 ὰ
2125 2982 2222 3014 une
2242 2973 2408 3019 ‚antra

1379 3047 1435 3097 ΙΙ
1462 3057 1528 3097 eat
1538 3051 1680 3115 juste
1710 3052 1867 3115 queje
1887 3050 2058 3107 sache,
2085 3049 2133 3096 ai
2159 3047 2267 3096 c'eat
2282 3045 2412 3097 Dieu

1378 3135 1467 3199 qui
1485 3132 1638 3182 νόυὲίε
1661 3150 1734 3182 ses
1757 3133 1961 3182 volontas
1979 3141 2024 3180 et
2045 3148 2119 3180 aea
2137 3133 2406 3197 Mysterea,

1368 3233 1520 3283 parce
1551 3233 1640 3281 que
1657 3217 1717 3283 je
1754 3233 1816 3264 ne
1849 3215 1955 3264 dois
1983 3216 2139 3263 croire
2178 3231 2269 3279 que
2302 3213 2405 3276 lui,

1375 3306 1420 3346 et
1453 3315 1515 3346 ne
1559 3315 1634 3346 me
1671 3298 1766 3362 fier
1796 3295 1907 3362 qu’d
1946 3313 2001 3344 aa
2043 3299 2195 3345 verite
2215 3315 2234 3358 ;
2283 3299 2410 3345 maie

1374 3381 1543 3449 quand
1554 3383 1612 3448 je
1633 3382 1738 3429 suis
1774 3380 1961 3428 certain
1983 3396 2073 3444 que
2094 3379 2206 3428 c'est
2227 3379 2306 3428 lui
2321 3382 2409 3446 qui

1367 3462 1539 3531 parle,
1563 3464 1622 3529 je
1664 3463 1772 3510 n’ai
1799 3460 1917 3527 plus
1953 3462 2064 3526 qu’d
2102 3461 2326 3512 l’bcouter
2365 3472 2410 3511 et

1379 3563 1455 3594 me
1499 3546 1642 3594 taire.
1681 3542 1775 3593 Des
1812 3546 2065 3611 principes
2110 3544 2167 3594 de
2212 3543 2261 3593 la
2299 3545 2404 3609 soi,

1379 3639 1500 3678 tom.
1540 3644 1590 3686 1,
1626 3644 1732 3692 cap.
1762 3644 1798 3675 1.
2489 3617 2492 3620 ⁴

1449 3709 1513 3773 (3)
1554 3708 1750 3758 Nonnisi
1783 3725 1838 3758 ex
1871 3726 2014 3775 prava
2046 3706 2410 3776 philosophandi
