2502 4134
276 155 356 215 44

893 176 1094 215 TRACT.
1134 178 1203 214 DE
1234 175 1388 214 Locis
1430 175 1809 216 THEOLOGIGIS.

276 332 426 381 teste
454 319 568 402 (1)7
599 322 720 380 imo
747 329 896 380 teste
927 322 1222 380 anteriore
1257 318 1537 401 scriptore
1557 365 1573 395 7
1612 321 1822 400 Magno
1852 319 2130 400 Dionysio
2162 319 2417 381 Alexan-

277 416 449 476 drino
471 418 584 498 (2).
615 417 683 475 40
713 417 955 499 Concipi
977 438 1153 498 porro
1184 415 1424 495 nequit'7
1452 415 1746 497 quomodo
1778 415 2040 475 Ecclesiae
2074 415 2269 475 seculo
2287 418 2416 476 XVI

273 514 537 595 potuerit
561 513 930 572 innotescere
953 558 967 586 7
1000 511 1159 594 quod
1188 521 1439 591 quatuor
1468 510 1674 571 saltem
1702 510 1993 593 prioribus
2024 509 2228 570 seculis
2250 507 2420 592 igno-

275 611 432 671 ravit
459 610 741 684 Ecclesia7
775 632 907 669 cum
945 609 1173 667 nullam
1210 605 1456 687 posthac
1489 607 1614 688 ipsa
1652 608 2076 683 revelationem
2111 607 2411 667 habuerit.

275 705 343 763 50
379 708 523 765 Non·
547 707 842 766 immerito
876 707 1051 786 igitur
1091 708 1288 763 Romae
1325 701 2268 762 vehementer·obmurmuratum‘
2291 714 2417 779 est,

274 802 564 861 referente
602 803 806 884 Sarpio
835 802 954 883 (3)7·
987 799 1145 881 quod
1174 822 1204 857 a
1243 799 1690 877 congregatione
1722 799 1984 879 quinque
2017 798 2419 859 Cardinalium

275 908 337 958 et
361 898 749 979 quadraginta
787 909 918 957 octo
955 897 1375 978 Episcoporum
1399 940 1415 969 7
1457 894 1558 975 qui
1587 893 1809 973 exiguis
1845 893 2195 954 dioecesibus
2233 916 2422 978 praee-

273 1005 443 1068 rant7
475 1016 584 1054 nec
629 994 827 1074 magni
861 1005 1030 1052 erant
1062 991 1320 1070 theologi
1341 1037 1355 1063 7
1402 989 1690 1071 praecipiti
1733 988 1977 1048 consilio
2005 989 2314 1051 decretum
2348 989 2421 1050 de

275 1089 526 1150 re-adeo
563 1089 784 1149 difficili
820 1088 1007 1147 latum
1051 1087 1247 1147 fuerit.
1295 1088 1468 1165 Ergo,

356 1187 457 1246 71.
504 1189 675 1268 Resp.
709 1186 861 1265 Ney.
894 1195 1023 1244 ant.
1061 1183 1145 1243 Ad
1183 1185 1264 1242 1¹1¹
1298 1182 1467 1265 prob.
1504 1188 1658 1241 Dz'st.
1704 1184 1873 1261 Cajus
1896 1228 1912 1258 7
1955 1186 2125 1241 Rom.
2162 1182 2424 1243 Ecclesiae

274 1279 619 1363 presbyter7
677 1303 797 1339 non
849 1279 1267 1338 adnumeravit
1309 1278 1623 1360 epistolam
1670 1277 1746 1337 ad
1787 1277 2064 1337 Hebraeos
2099 1279 2258 1337 inter
2296 1279 2426 1360 epi-

275 1376 453 1437 stolas
490 1379 547 1436 S.
595 1377 794 1445 Pauli,
845 1396 1049 1444 eonc.,·
1090 1397 1211 1433 non
1253 1376 1494 1455 agnovit
1533 1396 1665 1434 eam
1690 1373 2003 1456 epistolam
2033 1377 2122 1433 uti
2161 1374 2425 1434 divinam

275 1484 454 1556 atque
494 1472 836 1533 canonicam
860 1516 876 1547 7
916 1494 1047 1552 neq.
1085 1473 1228 1530 Duae
1259 1470 1543 1549 ejusmodi
1581 1471 1930 1552 quaestiones
1961 1470 2301 1552 permisceri
2338 1471 2426 1528 in-

274 1580 369 1629 ter
401 1591 463 1629 se
498 1580 834 1652 nequeunt3
865 1567 1047 1628 altera
1086 1568 1310 1650 quippe
1337 1567 1409 1625 ab
1437 1566 1618 1627 altera
1646 1567 1971 1648 antiquitus
2006 1572 2268 1644 sejuncta
2291 1566 2421 1626 fuit.

277 1665 530 1739 Quidam
583 1666 741 1725 enim
794 1665 881 1723 uti
931 1664 1196 1724 divinam
1251 1662 1590 1723 habuerunt
1639 1663 1948 1746 epistolam
1995 1662 2072 1721 ad
2111 1661 2421 1739 Hebraeos7

278 1762 548 1843 quamvis
582 1784 708 1822 eam
747 1783 778 1819 a
819 1760 996 1820 Paulo
1038 1760 1432 1842 conscriptam
1465 1781 1590 1820 esse
1631 1760 2040 1819 inficiarentur
2081 1758 2210 1841 (4);
2248 1770 2425 1840 prout

276 1858 524 1938 contigit
556 1857 905 1940 Apocalypsi
930 1903 946 1931 7
984 1861 1147 1935 cujus
1190 1868 1491 1940 auctorem
1534 1855 1834 1916 diversum
1866 1877 1991 1915 esse
2032 1854 2106 1913 ab
2147 1854 2424 1937 Apostolo

276 1956 507 2014 Joanne
534 1952 711 2036 aliqui
750 1975 822 2013 ex
844 1952 1284 2035 *antiquioribus
1323 1953 1776 2026 existimarunt7
1814 1953 1920 2010 etsi
1967 1956 2088 2030 ejus
2128 1950 2425 2025 divinitati

275 2049 428 2111 nihil
468 2049 820 2131 derogarent
865 2047 976 2130 (5).
1014 2051 1187 2128 Cajus
1222 2060 1536 2131 propterea
1583 2049 1779 2129 potuit
1815 2070 1947 2108 eam
1990 2048 2230 2129 quidem
2264 2047 2426 2126 abju-
2461 2055 2465 2056 ’

276 2148 470 2208 dicare
495 2148 803 2231 epistolam
835 2147 1112 2231 Apostolo
1149 2147 1330 2206 Paulo
1351 2192 1368 2220 7
1411 2168 1520 2206 nec
1562 2158 1763 2205 tamen
1795 2147 2139 2205 canonicam
2166 2150 2290 2224 ejus
2314 2167 2424 2204 au-

276 2246 608 2306 ctoritatem
651 2244 727 2304 ob
769 2244 829 2305 id
870 2245 1115 2304 inficiari
1139 2291 1154 2320 7
1200 2255 1267 2303 ut
1312 2254 1477 2325 patet
1519 2265 1587 2303 ex
1624 2243 1764 2324 ipsis
1809 2240 2039 2301 Eusebii
2081 2239 2273 2303 verbis
2304 2242 2419 2321 (6.)

349 2519 420 2583 (1)
460 2519 519 2570 In
548 2520 717 2588 Epist.
746 2524 827 2570 cit.
854 2521 919 2569 ad
950 2519 1188 2569 Darden.

349 2602 415 2665 (2)
453 2601 592 2668 Apud
610 2604 782 2654 Euseb.
808 2604 949 2652 Hist.
977 2602 1090 2652 eccl.
1124 2603 1209 2651 lib.
1223 2618 1307 2662 vu,

282 2699 388 2748 cap.
420 2683 505 2733 25.
640 2701 643 2705 ·

1391 2534 1523 2568 rum.
1562 2518 1663 2567 Cfr.
1706 2521 1843 2567 etiam
1874 2516 1925 2566 S.
1955 2516 2306 2582 Hieronymus,
2345 2515 2424 2564 De

1392 2603 1515 2650 viris
1549 2601 1730 2650 illustr.
1757 2603 1820 2647 ‘in
1853 2598 2047 2659 Paulo,
2083 2609 2128 2647 et
2165 2597 2384 2664 Origenes
2406 2637 2420 2661 7

1391 2683 1514 2748 apud
1550 2681 1723 2729 Euseb.
1758 2680 1841 2729 lib.
1865 2698 1912 2728 vx
1930 2717 1945 2743 7
1974 2697 2071 2745 cap.
2101 2677 2185 2729 25.

352 2764 421 2830 (3)
460 2764 625 2814 Storia
651 2766 730 2814 del
763 2765 983 2815 Concilio
1012 2765 1068 2812 di
1087 2763 1307 2823 Tremo,

283 2846 370 2896 lib.
397 2864 455 2916 .¹¹·

353 2930 422 2992 (Ιι)
460 2932 561 2983 Cfr.
598 2932 836 2981 Michaelis
858 2968 871 2991 7
919 2928 1195 2981 Introduct.
1244 2944 1311 2976 au

284 3009 518 3063 Nouveau
537 3014 747 3063 Testam.
760 3014 942 3063 Geneve
963 3029 979 3060 1
989 3010 1089 3060 822
1095 3022 1231 3073 ‚tom.
1246 3027 1309 3071 lv,

287 3098 428 3162 chap.
473 3095 540 3160 24
560 3136 574 3158 ,
622 3106 737 3148 sect.
795 3097 853 3147 15
877 3133 891 3155 ,
940 3114 1044 3162 pag.
1088 3091 1221 3158 2243
1268 3103 1313 3143 et

287 3181 530 3243 Celldrier,
555 3181 833 3229 Introduct.
872 3190 960 3229 etc.
999 3179 1217 3226 division.
1250 3194 1308 3237 ιι,

290 3276 403 3314 sect.
439 3282 458 3314 1
475 3282 493 3312 1
516 3301 532 3328 7
562 3281 674 3330 pag.
696 3262 796 3327 448
820 3270 865 3312 et
891 3280 1026 3328 seqq.
1044 3260 1179 3310 Certe
1198 3260 1312 3309 Ter-

288 3348 542 3406 tullianus,
567 3348 653 3396 lib.
689 3347 767 3394 De
776 3342 1027 3411 pudicitia
1040 3379 1057 3406 ,
1086 3361 1190 3408 cap.
1218 3359 1281 3390 20
1297 3381 1310 3403 7

292 3451 395 3484 eam
416 3431 640 3480 adscribit
656 3431 878 3479 Barnabae
895 3465 908 3487 ‚
931 3447 985 3478 ac
1014 3429 1313 3493 receptiorem

292 3534 398 3566 eam
428 3530 526 3564 esse
557 3515 667 3562 dicit
695 3512 830 3579 apud
860 3510 1108 3562 Ecclesia-s
1144 3512 1316 3574 episto·

292 3599 390 3647 lam
406 3596 630 3647 Barnabae
651 3598 847 3661 (nempe
875 3595 1120 3660 epistolam
1143 3593 1201 3641 ad
1224 3592 1319 3642 He-

294 3680 470 3744 braeos)
493 3679 573 3729 illo
607 3677 876 3745 apocrypho
898 3674 1099 3726 Pastore
1122 3674 1321 3724 moeclw-

1461 2763 1528 2827 (5)
1569 2763 1667 2810 Cfr.
1729 2762 1983 2827 Dionysius
2006 2798 2020 2821 7
2073 2764 2197 2827 apud
2249 2763 2421 2814 Euseb.

1390 2845 1473 2894 lib.
1502 2862 1566 2893 vu
1585 2883 1598 2906 7
1628 2862 1730 2910 cap.
1763 2843 1848 2909 257
1872 2855 1917 2893 et
1946 2845 2156 2911 ejusdem
2174 2843 2338 2912 Epist.
2360 2847 2427 2894 ad

1391 2926 1843 2989 Hermammonem,
1890 2946 1992 2994 quae
2034 2938 2103 2977 est
2141 2947 2280 2978 num.
2323 2946 2381 2978 19.
2406 2966 2420 2991 7

1393 3012 1506 3060 edit.
1542 3014 1643 3076 ejus
1676 3028 1784 3075 opp.
1809 3010 1879 3059 De
1904 3010 2135 3076 Magistris
2152 3048 2168 3073 ,
2202 3030 2341 3062 num.
2359 3029 2387 3060 2
2406 3051 2420 3074 7

1392 3111 1500 3160 pag.
1539 3091 1652 3160 178.

1438 3176 1534 3241 (6)
1570 3175 1649 3224 Sic
1693 3174 1851 3223 scribit
1897 3176 2162 3235 Eusebius,
2204 3176 2293 3225 lib.
2335 3190 2419 3236 111,

1394 3278 1497 3325 cap.
1530 3259 1559 3307 3
1597 3274 1611 3305 z
1643 3254 1916 3306 Sciendum
1942 3266 2104 3305 tamen
2134 3266 2229 3319 est,
2251 3260 2424 3324 episto-

1396 3342 1492 3392 lam
1511 3342 1576 3390 ad
1593 3340 1833 3390 Hebroeos
1859 3356 1890 3387 a
1919 3339 2167 3387 nonnullis
2191 3341 2295 3388 ideo
2326 3358 2425 3390 esse

1394 3424 1738 3492 repudiatam,
1771 3422 1898 3486 quod
1942 3422 2185 3483 dicerent,
2212 3419 2329 3472 ¹eam
2364 3423 2425 3472 ab

1402 3506 1633 3556 Ecclesia
1650 3506 1873 3553 Romana
1882 3521 1975 3571 pro
1990 3513 2120 3553 certa
2138 3522 2195 3553 ac
2211 3508 2429 3570 qemeina

1402 3588 1562 3639 Pauli
1580 3587 1782 3655 epistola
1809 3604 1911 3636 non
1939 3587 2132 3650 haberi3
2158 3599 2202 3637 et
2233 3588 2319 3638 lib.
2350 3605 2425 3651 vr,

1403 3691 1508 3739 cap.
1529 3688 1618 3734 207
1638 3672 1834 3739 loquens
1850 3671 1909 3720 de
1925 3670 2064 3737 Cajo,
2096 3674 2179 3739 qui
2206 3672 2429 3721 tredecim
