2502 4134
267 181 340 240 16
827 188 831 192 ’
892 200 1092 243 macr.
1143 203 1213 241 nn
1258 203 1410 241 roms
1455 205 1842 248 rnnonooicxs

341 346 446 409 27.
499 346 704 429 Neque
750 346 974 429 pariter
1026 347 1493 431 supposititiumx
1516 361 1619 410 aut
1668 350 1918 414 dubium
1969 366 2058 416 est
2109 356 2411 422 decretum

260 442 683 519 Gelasianum3
721 444 882 527 quod
926 443 971 504 si
1014 444 1077 503 in
1104 443 1407 504 nonnullis
1442 444 1883 510 collectionibus
1914 453 2166 514 Damaso
2194 447 2410 518 tribui-

259 551 395 617 tur,
435 540 570 600 ideo
598 551 687 601 est
707 585 724 617 .,
757 541 893 624 quia
914 586 932 613 ,
968 552 1036 601 ut
1068 540 1359 625 aliquibus
1395 542 1641 604 eruditis
1671 530 1898 629 placet,
1933 550 2218 611 Damasus
2244 552 2409 614 ince-

257 639 415 723 perit
454 637 773 700 elenchum
808 638 1097 700 librorum
1118 686 1134 715 ,
1182 639 1283 723 qui
1325 638 1799 704 admittebantur
1842 656 1946 706 aut
1991 647 2412 728 rejiciebantur

260 734 335 795 ab
378 734 631 797 Ecclesia
679 738 942 796 Romana
966 782 983 812 ,
1038 735 1302 796 Gelasius
1353 757 1496 798 vero
1543 736 1694 799 illud
1745 742 2181 806 confirmaverit
2233 756 2410 829 atque

260 832 707 916 amplificaverit
741 832 857 915 (1),
891 844 1068 915 prout
1108 832 1287 915 paulo
1325 844 1462 916 post
1502 833 1682 894 etiam
1723 837 2000 918 praestitit
2029 841 2406 919 Hormisdas‚

263 931 368 1013 qui
406 930 713 991 decretum
742 929 1118 989 Gelasianum
1141 975 1157 1004 a
1199 952 1231 988 a
1270 951 1331 990 se
1368 930 1791 990 confirmatum
1829 943 1890 991 et
1931 945 2204 1013 auctum,
2249 924 2440 999 misit,

269 1025 349 1086 ad
380 1031 778 1086 Possessorem
807 1025 1014 1086 Africae
1042 1026 1383 1107 episcopum
1405 1071 1421 1100 ‚
1456 1036 1601 1086 tun-c
1625 1027 2139 1112 Constantinopoli
2169 1033 2410 1115 exulan·

259 1131 385 1183 tem
430 1123 542 1203 (2).
589 1123 671 1181 Ex
713 1121 824 1181 hoc
865 1122 1044 1181 etiam
1089 1131 1285 1202 patet,
1329 1143 1431 1180 cur
1471 1121 1622 1181 illud
1660 1122 1965 1183 decretum
2014 1126 2192 1186 fuerit
2234 1128 2414 1189 etiam

262 1217 592 1279 Hormisdae
623 1216 1011 1300 adscriptum.
1048 1219 1325 1277 Ceterum
1357 1218 1512 1281 Cave
1545 1217 1759 1301 aliique
1793 1219 2144 1281 heterodoxi
2175 1222 2250 1282 ab
2283 1246 2414 1285 eru-

260 1313 399 1376 ditis
439 1316 580 1377 viris
618 1314 795 1398 plene
830 1314 1071 1374 refutati
1110 1324 1272 1373 sunt.

342 1410 472 1495 28.
498 1410 635 1471 Esto
664 1410 825 1494 quod
857 1409 1133 1470 Clemens
1160 1412 1381 1492 passim
1410 1411 1488 1471 ad
1514 1409 1738 1471 librum
1766 1411 2026 1496 aliquem
2054 1414 2412 1476 nominatim

265 1497 429 1569 haud
474 1506 947 1591 appellet30u1n
986 1518 1189 1568 tamen
1214 1507 1547 1589 promiscue
1573 1530 1645 1568 ex
1687 1507 1853 1569 libris
1902 1510 2027 1573 sive
2070 1523 2408 1591 proto-can.

264 1605 388 1667 sive
422 1603 994 1665 deutero-canonicis
1013 1604 1335 1665 sententias
1357 1616 1597 1687 promat
1629 1604 1839 1667 eadem
1870 1628 2109 1690 prorsus
2144 1608 2407 1686 ratione,

332 1825 399 1892 (1)
439 1824 540 1875 Cfr.
569 1825 660 1875 hoc
688 1825 747 1875 de
776 1836 1048 1892 argumento
1080 1826 1291 1876 eruditus

263 1907 429 1959 Justus
445 1907 779 1970 Fontaninius‚
809 1906 890 1957 De
914 1909 1292 1973 antiquitatibus

261 1990 470 2054 Horten,
503 1992 589 2041 lib.
621 2006 689 2053 11,
726 2008 832 2057 cap.
857 1993 886 2041 3
906 2029 919 2052 ‚
951 1990 1109 2039 Romae
1134 1990 1291 2060 1708,

261 2076 347 2125 ubi
392 2076 456 2125 cl.
502 2078 574 2126 vir
616 2075 836 2125 adversus
875 2075 920 2124 J.
957 2074 1291 2138 Pearsonium,

262 2157 574 2209 Gullielmum
615 2158 738 2210 Cave
759 2197 774 2220 ,
811 2158 858 2209 J.
887 2158 1139 2209 Ernestum
1177 2158 1295 2209 Gra-

261 2242 398 2291 bium
438 2242 674 2303 ostendit,
711 2260 951 2308 perperam
986 2260 1067 2292 eos
1107 2239 1293 2293 Gelasio

261 2326 553 2393 abjudicasse
581 2328 823 2376 decretum
843 2363 857 2386 ‚
896 2327 954 2376 de
990 2345 1101 2398 quos
1123 2327 1290 2394 agitur.

261 2409 366 2459 Urit
385 2413 513 2460 enim
540 2410 847 2459 heterodoxos
866 2411 880 2472 (
897 2413 978 2477 qui
995 2410 1291 2460 traditionem

262 2496 508 2561 rejiciunt,
545 2502 596 2542 ut
623 2495 722 2560 ipse
742 2494 952 2560 loquitur
967 2530 981 2552 ‚
1001 2503 1045 2542 et
1061 2486 1291 2542 librorum

263 2576 601 2625 canonicorum
621 2594 874 2626 numerum
895 2594 977 2641 pro
994 2575 1222 2625 arbitratu
1246 2586 1293 2626 et

266 2668 396 2706 sectae
432 2674 530 2706 suoe
562 2659 810 2706 commodo
847 2658 1118 2719 minuunt),
1140 2658 1207 2705 ibi
1240 2661 1292 2705 in

265 2757 443 2789 canone
459 2741 687 2788 recenseri
714 2740 859 2788 libros
885 2738 1045 2788 Tobiae
1058 2774 1073 2802 ,
1089 2737 1256 2787 ,Iudith
1274 2774 1288 2799 ,

265 2832 357 2873 etc.
388 2822 598 2888 adeoque
628 2821 781 2870 modis
809 2821 1028 2870 omnibus
1059 2820 1182 2869 illud
1214 2820 1293 2870 de-

264 2914 444 2954 cretum
490 2905 731 2970 posteriori
764 2922 889 2974 anso,
935 2914 980 2953 et
1009 2905 1291 2953 nominatim

267 2988 328 3037 ab
355 2985 533 3037 Isidoro
554 2986 811 3036 Mercatore
832 2986 1084 3037 confictum
1105 2987 1289 3038 docent.

267 3069 351 3119 Ast
392 3087 665 3135 perperam3
712 3087 840 3118 nunc
881 3071 1008 3118 enim
1056 3088 1083 3118 a
1124 3072 1293 3119 criticis

269 3170 410 3203 omne
438 3152 637 3203 dubium
653 3153 891 3203 sublatum
911 3164 981 3203 est
1005 3154 1065 3203 de
1082 3155 1293 3222 ejusdem

267 3237 591 3301 qenuinitate.

339 3317 409 3382 (2)
446 3317 546 3367 Cfr.
566 3319 684 3368 ibid.
708 3337 813 3385 pag.
844 3316 943 3368 215
968 3330 1013 3368 et
1035 3337 1166 3386 seqq.
1185 3317 1294 3369 An-

271 3402 426 3449 tonius
451 3400 630 3467 *Pagius
667 3401 754 3451 sub
797 3420 920 3451 anno
962 3400 1099 3469 494,
1142 3421 1193 3451 n.
1230 3401 1295 3463 5,

270 3494 432 3549 putat,
455 3482 782 3545 Hormisdam,
802 3494 854 3533 ut
875 3487 1087 3550 petitioni
1110 3484 1297 3534 Posses-

273 3568 414 3629 soris,
435 3568 638 3633 episcopi
667 3565 872 3615 Africani
898 3566 1299 3633 Constantinopoli

272 3650 503 3699 exulantis
535 3688 549 3710 ‚
590 3650 756 3699 faceret
804 3652 938 3710 satis,
971 3661 1064 3698 tam
1095 3650 1154 3698 ad
1189 3668 1300 3700 eum

274 3749 418 3798 quam
444 3733 503 3784 ad
526 3733 698 3801 legatos
726 3750 832 3783 suos
863 3733 1097 3783 decretum
1129 3732 1298 3784 Gelasii

1376 1828 1586 1890 misisse,
1615 1827 1928 1894 praecipiendo
1946 1865 1961 1893 ‚
1999 1839 2053 1878 ut
2081 1828 2202 1880 illud
2232 1830 2293 1880 ab
2312 1848 2413 1880 om-

1374 1911 1516 1961 nibus
1555 1911 1765 1977 religiose
1809 1912 2164 1978 observaretur3
2205 1924 2413 1982 tuncque

1381 1994 1623 2043 decretum
1640 1995 1786 2057 illud,
1808 1997 1860 2044 in
1882 1998 2006 2045 varia
2020 1997 2309 2063 exemplaria
2333 2015 2413 2063 per

1379 2075 1540 2126 Fausti
1556 2076 1766 2145 Rejensis
1791 2078 2074 2129 adversarios
2097 2083 2378 2146 exscriptum
2394 2119 2407 2141 ‚

1378 2159 1517 2210 latius
1545 2178 1627 2226 per
1650 2161 1911 2228 Europam,
1940 2162 2145 2214 Africam
2169 2175 2214 2214 et
2245 2163 2413 2213 Orien·

1379 2253 1475 2292 tem
1508 2243 1740 2294 volitasse.
1775 2243 1893 2311 Quia
1925 2263 2033 2295 vero
2068 2247 2128 2295 ab
2167 2246 2416 2296 Hormisda

1378 2325 1530 2375 fuerat
1564 2329 1797 2389 missum,
1840 2330 2037 2395 ejusque
2071 2331 2272 2378 nomine
2305 2329 2415 2378 vul-

1378 2419 1535 2473 gatum
1559 2445 1573 2468 ,
1602 2408 1758 2459 eidem
1795 2420 1955 2476 postea
1979 2420 2210 2478 tanquam
2238 2413 2416 2460 auctori

1377 2490 1614 2540 tributum
1631 2487 1774 2541 fuisse
1792 2495 2030 2558 opinatur.
2049 2493 2120 2542 De
2135 2511 2260 2553 anno
2277 2528 2291 2553 ‚
2320 2509 2415 2558 quo

1375 2573 1618 2622 decretum
1647 2593 1675 2623 a
1702 2573 1886 2623 Gelasio
1907 2575 2151 2621 eonditum
2173 2573 2262 2621 fuit
2276 2611 2291 2634 ,
2313 2575 2405 2621 cri-

1377 2656 1455 2702 tici
1498 2657 1621 2701 inter
1665 2669 1715 2701 se
1768 2653 2014 2702 dissident.
2062 2651 2293 2702 Baronius
2346 2654 2408 2702 ad

1375 2751 1455 2782 an.
1491 2731 1624 2797 464,
1661 2752 1714 2783 n.
1754 2749 1846 2800 19,
1890 2733 2053 2783 datum
2084 2738 2319 2786 existimat
2354 2740 2407 2786 in

1375 2813 1588 2864 Concilio
1615 2815 1757 2865 Rom.
1791 2833 1880 2865 Lxx
1906 2816 2278 2884 Episcoporum,
2308 2820 2408 2868 As·-

1374 2899 1495 2946 terio
1515 2907 1655 2964 atque
1675 2899 1925 2949 Proesidio
1947 2901 2265 2964 consulibus5
2292 2904 2400 2968 plu-

1375 2981 1506 3031 ribus
1536 2982 1660 3031 hanc
1694 2986 1974 3032 sententiam
2005 2986 2252 3034 confirmat
2279 2985 2403 3035 Lab-

1375 3064 1521 3124 beus,
1559 3075 1676 3113 tom.
1710 3081 1756 3112 iv
1779 3103 1792 3125 ‚
1837 3066 1930 3115 col.
1977 3065 2140 3130 12603
2175 3070 2405 3118 consentit

1377 3146 1572 3196 demum
1619 3146 1910 3212 chiffletius,
1945 3152 1996 3198 in
2024 3153 2148 3199 notis
2179 3149 2240 3199 ad
2270 3149 2401 3216 Vigi-

1376 3231 1496 3279 lium
1529 3229 1845 3296 Tapoensem,
1890 3250 1999 3300 pag.
2040 3230 2131 3300 157
2152 3269 2168 3294 ‚
2205 3235 2406 3282 auctori-

1378 3324 1470 3363 tate
1513 3313 1680 3366 ductus
1720 3316 2021 3381 antiquorum
2062 3315 2309 3375 codicum,
2349 3318 2405 3362 in
2446 3354 2448 3357 .

1379 3397 1556 3465 quibus
1573 3397 1661 3447 Ιιοο
1678 3397 1919 3447 decretum
1945 3410 2186 3448 molatura
2207 3399 2406 3448 Gelasio

1382 3484 1438 3530 in
1461 3478 1656 3547 Synodo
1687 3482 1831 3532 Rom.
1859 3500 1946 3532 ixx
1973 3481 2131 3550 Epp.‚
2151 3482 2347 3532 Asteria
2362 3491 2410 3532 et

1385 3562 1631 3616 Praesidio
1658 3565 1817 3627 Coss„
1848 3568 1938 3631 qui
1952 3574 2022 3615 est
2045 3583 2129 3615 an.
2149 3565 2277 3635 494,
2309 3565 2429 3639 Ges

1382 3651 1503 3700 Iasii
1535 3668 1683 3719 papae
1726 3654 1929 3716 tertius,
1972 3660 2083 3702 ante
2125 3650 2407 3703 Hormisdoe

1385 3736 1534 3785 initia
1568 3736 1842 3785 vicesimus.
