2502 4134
318 150 398 212 78
934 173 1128 214 mser.
1179 176 1246 213 mi
1291 174 1442 215 roms
1485 177 1866 217 rnnorocicis.

317 319 491 377 (Μαῖα
520 329 575 377 et
598 321 966 378 miraculosa
987 321 1242 390 imbuti,
1265 330 1395 378 tum
1423 322 1621 401 ipsius
1640 323 1934 404 doqmatis
1957 322 2026 381 de
2046 324 2450 402 inspiratione

315 415 603 484 historia,
639 437 773 494 quse
802 417 955 475 libri
988 421 1285 496 inspirati
1320 438 1538 477 nomen
1566 421 1903 497 promiscue
1939 419 2027 478 acl
2058 424 2286 498 scripta
2325 442 2447 479 non

316 515 640 579 canonica,
663 535 716 570 v.
738 535 801 591 9.
826 513 1059 571 librum
1094 512 1332 581 Enoch,
1364 515 1616 573 oracula
1649 515 1956 595 Sibyllina
1984 507 2225 594 aliaque
2255 526 2450 576 trans·

317 612 509 666 latum
544 610 773 685 fuisse,
811 618 867 668 et
902 610 1275 667 subtiliorem
1315 607 1745 688 inspirationis
1772 614 2043 690 formam
2084 593 2296 671 saeculo
2340 613 2449 671 de-

317 725 488 761 mum
524 703 728 763 XVII
749 705 985 783 effictam
1030 725 1143 762 esse
1164 747 1184 775 ,
1220 705 1547 763 certissime
1588 706 1951 766 demonstrat
1982 707 2094 786 (l).
2141 709 2309 787 Ergo,

403 799 539 858 121.
590 800 764 881 Resp.
802 799 890 859 Ad
935 800 1038 874 1¹1¹,
1087 799 1241 880 Ney.
1274 801 1557 874 Quaenam
1592 800 1752 861 enim
1787 804 2173 883 repugnantia
2211 803 2351 884 fingi
2387 803 2450 863 in

315 917 384 954 eo
416 906 609 976 potest
630 941 645 970 a
682 894 842 976 quod
871 897 1107 954 Numen
1146 918 1377 955 summe
1415 896 1772 980 perfectum,
1809 918 1994 979 quum
2017 897 2320 958 hominem
2353 922 2452 960 ra-

315 991 475 1050 tione
499 991 812 1073 praeditum
837 991 1199 1067 condiderit,
1227 993 1504 1052 eumdem
1535 1005 1594 1052 et
1623 1003 1861 1053 moveat
1889 1004 1948 1052 et
1974 991 2256 1069 illustret,
2283 996 2452 1078 eique

315 1088 604 1150 adsistat?
632 1090 787 1164 Quid
817 1113 993 1172 porro
1027 1090 1304 1150 evincant
1323 1136 1338 1163 .,
1370 1111 1497 1171 quae
1525 1091 1855 1150 afferuntur
1887 1112 1959 1149 ex
1986 1092 2158 1149 Joan.
2195 1091 2269 1149 IV
2289 1137 2305 1166 ,
2335 1093 2450 1168 24,

314 1183 415 1244 ubi
457 1184 669 1244 dicitur
704 1208 717 1244 z
755 1187 1027 1266 Spiritus
1060 1197 1148 1245 est
1171 1187 1337 1245 Deus
1346 1229 1371 1258 ,
1401 1198 1461 1245 et
1494 1187 1545 1244 II
1578 1187 1707 1245 Cor.
1752 1188 1831 1244 111
1853 1232 1868 1258 ‚
1912 1186 1983 1245 17
2006 1232 2021 1260 .,
2063 1185 2164 1245 ubi
2191 1186 2404 1267 legitur
2431 1211 2444 1246 :

312 1282 621 1342 Dominus
642 1285 902 1361 spiritus
932 1292 1046 1351 est,
1081 1280 1256 1362 plane
1285 1281 1507 1361 ignom.
1535 1282 1689 1355 Quid
1716 1282 1917 1341 enim?
1945 1282 2004 1341 Si
2028 1285 2181 1341 Deus
2212 1284 2451 1365 spiritus

311 1389 398 1437 est
417 1424 432 1450 .,
463 1399 611 1436 num
644 1389 955 1459 propterea
983 1377 1194 1458 nequit
1218 1376 1447 1436 homini
1477 1378 1801 1460 inspirare?
1826 1381 1951 1437 lmo
1983 1378 2094 1438 hoc
2121 1379 2247 1460 ipso
2272 1380 2451 1460 magis

309 1471 555 1533 idoneus
595 1476 705 1532 erit
742 1472 818 1532 ad
852 1472 915 1553 id
953 1471 1350 1532 efficiendum.

396 1570 533 1628 122.
586 1571 875 1648 Negamus
909 1578 1226 1650 praeterea,
1269 1589 1375 1650 per
1408 1568 1675 1628 divinam
1703 1568 2155 1649 inspirationem
2189 1567 2453 1650 derogari

309 1665 632 1747 quidquam
672 1676 773 1722 aut
809 1664 1069 1723 hominis
1107 1663 1369 1724 libertati
1411 1676 1511 1723 aut
1549 1662 1938 1724 intellectuali
1975 1685 2040 1723 ac
2080 1663 2289 1723 morali
2332 1670 2453 1744 ejus

306 1762 608 1841 dignitati,
657 1782 786 1842 quae
825 1761 1019 1843 potius
1061 1781 1131 1819 ex
1173 1759 1271 1818 illa
1321 1759 1646 1844 plurimum
1690 1761 2118 1843 perficiuntur,
2166 1761 2452 1842 quemad-

306 1857 554 1918 modum
592 1858 788 1937 gratiae
835 1879 1105 1939 supernae
1154 1857 1398 1916 accessio
1440 1868 1715 1916 naturam
1758 1855 2014 1915 hominis
2066 1855 2453 1916 vehementer

306 1956 535 2036 perficit
568 1976 633 2013 ac
663 1953 939 2035 complet.
971 1953 1359 2035 Inspiratione
1397 1955 1616 2035 quippe
1651 1953 1830 2011 homo
1880 1954 1942 2011 in
1972 1974 2175 2012 eorum
2213 1951 2453 2012 devenit

306 2051 616 2124 notitiam,
667 2071 797 2131 quae
838 2071 910 2108 ex
956 2071 1015 2108 se
1059 2061 1161 2107 aut
1202 2048 1368 2107 nullo
1414 2049 1589 2108 modo
1624 2060 1725 2107 aut
1762 2070 1914 2128 aegre
1951 2048 2194 2107 omnino
2235 2069 2453 2127 cogno-

306 2170 468 2209 scere
490 2148 776 2231 potuisset
798 2192 813 2222 a
840 2168 1089 2227 quaeque
1121 2144 1258 2204 talia
1284 2156 1425 2203 sunt
1450 2157 1515 2203 ut
1538 2144 1709 2207 valde
1734 2144 2038 2204 conferant
2063 2144 2183 2204 sive
2214 2144 2288 2203 ad
2317 2143 2445 2224 ple-

305 2248 536 2306 niorem
585 2244 693 2304 Dei
740 2243 1135 2323 cognitionem
1188 2243 1309 2302 sive
1363 2240 1437 2300 ad
1488 2241 1908 2324 perfectionem
1955 2238 2212 2298 hominis
2261 2239 2442 2322 ipsius

306 2331 756 2424 assequendam.

394 2436 529 2498 123.
578 2435 666 2496 Ad
700 2437 809 2510 2¹¹⁰7
840 2435 995 2494 Dist.
1030 2433 1432 2516 inspirationis
1466 2431 1729 2491 doctrina
1768 2431 2149 2493 ecclesiastica
2170 2477 2186 2506 ‚
2225 2452 2441 2513 nempe

304 2515 677 2618 protestans,
726 2555 826 2591 seu
862 2541 1038 2613 prout
1083 2552 1113 2588 a
1153 2531 1320 2589 sectis
1359 2527 1820 2611 protestantibus
1863 2529 2175 2600 asseritur7
2218 2525 2438 2585 seclusa

306 2631 570 2691 Ecclesiae
606 2628 901 2688 catholicae
936 2627 1315 2700 auctoritate,
1359 2627 1702 2707 impugnata
1746 2637 1805 2684 et
1842 2645 1995 2705 pene
2029 2621 2266 2704 explosa
2311 2632 2435 2697 est3

306 2739 533 2799 trans.‚·
581 2736 757 2807 prout
801 2747 830 2782 a
876 2723 1045 2783 nobis
1085 2722 1405 2781 adstruitur
1442 2743 1513 2779 ex
1556 2720 1822 2779 Ecclesiae
1860 2718 2154 2778 catholicae
2190 2719 2435 2777 auctori-

307 2834 462 2897 tate7
503 2832 802 2904 perpetuas
834 2818 1136 2878 traditioni
1172 2818 1409 2891 innixa,
1445 2838 1571 2896 ney.
1609 2816 1916 2889 Fatemur7
1956 2818 2076 2872 imo
2121 2814 2435 2874 contendi-

306 2942 474 2995 muS,
524 2917 684 2975 haud
732 2936 899 2998 posse
950 2917 1348 2972 Protestantes
1400 2933 1471 2971 ex
1522 2910 1654 2969 solis
1703 2912 2061 2990 argumentis
2107 2911 2434 2969 intrinsecis

308 3015 719 3075 canonicorum
747 3010 1032 3070 librorum
1063 3008 1329 3068 divinam
1362 3007 1630 3067 evincere
1659 3006 2104 3087 inspirationem
2123 3051 2138 3080 7
2175 3004 2332 3087 quod
2363 3027 2432 3065 ex

304 3111 567 3195 professo
591 3110 652 3168 in
680 3108 860 3168 altera
891 3128 1028 3166 mox
1059 3104 1421 3183 subjicienda
1453 3102 1851 3185 propositione
1882 3101 2276 3161 ostendemus
2308 3103 2431 3174 Qua

305 3209 495 3292 posita
544 3206 1052 3267 animadversione
1081 3249 1097 3278 ,
1148 3214 1277 3261 tuto
1330 3222 1630 3284 possemus
1680 3199 1963 3276 ejusmodi
2022 3196 2430 3271 difficultateS‚

308 3325 436 3388 quae
460 3304 868 3387 probationem
894 3313 1159 3360 nostram
1185 3319 1294 3357 nec
1319 3298 1633 3356 minimum
1665 3295 1966 3372 attingunt
1982 3339 1998 3367 ,
2023 3292 2266 3351 omnino
2290 3312 2432 3373 prae-

308 3402 657 3462 termittere.
695 3401 843 3459 Cum
874 3409 1076 3456 tamen
1106 3395 1398 3478 pleraeque
1423 3404 1523 3453 aut
1552 3390 1705 3450 falsae
1728 3391 1875 3464 sint,
1904 3401 2006 3448 aut
2032 3388 2205 3446 sacris
2235 3389 2432 3470 Scrip-

309 3496 533 3558 toribus
566 3495 892 3574 injnrioeae,
931 3490 1269 3574 singillatim
1296 3489 1503 3551 iisdem
1531 3486 1906 3547 occurrimus·
1946 3486 2147 3566 Itaque

380 3716 451 3782 (1)
490 3715 559 3764 Ita
590 3711 950 3780 Wegwheider,
984 3707 1037 3776 §§
1068 3706 1133 3773 42
1167 3718 1213 3758 et
1246 3708 1331 3772 43.
