2502 4134
446 124 605 160 rAn'r.
653 122 710 159 11.
755 118 878 159 car.
924 113 1017 158 111.
1062 122 1128 158 nn
1173 119 1330 161 saca.
1383 120 1672 158 SCRIPTUR.
1721 120 1901 158 laren.

2122 101 2235 159 103

74 263 76 266 ’
120 265 326 350 quibus
366 254 521 323 haud
564 285 745 346 pauca
789 275 1100 349 occurrunt
1139 262 1437 323 intellectu
1486 261 1737 321 difficilia
1761 307 1776 336 ,
1810 262 1889 319 ita
1931 272 1996 319 ut
2045 283 2232 342 prona

116 362 287 419 nimis
322 360 589 441 deceptio
616 360 690 417 sit
719 359 827 436 (l).
858 358 1026 441 Quod
1072 358 1118 417 si
1154 356 1526 417 attendamus
1563 357 1638 416 ad
1667 356 1911 415 modum
1931 401 1946 431 ,
1989 377 2105 437 quo
2137 378 2229 415 res

115 458 250 538 ipsae
272 456 334 514 in
350 455 657 536 Scripturis
677 453 1004 514 efferuntur
1019 500 1034 526 .,
1061 453 1221 512 haud
1241 453 1436 511 minor
1452 451 1590 510 inde
1607 451 1919 512 difficultas
1940 453 2226 532 exsurgit,

115 572 266 631 saepe
308 549 468 609 enim
499 550 637 631 ipsae
666 548 936 607 alludunt
976 549 1051 607 ad
1081 549 1405 630 praeteritas
1440 569 1532 608 res
1553 592 1568 620 ,
1607 568 1736 629 quae
1768 570 1876 607 nos
1906 547 2129 621 latent,
2160 548 2233 606 ad

113 644 602 719 consuetudineS,
648 665 953 725 moresque
1001 655 1139 701 tunc
1182 644 1460 724 temporis
1499 654 1798 723 receptose,
1849 644 2234 725 inveniuntur

114 751 388 821 praeterea
422 739 626 799 crebro
670 751 1017 821 apparentes
1054 738 1374 819 antilogiae3
1411 736 1819 821 phrasaeologia
1848 738 2008 821 ipsa,
2041 738 2114 796 ab
2142 740 2231 796 in-

114 835 245 894 dole
264 835 606 894 idiomatum
627 846 963 894 nostrorum
987 835 1167 893 imma
1178 856 1251 893 ne
1276 846 1564 916 quantum
1591 833 1929 915 discrepans
1950 877 1965 907 ,
1992 832 2230 892 difficul-

181 1068 244 1129 (1)
295 1067 516 1131 Exemplo
575 1067 665 1113 sint
695 1100 709 1124 ‚
760 1079 862 1128 quae
915 1063 1132 1127 leguntur

113 1148 280 1197 Matth.
309 1166 366 1207 v,
401 1145 466 1210 4ο
489 1161 505 1194 τ
533 1144 609 1193 Εἰ
634 1146 722 1208 qui
747 1142 850 1191 vult
875 1151 1027 1190 tecum
1035 1159 1126 1208 με

110 1232 238 1279 dicio
264 1228 545 1278 contendere
571 1235 620 1275 et
645 1227 862 1274 tunicam
892 1234 1026 1273 mam
1042 1224 1128 1273 tol·

105 1320 200 1366 lere
218 1349 234 1369 ,
264 1312 452 1360 dimitte
478 1313 528 1359 ei
555 1319 600 1358 et
622 1300 850 1376 pallium.
874 1309 1130 1358 Continent

107 1411 166 1444 ne
191 1395 330 1445 verba
357 1395 455 1443 haec
481 1403 761 1459 praeceptum
783 1429 796 1452 ,
825 1411 886 1441 an
917 1410 1024 1442 vero
1054 1410 1128 1441 so-

105 1478 207 1527 lum
242 1474 525 1526 consilium?
552 1476 681 1525 Idem
712 1476 788 1524 dic
821 1476 879 1524 de
907 1477 962 1523 iis
981 1512 994 1533 ,
1023 1492 1127 1541 quae

107 1561 324 1625 leguntur
341 1559 456 1607 Luc.
491 1575 568 1607 xlv
587 1596 601 1618 ‚
636 1557 702 1606 33
724 1574 739 1606 ε
763 1557 939 1606 Omnis
967 1572 1025 1605 eat
1044 1573 1125 1604 vo-

106 1643 210 1704 bis,
241 1643 329 1706 qui
355 1658 453 1689 non
482 1642 732 1688 renuntiat
761 1638 987 1687 omnibus
1018 1655 1128 1703 quae

101 1724 340 1790 possidet,
374 1739 474 1771 ‘nou
501 1730 657 1789 potest
688 1738 822 1769 meus
850 1738 949 1768 esse
983 1721 1129 1768 disci-

97 1805 278 1872 pulatu
303 1815 349 1853 et
379 1804 500 1853 ibid.
532 1821 593 1852 ιιι
615 1842 627 1864 ,
659 1803 723 1852 33
750 1820 763 1852 :
793 1800 843 1850 V
839 1802 1001 1850 endite
1020 1819 1127 1867 quw

99 1887 379 1953 possidetis,
401 1897 446 1936 et
477 1886 584 1941 date
616 1884 990 1949 eleemosynam3
1018 1885 1128 1932 alia-

104 1987 196 2035 que
239 1965 468 2036 ejusmodi
521 1986 639 2034 pene
688 1970 937 2016 innumera
959 2005 972 2027 ,
1018 1957 1126 2033 'quae

106 2055 352 2117 quamvis,
396 2055 611 2117 spectatis
649 2051 800 2099 verbis
823 2088 836 2108 ‚
882 2051 1128 2099 videantur

105 2131 355 2181 clarissima
375 2171 388 2192 ,
417 2133 609 2181 illorum
638 2143 794 2181 tamen
818 2132 1126 2198 intelligentia

108 2212 283 2280 absque
314 2217 686 2279 interpretatione
710 2214 922 2263 Ecclesiae
959 2214 1126 2262 obscu-

106 2297 285 2343 rissima
314 2306 394 2343 est.
418 2295 527 2343 Haec
553 2305 706 2344 autem
737 2313 790 2343 eo
821 2297 988 2359 potiori
1019 2293 1125 2360 jure

106 2394 323 2442 urgemus
350 2377 590 2425 adversum
619 2375 927 2425 protestantes
950 2413 964 2436 ,
995 2377 1121 2441 quod

107 2460 290 2523 integrae
328 2468 458 2506 sectae
494 2457 731 2506 interdum
777 2460 933 2505 cortici
967 2457 1127 2504 litterae

106 2540 384 2588 inhaerentes
432 2539 725 2588 contendunt
746 2577 759 2597 ‚
806 2540 964 2587 illicita
1005 2556 1124 2586 non·

105 2623 234 2672 nulla
257 2640 353 2672 esse
371 2661 384 2682 ‚
416 2624 523 2687 quia
550 2639 603 2670 ea
629 2621 851 2670 damnare
870 2621 1120 2686 Scripturae

43 2732 48 2737 -
105 2706 337 2755 videntur.
374 2704 441 2753 Ita
474 2703 699 2770 Quackeri
741 2715 957 2753 recusant
993 2707 1123 2771 jura-

106 2799 315 2837 mentum
334 2790 625 2853 interponere
642 2821 657 2847 ,
681 2790 818 2835 etiam
845 2790 894 2834 in
908 2787 1088 2853 judicio
1108 2825 1122 2847 ,

106 2871 212 2935 quia
236 2872 456 2934 scriptum
482 2879 576 2928 est,
600 2867 766 2917 Matth.
792 2887 821 2917 v
841 2906 854 2928 ,
890 2866 956 2932 34
980 2886 993 2917 :
1015 2867 1123 2933 qu

106 2960 262 2999 autem
288 2951 394 2999 dico
422 2951 580 3012 vobis,
603 2967 699 2998 non
704 2953 884 3016 jurare
905 2951 1124 3000 omnino.

108 3031 195 3081 Alii
227 3044 380 3082 autem
402 3072 415 3093 ,
448 3035 554 3099 quia
587 3036 806 3098 scriptum
844 3044 937 3094 est,
971 3033 1121 3082 Exod.

110 3134 163 3164 xx
179 3154 192 3175 ,
213 3113 246 3163 8
264 3134 277 3164 :
304 3117 543 3164 Memento
561 3123 613 3162 ut
632 3116 759 3163 diem
778 3109 969 3163 sabbati
986 3130 1125 3162 sanc-

105 3198 254 3261 tifices
269 3233 284 3257 ,
316 3199 509 3247 ridicule
535 3199 817 3246 dominicam
847 3198 969 3247 diem
996 3195 1117 3245 Sab-

109 3276 208 3325 babi
231 3283 420 3328 nomine
445 3291 639 3340 vocant,
673 3298 731 3328 ne
756 3281 998 3331 videantur
1022 3280 1113 3327 hu-

106 3360 306 3423 jusmodi
324 3363 575 3427 transgredi
589 3372 883 3428 praeceptum.
893 3360 1119 3409 Nonnulli

110 3438 410 3490 protestantes
423 3479 438 3502 ,
458 3444 568 3493 huic
586 3447 812 3511 principio
828 3446 1092 3493 insistentes
1104 3479 1118 3502 ,

111 3521 300 3570 ulterius
335 3530 551 3589 progressi
593 3539 734 3592 sunt;
768 3529 958 3595 quidam
997 3530 1120 3577 enim

111 3605 383 3654 ascendebat
417 3626 549 3674 super
586 3611 753 3661 domus
784 3628 876 3663 suae
915 3623 1029 3662 tecta
1066 3612 1123 3661 ad

1213 1062 1556 1126 praedicandum
1586 1063 1971 1129 transeuntibus,
2019 1069 2125 1130 quia
2163 1066 2231 1113 le-

1212 1146 1356 1210 gitur,
1389 1143 1556 1194 Matth.
1593 1134 1654 1206 x,
1696 1160 1760 1213 27
1801 1160 1815 1195 τ
1856 1146 1999 1209 Quod
2030 1148 2085 1193 in
2115 1163 2232 1195 aure

1211 1225 1424 1287 auditis,
1461 1227 1726 1291 praedicate
1753 1244 1898 1293 super
1931 1236 2051 1277 tecta
2066 1246 2085 1289 ,·
2114 1230 2229 1277 alius

1210 1326 1318 1358 vero
1345 1312 1462 1358 serio
1478 1309 1676 1358 docebat
1699 1313 1911 1375 mysteria
1934 1311 2044 1358 fidei
2069 1328 2229 1359 canem

1209 1410 1346 1440 suum
1366 1429 1380 1452 ‚
1409 1395 1519 1458 quia
1539 1430 1552 1451 ‚
1586 1392 1730 1442 Marc.
1755 1403 1865 1454 ΧΠ,
1901 1392 1959 1442 15
1978 1429 1992 1455 ,
2023 1393 2189 1441 dicitur
2213 1411 2227 1440 τ

1209 1470 1481 1523 Proedicate
1513 1474 1846 1539 Evanqelium
1882 1476 2016 1523 omni
2046 1482 2232 1525 creatu-

1209 1573 1309 1615 rae,·
1347 1567 1460 1605 teste
1493 1575 1598 1605 vero
1628 1560 1728 1622 ipso
1763 1556 1992 1606 Leibnitio
2011 1594 2024 1615 ,
2055 1560 2107 1605 in
2135 1557 2228 1605 dis-

1209 1648 1317 1688 sert.
1340 1637 1419 1686 De
1442 1639 1716 1702 eonformit.
1743 1638 1861 1704 fidei
1875 1656 1984 1690 cum
2009 1640 2223 1700 ratione,

1209 1718 1235 1786 §
1276 1737 1332 1768 21
1365 1758 1377 1780 ,
1427 1721 1644 1770 nonnulli
1690 1723 1872 1770 fanatici
1926 1722 2227 1770 protestantes

1209 1803 1556 1861 existimarunt,
1588 1803 1823 1852 Herodem·
1856 1821 2011 1868 reapse
2042 1805 2092 1850 in
2121 1804 2225 1852 vul-

1208 1904 1316 1951 pem
1348 1897 1578 1936 mutatum
1622 1887 1791 1944 fuisse,
1830 1887 1941 1934 dum
1979 1886 2189 1935 Christus
2212 1924 2226 1946 ,

1209 1969 1323 2017 Luc.
1368 1985 1485 2028 xm,
1534 1969 1626 2029 32,
1679 1969 1815 2017 verba
1862 1968 1940 2015 illa
1984 1968 2171 2033 protulit
2211 1985 2225 2015 ε

1208 2050 1377 2099 Dicite
1404 2049 1542 2116 vulpi
1566 2050 1669 2110 illi,
1703 2060 1791 2099 etc.
1815 2048 1918 2098 Hoc
1947 2067 2052 2098 vero
2083 2048 2228 2098 unde-

1206 2150 1315 2182 nam
1357 2136 1445 2182 nisi
1486 2152 1542 2183 ex
1580 2132 1847 2181 difficultate
1891 2130 2222 2191 discernendi,

1189 2210 1396 2282 ⁴quando
1429 2216 1674 2281 Scripturae
1705 2216 1843 2264 verba
1873 2215 2187 2280 metaphorice
2206 2252 2219 2273 ‚

1208 2299 1398 2363 quando
1415 2315 1520 2346 vero
1538 2297 1791 2346 litteraliter
1813 2296 2083 2361 accipienda
2103 2298 2222 2357 sint,
2258 2335 2263 2337 <

1207 2388 1260 2426 ut
1305 2379 1562 2427 Leibnitius
1610 2373 1841 2426 adnotat?
1874 2377 2224 2437 Carlostadius‚

1207 2463 1255 2507 in
1282 2460 1537 2524 disciplinis
1552 2460 1820 2524 theologicis
1837 2458 2030 2507 Lutheri
2050 2459 2229 2523 profes-

1207 2557 1308 2601 sor,
1340 2544 1466 2605 prius
1495 2540 1746 2588 catholicus
1766 2576 1780 2598 ‚
1808 2555 1935 2605 puro
1965 2539 2102 2588 verbo
2128 2537 2225 2588 Dei

1207 2625 1394 2671 innixus
1419 2659 1431 2680 ‚
1486 2631 1537 2669 2⁰
1578 2613 1848 2670 lutheranus
1894 2621 2083 2669 effectus
2121 2631 2222 2681 est,

1210 2705 1263 2753 30
1311 2705 1594 2769 anabaptista
1617 2742 1629 2764 ‚
1687 2702 1741 2767 40
1796 2704 2173 2752 sacramentarius
2209 2739 2223 2762 ‚

1210 2785 1263 2834 5⁰
1296 2787 1464 2834 deinde
1491 2803 1680 2835 uxorem
1702 2786 1863 2847 duxit,
1890 2783 1944 2834 6⁰
1967 2786 2160 2834 demum
2177 2802 2225 2833 se

1207 2872 1387 2935 pistoris
1415 2867 1500 2917 arti
1527 2869 1732 2927 addixit,
1755 2869 1863 2934 quia
1886 2869 2108 2933 scriptum
2129 2875 2222 2926 est,

1207 2952 1323 3001 Gen.
1358 2968 1439 3013 m,
1488 2968 1547 3019 ¹9
1579 2968 1593 2998 ε
1631 2949 1699 2997 In
1737 2949 1907 2998 sudore
1949 2947 2106 2996 vultus
2151 2950 2227 2996 tui

1205 3036 1410 3084 vesceris
1434 3049 1584 3099 pane.
1602 3031 1701 3081 Cfr.
1724 3030 1902 3092 Audin,
1935 3029 2154 3079 Histoire
2168 3029 2226 3077 de

1207 3117 1255 3166 Ia
1303 3119 1380 3166 vie
1422 3116 1481 3165 de
1525 3115 1928 3176 Luther,vnouv.
1974 3113 2089 3163 edit.
2133 3113 2223 3162 Pa·

1199 3204 1259 3250 ris
1299 3196 1418 3264 ¹841·
1444 3237 1457 3262 ‚
1498 3208 1610 3246 tom.
1645 3215 1661 3245 1
1683 3235 1697 3258 ,
1728 3214 1832 3262 pag.
1872 3212 1932 3262 19
1962 3207 2008 3244 et
2035 3213 2138 3261 seq.
2176 3206 2220 3244 et

1198 3301 1303 3348 pag.
1325 3282 1410 3350 37.
1431 3281 1566 3329 Plura
1588 3279 1675 3327 alia
1694 3294 1875 3344 possem
1903 3278 2109 3342 exempla
2130 3278 2213 3324 ad-

1203 3366 1404 3427 ducere3
1452 3363 1531 3411 sed
1567 3379 1627 3411 ne
1662 3361 1795 3409 taedio
1818 3363 1904 3409 sim
1926 3398 1939 3420 ,
1976 3362 2063 3408 ista
2094 3359 2224 3407 suffi-

1203 3446 1348 3496 ciant.
1387 3446 1486 3499 Cfr.
1525 3444 1724 3505 Mssner,
1761 3441 2038 3492 Excellenee
2078 3439 2222 3488 de‘la

1208 3528 1361 3594 Reliq.
1375 3525 1543 3577 cathol.
1561 3526 1686 3575 Paris
1706 3542 1722 3574 ι
1732 3522 1855 3588 825,
1866 3535 1978 3574 tom.
1992 3541 2027 3584 ι,
2041 3522 2156 3571 lettr.
2170 3536 2221 3586 9.
