2502 4134
284 173 442 212 PART.
488 171 568 209 111.
619 170 765 207 SECT.
814 170 856 204 1.
906 168 1032 205 GAP.
1079 169 1118 205 1.
1169 168 1234 204 ΒΕ
1269 166 1395 217 ῙζΑΤ.
1440 167 1568 207 ΑΝΤ.
1619 171 1726 209 Fu).
1773 171 1962 212 SPEc'r.

2051 154 2175 215 425

73 319 178 378 bus
214 316 482 376 innititur
506 358 522 387 ,
572 310 833 370 admissis
855 353 872 383 ‚
911 330 1033 367 non
1083 308 1289 366 existat
1326 309 1412 366 uti
1456 315 1705 371 scientia
1746 313 1863 394 (l).·‚
1909 316 1978 374 2⁰
2012 318 2170 398 quod

72 412 423 471 naturalistae
458 407 878 492 praestantiores
919 403 1098 472 aetatis
1126 414 1336 462 nostrae
1381 404 1549 463 nihili
1591 428 1721 467 earn
1763 409 2005 470 fecerint
2042 412 2166 491 (⁶2.);

74 507 138 567 30
174 506 344 588 :quod
391 505 539 567 veris
584 503 1128 571 adverseturrsanae
1175 497 1558 579 psychologiae
1603 503 1939 585 principiiS.,
1995 516 2170 589 atque

70 603 207 683 ipsis
238 597 735 661 observationibus
758 592 1130 677 pathologicis
1151 603 1449 651 evertatur
1469 595 1586 675 (3);
1622 597 1689 655 40
1716 599 1873 679 quod
1901 600 2075 660 stulta
2094 602 2170 661 Sit

67 812 262 875 systeme
288 809 690 876 phrenoloqique,
733 809 782 854 in
817 800 1070 871 quopiam

68 894 197 941 utilia
225 892 487 954 habentur3
518 901 719 939 attamen
741 893 897 935 auctor
924 886 1069 933 sansi-

69 976 297 1022 monismo
315 975 522 1024 addictus
537 974 647 1020 falsa
663 988 717 1020 ac
733 970 930 1018 absurda
945 971 1068 1033 priu-

66 1057 183 1119 cipia
215 1073 294 1102 sua
323 1055 494 1103 ibidem
529 1054 783 1108 admiscet,
820 1050 944 1099 unde
969 1059 1014 1097 et
1043 1066 1068 1096 a

66 1135 312 1200 Debreyne
330 1173 343 1195 ‚
371 1147 416 1186 et
444 1139 578 1184 etiam
606 1138 656 1182 in
680 1133 873 1182 articulo
900 1135 1068 1179 inserto

65 1222 115 1266 in
152 1218 365 1267 Journal
398 1218 657 1281 historique
678 1224 723 1264 et
747 1215 979 1262 litter-aire
1012 1212 1068 1260 de

67 1298 239 1364 Lieqe,
277 1301 389 1349 fasc.
420 1317 436 1346 ι
454 1336 467 1360 ,
497 1298 615 1346 Nov.
644 1295 800 1359 1838,
823 1296 884 1344 ob
911 1296 959 1343 id
984 1313 1067 1360 op-

65 1392 260 1446 portune
294 1399 486 1429 censura
515 1389 698 1429 notatus
722 1380 827 1427 fuit.
865 1377 1065 1426 Demum

64 1463 198 1509 etiam
219 1461 396 1510 Abrens
409 1499 423 1520 ,
442 1463 573 1527 cujus
594 1459 928 1525 philosophiam
947 1476 1065 1523 pan-

60 1543 313 1591 theisticam
341 1543 633 1591 vehementer
654 1552 867 1590 caeterum
892 1543 1065 1605 impro-

56 1625 255 1684 bamus,
293 1625 432 1673 habet
461 1627 568 1672 satis
598 1624 796 1672 validam
828 1622 1065 1672 refutatio-

60 1724 167 1755 nem
191 1709 445 1772 systematis
467 1706 776 1772 pbrenologici
790 1743 804 1766 ‚
822 1708 871 1753 in
886 1723 963 1771 op.
981 1708 1059 1755 cit.

59 1799 171 1838 tom.
196 1807 239 1848 ι,
266 1807 369 1854 pag.
400 1804 490 1837 221
526 1798 574 1837 et
592 1805 719 1854 seqq.

124 1869 191 1933 (1)
230 1871 368 1918 Aliud
399 1880 465 1918 est
492 1871 616 1917 enim
640 1869 768 1935 loqui
793 1869 851 1918 de
872 1870 1062 1933 singulis

54 1952 187 2000 factis
204 1988 217 2011 ‚
245 1951 371 1999 aliud
396 1951 454 2000 de
485 1950 619 1998 modo
650 1951 728 1999 illa
757 1950 1058 2016 explanandi,

52 2050 105 2081 ac
136 2034 192 2081 de
229 2031 409 2097 leqibus
449 2031 762 2081 constantibus
790 2033 1061 2081 universali-

51 2114 138 2162 bus
158 2151 173 2176 ‚
204 2116 462 2163 necessariis
478 2150 492 2176 ,
521 2132 635 2180 quas
668 2114 935 2179 phrenologi
961 2116 1059 2163 vel-

51 2194 294 2244 lent.in'de
338 2196 559 2260 colligere.
601 2195 824 2244 Caeterum
862 2214 916 2244 ex
950 2199 1059 2262 ipsis

50 2278 181 2325 factis
214 2277 462 2325 observatis
489 2278 619 2340 plura
651 2276 829 2342 legibus
863 2280 961 2326 istis
993 2289 1061 2327 te-

49 2375 174 2406 mere
200 2358 408 2407 confictis
430 2358 640 2423 refragari
667 2358 911 2407 ostendunt
932 2361 1056 2409 citati

47 2451 268 2489 auctores.
728 2483 733 2487 ,

115 2522 181 2586 (2)
220 2520 295 2571 La
327 2521 695 2588 phrenoloqie...
734 2539 913 2572 comme
947 2540 1050 2590 sys-

46 2605 163 2652 teme
183 2603 574 2669 psycholoqique‚
600 2604 713 2652 c'est
742 2621 840 2653 une
858 2622 1052 2673 concep-

41 2686 142 2733 tion
188 2686 553 2734 contradic-taire
569 2721 585 2746 ,
645 2703 825 2736 comme
873 2687 1050 2737 theorie

39 2767 728 2834 anutomico—physioloqique
745 2807 759 2830 ,
801 2768 909 2817 c’est
953 2787 1047 2818 une

37 2848 284 2915 hypothese
336 2850 687 2916 completement
745 2851 922 2900 denuee
988 2852 1047 2900 de

0 2927 2 2934 ’
33 2947 300 2997 preuves...
331 2931 386 2979 ΙΙ
424 2941 493 2981 est
533 2940 824 2981 notamment
863 2950 1046 2982 remar-

12 3013 201 3077 ρφιαῖπὶες
233 3014 473 3079 qu’aucun
508 3015 588 3064 dee
619 3015 889 3080 zooloqistes
907 3016 1048 3080 fran-

38 3094 141 3156 pais
169 3094 224 3142 de
245 3111 294 3143 ce
319 3096 482 3158 siecle,
510 3099 596 3161 qui
617 3107 700 3144 ont
722 3099 768 3144 si
785 3098 1046 3164 profhnde-

38 3187 167 3224 mem
212 3179 366 3227 stadie
403 3180 764 3245 l’orqanisation
809 3182 888 3230 des
924 3185 1044 3231 §tres

38 3260 224 3307 vicanis
247 3260 352 3314 θεῖα
374 3262 515 3312 haute
524 3263 846 3329 physioloqie,
868 3282 928 3312 ne
945 3264 1041 3313 s'en

36 3341 128 3388 soit
152 3347 337 3407 oocupe.
356 3343 533 3393 Cuoier
545 3347 654 3393 n’en
670 3347 1039 3412 ajamaisparle

35 3419 231 3486 qu'avee
245 3423 436 3475 dedain.
445 3428 590 3475 MM.
602 3427 883 3485 Blainville‚
900 3427 1037 3493 Geosl

29 3503 141 3567 frey
159 3502 547 3569 Sam-Hilaro,
565 3506 751 3572 Senes,
770 3509 823 3558 F
825 3509 1012 3579 lourem
1021 3545 1037 3571 ‚

38 3583 332 3643 Daemones,
353 3585 605 3650 Damam,
633 3598 737 3640 tous
759 3591 825 3640 les
839 3592 1036 3657 physio·

37 3663 219 3732 logiam
254 3668 383 3731 enfin
413 3668 528 3719 dont
556 3669 598 3718 le
632 3687 742 3721 nom
778 3682 848 3723 est
879 3691 1038 3724 conen

1153 815 1212 846 en
1246 798 1470 867 Europe,
1510 821 1543 868 y
1584 813 1690 854 sont
1725 811 1865 855 restes
1902 811 2164 873 etranqers.

1152 880 1206 929 Ε
1207 899 1240 929 n
1256 882 1540 948 Anqleterre
1559 885 1599 934 il
1615 904 1673 935 en
1691 898 1760 936 est
1781 889 1838 937 de
1855 893 2004 939 meme
2018 929 2031 948 ‚
2054 892 2183 956 saus

1153 965 1237 1013 M.
1257 964 1493 1031 Combe...
1515 967 1566 1017 Ε
1567 986 1601 1016 n
1621 970 1908 1036 Allemaqne
1919 1009 1935 1033 ,
1969 973 2168 1022 berceau

1150 1046 1209 1094 de
1223 1037 1580 1115 l'orqanoloqie,
1593 1061 1708 1100 cette
1709 1056 1974 1118 prebendae
1983 1058 2167 1104 sciense

1151 1127 1265 1176 n’est
1300 1131 1443 1194 quere
1482 1149 1668 1181 connue
1706 1151 1797 1198 que
1835 1135 1892 1184 de
1931 1137 2164 1187 nom.>1ta

1154 1209 1352 1260 Gazette
1367 1215 1593 1263 medicale
1608 1216 1664 1262 de
1684 1217 1833 1264 Paris
1858 1216 1984 1268 1836
2000 1257 2014 1279 ‚
2040 1221 2165 1286 apud

1147 1291 1391 1359 Debreyne
1410 1332 1424 1356 ‚
1456 1313 1534 1360 op.
1559 1299 1641 1346 cit.
1673 1314 1779 1363 pag.
1805 1296 1901 1347 260
1921 1337 1933 1358 ‚
1959 1301 2041 1349 ubi
2059 1303 2164 1352 vide
2226 1303 2230 1306 ’

1148 1376 1285 1423 etiam
1304 1363 1580 1440 praeclarum
1607 1378 1732 1427 aliud
1752 1383 2066 1431 testimonium
2088 1401 2164 1434 ce-

1148 1454 1285 1503 lebris
1313 1457 1571 1524 physiologi
1613 1458 1888 1523 Mageaffie,
1920 1466 2000 1528 qui
2027 1465 2163 1529 phre-

1146 1537 1379 1604 nologiam
1394 1547 1529 1588 vocat
1536 1542 2015 1605 pseudo-seientiam,
2037 1563 2163 1596 eam-

1146 1637 1238 1684 que
1301 1620 1453 1684 lepide
1519 1623 1680 1672 irridet
1706 1661 1720 1684 ,
1803 1624 2115 1691 Physioloqie
2143 1664 2157 1684 ,

1144 1699 1270 1750 Paris
1302 1699 1454 1763 1836,
1483 1715 1594 1752 tom.
1626 1723 1643 1752 1
1667 1743 1680 1765 ‚
1710 1723 1817 1771 pag.
1844 1705 1942 1770 246
1963 1718 2009 1756 et
2028 1726 2160 1775 seqq.

1145 1783 1296 1833 Potest
1325 1787 1464 1834 etiam
1499 1789 1614 1836 alius
1656 1789 1764 1837 addi
1800 1793 2006 1855 egregius
2039 1792 2161 1858 phy-

1143 1864 1344 1929 siologus
1367 1867 1533 1916 Berard
1551 1905 1567 1931 ,
1587 1866 1818 1919 Doctrine
1840 1871 1919 1918 des
1942 1882 2161 1938 rapports

1143 1946 1210 1994 du
1222 1947 1460 2013 physique
1484 1959 1531 1997 et
1553 1950 1620 1997 du
1647 1950 1823 2013 moral,
1846 1962 1936 2002 etc.
1964 1956 2043 2019 qui
2065 1954 2156 2002 sal-

1143 2040 1235 2079 tem
1268 2033 1487 2082 indirecte
1521 2051 1622 2082 eam
1652 2035 1835 2104 refellit.

1212 2113 1274 2177 (3)
1311 2116 1608 2181 Quantopere
1647 2117 1971 2184 phrenologica
2006 2120 2157 2168 facul-

1143 2204 1290 2243 tatum
1316 2198 1700 2250 intellectualium
1729 2217 1783 2247 ac
1808 2201 2049 2248 moralium
2080 2201 2155 2250 di-

1142 2279 1254 2324 visio
1275 2310 1289 2334 ,
1323 2280 1451 2342 juxta
1496 2282 1616 2327 varia
1655 2297 1820 2344 organa
1863 2281 2111 2330 cerebralia
2138 2320 2152 2344 ‚

1139 2357 1376 2406 arbitraria
1406 2361 1462 2406 sit
1497 2377 1551 2407 ac
1576 2362 2049 2427 anti-psychologica‚
2079 2381 2154 2412 os-

1139 2440 1289 2508 tendit
1308 2443 1484 2505 egregie
1499 2440 1749 2506 Forichon‚
1761 2460 1836 2508 op.
1850 2445 1930 2493 cit.
1941 2462 2040 2510 pag.
2059 2461 2076 2491 1
2093 2461 2150 2493 12

1137 2532 1183 2571 et
1218 2540 1348 2590 seqq.
1392 2541 1479 2572 nec
1518 2542 1614 2574 non
1649 2524 1864 2588 Abx-ens,
1908 2527 2062 2576 Cours
2094 2527 2152 2576 de

1128 2603 1455 2670 philosophie,
1470 2656 1473 2659 ,
1490 2615 1609 2655 tom.
1632 2622 1668 2668 1,
1693 2625 1800 2673 pag.
1833 2605 1934 2671 246
1954 2620 2005 2658 et·
2016 2627 2148 2677 seqq.

1134 2683 1208 2734 Ad
1224 2686 1340 2734 facta
1354 2687 1639 2752 pathologica
1657 2689 1783 2754 quod
1804 2692 1994 2750 attinet,
2018 2691 2149 2756 plura

1133 2767 1396 2817 afferuntur
1420 2769 1477 2817 ab
1505 2770 1667 2818 eodem
1695 2770 1953 2831 Forichon,
1978 2773 2149 2839 quibus

1131 2850 1351 2915 probatur
1382 2867 1396 2899 t
1438 2855 1483 2898 1⁰
1514 2850 1766 2906 Laesionem
1802 2855 2044 2919 contigisse
2072 2873 2149 2903 or-

1129 2950 1352 2997 ganorum
1389 2933 1692 2984 cerebralium
1726 2936 1826 2983 sine
1865 2934 2055 2984 laesione
2082 2937 2150 2986 fa-

1129 3016 1352 3063 cultatum
1369 3016 1772 3080 intellectualium3
1793 3025 1847 3064 2⁰
1857 3017 2147 3068 Facultatum

1129 3098 1318 3145 istarum
1350 3099 1646 3146 amissionem
1675 3096 1894 3146 accidisse
1925 3116 2031 3148 cum
2068 3100 2146 3147 lae-

1127 3176 1260 3226 sione
1286 3181 1496 3243 organica
1519 3215 1532 3237 ‚
1570 3179 1647 3227 sed
1674 3178 1773 3227 aliis
1802 3179 1936 3243 plane
1964 3184 2146 3245 punctis

1129 3258 1187 3308 ab
1205 3262 1260 3307 iis
1275 3298 1288 3320 ‚
1316 3260 1485 3325 quibus
1505 3277 1671 3326 organa
1692 3264 1940 3326 respectiva
1963 3281 1987 3310 a
2005 3263 2144 3328 phre-
2167 3276 2170 3280 '

1126 3328 1303 3407 nologis
1317 3345 1623 3407 assignantur,
1644 3343 1762 3391 ibid.
1779 3361 1881 3409 pag.
1910 3341 2022 3393 138-
2035 3344 2143 3408 148.

1126 3423 1245 3473 Vide
1271 3428 1404 3473 etiam
1423 3443 1498 3490 ap.
1520 3424 1762 3491 Debreyne
1780 3462 1794 3485 ‚
1828 3428 2067 3491 epistolam
2086 3428 2143 3476 ad

1128 3510 1278 3572 ipsum
1294 3507 1354 3557 D.
1364 3506 1633 3572 Spurzheim
1648 3508 1948 3574 conscriptam
1963 3509 2141 3574 dequo·

1127 3590 1235 3639 dam
1269 3591 1485 3656 singulari
1522 3589 1644 3639 facto
1676 3594 1907 3656 systemati
1939 3591 2139 3656 phreno-

1126 3671 1272 3737 logico
1288 3672 1756 3733 directe‘adversantffi
1773 3671 1861 3722 loc.
1878 3673 1953 3721 cit.
1967 3689 2014 3736 p.
2026 3666 2114 3720 261
2126 3705 2140 3718 .
