2502 4134
515 117 673 155 mar.
718 116 803 152 111.
850 114 996 153 ssc‘r.
1022 84 1111 150 “11.
1159 111 1281 151 ου».
1326 112 1386 148 11.
1437 111 1503 147 ns
1547 107 1825 147 unruom.

2116 86 2231 158 571

130 262 370 323 omnino
397 256 707 331 methodo,
749 277 848 316 seu
875 254 1030 337 quod
1062 253 1163 314 alii
1185 253 1351 313 aiunt
1369 255 1735 333 systematice
1751 293 1768 324 ‚
1799 248 2098 308 tractanda
2122 250 2239 309 sit?

130 360 203 416 At
215 353 370 415 enim
395 352 632 433 quaestio
653 352 808 410 inter
822 349 1172 410 recentiores
1186 347 1396 407 acriter
1413 347 1662 426 agitatur
1684 391 1700 420 ,
1735 364 2001 426 quaenam
2018 341 2242 403 metho-

131 450 239 508 dus
271 446 572 526 theologiae
596 444 913 504 tractandae
950 444 1130 523 magis
1153 440 1584 501 accommodata
1603 440 1685 498 'sit
1704 485 1720 514 ,
1767 450 1825 498 et
1854 461 2000 497 num
2035 436 2240 520 analy—

131 544 241 602 tica
276 543 468 623 potius
494 536 595 599 aut'
625 539 946 619 synthetica
988 539 1068 598 ⁸sit
1107 535 1467 596 adhibenda.
1555 598 1557 600 ,

215 636 350 696 344.
399 637 519 694 Hac
567 656 742 716 porro
793 643 1000 707 aetate,
1049 654 1164 713 qua
1209 630 1544 713 philosophi
1584 629 1847 710 plerique
1902 650 2023 687 non
2072 627 2251 687 modo
2290 700 2294 704 ⁵

134 734 195 790 in
234 727 595 789 naturalibus
638 718 994 808 disciplinis,
1032 725 1226 786 sedin
1274 722 1653 784 rationalibus
1699 724 1875 782 etiam
1915 744 1979 782 ac
2011 723 2252 805 psycho-

133 826 360 907 logiciS,
409 823 628 903 analysi
668 823 921 882 maxime
960 821 1365 895 delectantur,
1409 831 1548 878 sunt
1590 819 1689 900 qui
1730 819 1999 879 eamdem
2027 819 2256 879 metho-

138 921 279 980 dum
312 921 376 978 in
411 917 761 997 theologiam
802 916 1001 977 invehi
1047 937 1259 995 magno
1295 937 1428 974 cum
1478 919 1600 992 ejus
1647 913 2048 974 emolumento
2086 936 2256 997 posse

139 1013 535 1086 contendunt3
592 1024 652 1072 et
691 1022 829 1071 sunt
883 1012 1097 1086 etiam,
1147 1012 1248 1092 qui
1297 1031 1365 1070 eo
1411 1031 1594 1091 usque
1638 1010 1921 1091 progressi
1963 1021 2140 1085 sunt,
2190 1023 2257 1069 ut

141 1121 494 1184 assererent,
523 1109 794 1189 dogmata
816 1108 1013 1166 omnia
1041 1107 1321 1166 hactenus
1356 1127 1388 1164 a
1412 1104 1696 1185 theologis
1724 1099 1968 1165 tractata
1994 1107 2057 1164 in
2085 1118 2258 1167 tene-

141 1195 263 1265 bris
299 1227 364 1265 ac
401 1202 665 1263 sordibus
693 1209 923 1281 jacere,
966 1202 1075 1261 nisi
1117 1197 1496 1260 ad'strictam
1539 1202 1828 1280 analysin
1842 1235 1867 1274 ,·
1906 1200 1981 1260 ad
2021 1202 2260 1262 metho-

145 1299 285 1359 dum
319 1321 534 1381 nempe
566 1298 739 1380 plane
769 1297 1120 1357 contrariam
1147 1295 1236 1355 illi
1266 1292 1338 1354 ab
1365 1295 1490 1355 istis
1532 1294 1844 1370 adhibitae,
1879 1308 2261 1372 revocenturz,
2345 1311 2349 1314 ’

147 1415 212 1452 ac
231 1405 543 1474 propterea
581 1392 967 1452 vehementer
994 1390 1639 1473 carpunt'superiorum
1671 1400 1905 1450 aetatum
1939 1391 2263 1471 theologos³

148 1486 305 1568 quod
332 1506 442 1544 nec
471 1483 734 1542 firmitati
763 1484 1023 1542 scientiae
1043 1484 1379 1573 theologicas
1395 1529 1412 1558 ‚
1438 1486 1801 1547 necveritati
1827 1485 1962 1546 fidei
1986 1486 2266 1547 methodo

150 1603 251 1640 sua
295 1579 638 1660 synthetica0
663 1577 1062 1637 consuluerint
1095 1576 1205 1657 (l).
1272 1631 1274 1633 ,
1347 1602 1356 1609 ·

235 1674 371 1734 345.
415 1675 532 1735 Nos
554 1673 733 1755 igitur
752 1672 973 1754 aliquid
995 1671 1068 1765 de
1095 1671 1203 1731 hac
1231 1672 1552 1753 quaestione
1586 1674 1944 1754 attingentes
1963 1718 1980 1750 ‚
2008 1677 2269 1758 primum

229 1943 300 2008 (l)
337 1943 408 1991 Ita
430 1952 586 2007 aperte
605 1942 865 1990 Hermesius
886 1943 936 1989 in
963 1943 1062 2006 ipso
1078 1937 1170 1987 In-

156 2024 470 2073 troductionis
508 2011 599 2072 suae
631 2023 975 2089 philosophicas
1009 2023 1170 2070 limine

161 2108 394 2156 constituit
407 2141 420 2165 ,
451 2123 498 2154 se
518 2106 699 2153 firmam
718 2105 899 2171 jamdiu
921 2105 1173 2169 persuasio-

164 2205 270 2236 nem
314 2171 501 2235 nactum
545 2187 719 2246 fuisse,
771 2186 896 2250 quod
942 2185 1173 2233 doctrinm

163 2267 429 2332 theoloqicoe
462 2270 607 2315 etiam
645 2269 911 2316 notissimos
940 2267 1174 2316 velamine

164 2350 368 2414 quodam
397 2348 623 2398 involutae
646 2358 806 2405 eram,
824 2355 1081 2414 earumque
1097 2366 1174 2398 ve-

165 2448 250 2479 rus
292 2447 461 2480 sensus
497 2434 552 2479 in
586 2431 791 2479 tenebris
826 2431 1005 2489 latens,
1038 2440 1177 2497 aeque

166 2513 474 2576 ambiquitati
489 2513 710 2561 manebat
730 2514 964 2561 obnoxius
977 2549 994 2575 ‚
1030 2531 1178 2582 usque

166 2595 282 2642 dum
310 2611 610 2660 unaquaeque
642 2595 837 2647 illarum
875 2595 1020 2650 veluti
1055 2597 1179 2643 ime-

165 2692 313 2740 yram
363 2693 483 2742 pars
527 2676 745 2743 completi
783 2677 1038 2744 cujusdam
1074 2693 1178 2743 sys-

167 2759 355 2806 tematis
407 2774 503 2806 non
543 2767 866 2825 spectaretur3
910 2769 1050 2824 atque
1094 2759 1180 2808 hoc

168 2839 386 2906 cyatema‘¹
414 2856 514 2887 non
564 2838 890 2906 ‹edificat-etur
925 2859 1018 2907 per
1045 2844 1180 2891 viam

167 2924 508 2987 inquisitionis
525 2923 862 2988 (inquisitionis
880 2925 1091 2973 videlicet
1105 2927 1181 2973 in-

170 3006 355 3055 tellectae
369 3008 544 3054 ratione
557 3005 694 3070 plane
706 3009 930 3054 contraria
945 3011 1182 3071 systemati

171 3087 441 3152 syntheticae
470 3098 673 3151 ceterum
701 3089 990 3152 communi),
1021 3104 1078 3137 ac
1091 3105 1185 3153 per

172 3184 332 3215 ovines
379 3169 518 3216 dubii
567 3168 870 3233 labyrinthos
913 3177 1185 3217 constanter

171 3268 268 3298 non
300 3235 562 3301 duceretur.
594 3251 726 3301 Imr.
749 3251 872 3317 phil.
907 3270 957 3317 p.
989 3238 1075 3314 111,
1114 3271 1180 3303 iv.

172 3333 228 3382 In
258 3332 591 3399 methodologia
623 3353 729 3384 vero
759 3336 991 3399 praemissa
1017 3334 1182 3382 Intro-

173 3414 389 3462 ductiom'
407 3416 629 3479 positiooe
647 3454 660 3476 ‚
686 3435 788 3482 pag.
803 3417 867 3464 23
891 3426 936 3464 et
961 3434 1091 3482 seqq.
1112 3418 1185 3465 in·

174 3495 355 3543 vehitur
370 3497 419 3542 in
443 3513 738 3548 communem
752 3497 1186 3562 theologorum'me-

174 3576 372 3624 thodum
395 3561 728 3644 syntheficam‚
757 3589 805 3630 1⁰
820 3583 933 3648 quia
952 3575 1187 3629 conclusio

1256 1940 1506 2006 theologica
1534 1943 1791 1990 instituitur
1813 1942 1904 1992 hoc
1922 1954 2052 2008 pacto
2072 1961 2153 2010 per
2167 1963 2273 2010 par·

1255 2020 1414 2092 tialem
1441 2031 1620 2070 tantum
1647 2025 1859 2071 notitiam
1882 2026 1973 2086 rei,
1996 2025 2053 2074 de
2069 2019 2273 2092 qua'agi·

1256 2113 1331 2150 tur
1350 2139 1364 2163 ,
1392 2120 1445 2150 ac
1473 2103 1668 2167 proinde
1695 2121 1750 2152 eo
1774 2104 1912 2153 modo
1936 2108 2019 2171 qui
2047 2124 2144 2156 non
2173 2108 2273 2156 suf-

1258 2185 1355 2232 ficit
1386 2183 1444 2232 ad
1475 2185 1764 2234 fundandam
1785 2185 1934 2250 fidem
1953 2222 1968 2247 ‚
2001 2203 2109 2251 quw
2142 2190 2273 2236 irra-

1260 2265 1459 2315 tionalis
1487 2282 1587 2314 non
1609 2269 1692 2316 sie.
1725 2275 1779 2316 2⁰
1810 2268 1931 2316 Hinc
1952 2268 2188 2320 conclusio
2212 2281 2278 2320 est

1261 2365 1439 2413 semper
1458 2349 1714 2413 >illegitima
1758 2359 1804 2398 et
1844 2367 2023 2415 semper
2065 2354 2238 2402 incerta
2260 2389 2275 2413 ,

1261 2430 1367 2480 licet
1386 2434 1523 2480 etiam
1547 2432 1664 2481 forte
1680 2434 1729 2480 in
1744 2450 1792 2481 se
1807 2450 1911 2481 vera
1930 2443 2062 2483 esset.
2082 2432 2137 2481 3⁰
2149 2433 2276 2483 Con-

1262 2515 1402 2562 victio
1442 2524 1596 2572 nostra
1633 2515 1690 2563 de
1728 2517 1912 2564 veritate
1948 2516 2124 2565 theseos
2152 2535 2277 2567 nun-

1264 2613 1404 2662 quam
1423 2596 1519 2644 fere
1542 2598 1594 2644 in
1611 2596 1749 2645 nobis
1777 2597 1911 2646 firma
1931 2608 2089 2647 manet
2109 2608 2155 2648 et
2179 2616 2280 2648 sus-

1265 2677 1447 2742 picione
1485 2694 1645 2726 carens
1668 2715 1682 2738 ‚
1730 2678 1845 2726 dum
1881 2680 2097 2729 audimus
2126 2690 2306 2745 postea-

1265 2762 1456 2807 e'xistere
1495 2769 1653 2807 contra
1697 2759 1825 2808 illam
1876 2761 2043 2809 thesim
2081 2764 2281 2812 rationes

1266 2843 1512 2910 oppositas.
1543 2840 1620 2889 11ae
1658 2858 1792 2906 porro
1829 2841 2055 2891 Hermesii
2088 2844 2282 2909 querelas

1266 2941 1347 2973 seu
1365 2927 1695 2974 insectationes
1712 2936 1860 2978 totum
1879 2927 2122 2976 doctorum
2149 2928 2284 2977 scho-

1267 3007 1535 3056 lasticorum
1591 3023 1763 3074 agmen
1779 3045 1793 3069 ,
1838 3011 1934 3057 imo
1985 3027 2144 3059 omnes
2190 3010 2285 3059 fere

1268 3089 1503 3153 theologos
1540 3089 1602 3137 ad
1642 3091 1740 3155 ejus
1787 3108 1934 3156 usque
1970 3101 2152 3156 tempus
2184 3092 2286 3140 affi-

1269 3172 1417 3219 ciunt.
1435 3171 1517 3219 Est
1546 3188 1606 3219 ne
1630 3172 1768 3236 igitur
1795 3174 1844 3220 in
1861 3172 2064 3223 Ecclesia
2078 3173 2249 3222 Christi
2267 3212 2281 3235 ‚

1269 3253 1423 3319 quoad
1447 3255 1672 3302 rationem
1699 3253 1808 3302 fidei
1834 3257 2075 3304 scientiam
2097 3257 2282 3318 traden-

1269 3336 1349 3394 di,
1387 3336 1684 3400 exponendi,
1723 3334 1986 3400 probandi,
2029 3337 2285 3386 obscuran-

1272 3419 1437 3465 tismus
1449 3418 1726 3471 ‚universalis
1742 3436 1823 3483 per
1840 3429 1905 3467 tot
1928 3418 2154 3468 secula-ad
2170 3418 2286 3468 Her·
2319 3480 2321 3482 Ι

1273 3501 1470 3548 mesiam
1489 3518 1635 3566 usque
1648 3502 1995 3565 agnoscendus?
2011 3500 2081 3549 En
2096 3510 2254 3549 tamen
2268 3537 2282 3561 ,

1273 3597 1371 3648 quo
1395 3582 1551 3631 tendat
1568 3583 1757 3632 demum
1792 3582 2014 3632 Hermesii
2045 3584 2286 3632 sententia.
