2502 4134
385 151 539 188 Mar.
588 149 648 186 11.
697 151 819 187 car.
869 151 955 188 111.
1006 152 1071 187 mi
1117 151 1269 191 sacr..
1319 150 1603 190 sempron.
1655 152 1840 189 nvi-mi.
1978 141 1986 149 '
2058 132 2175 190 1192

85 312 264 372 quens
305 290 563 349 Christus
606 289 911 372 discipulos
956 312 1123 357 suos„
1171 292 1250 350 ait
1287 314 1300 349 :
1355 293 1462 351 Vos
1513 303 1712 351 autem
1757 294 1932 351 nolite
1978 297 2182 351 vocari

79 387 261 445 rabbi
272 406 293 453 ‚·
327 407 487 444 unus
517 397 599 443 est
630 390 794 444 enim
826 391 1112 465 maqister
1139 398 1388 445 vester...
1417 408 1522 444 nec
1553 392 1842 445 vocemini
1869 391 2180 468 mayistri3

79 485 223 558 quia
252 485 535 559 mayister
556 491 739 538 vester
762 503 919 539 unus
939 493 1022 540 est
1049 482 1353 548 Christus,-
1379 490 1438 540 et
1462 482 1630 539 Joan.
1662 484 1730 554 V,
1761 481 1837 541 34
1866 505 1879 540 ι
1909 483 2036 562 Eyo
2059 504 2181 540 non·

78 575 155 651 ab
181 575 414 632 homine
444 579 847 633 testimonium
882 581 1146 655 accipi&
1188 587 1249 635 et
1283 574 1422 633 ibid.
1471 575 1611 650 Vll,
1660 575 1731 633 17
1764 599 1776 634 :
1814 579 1885 635 Si
1912 582 2048 655 quis
2084 598 2180 635 vo-

75 671 258 726 luerit
292 671 646 727 voluntatem
678 675 807 746 ejus
839 674 1070 748 facere,
1109 681 1401 750 cognoscet
1428 671 1496 727 de
1533 670 1845 741 doctrina,
1875 682 2084 730 utrum
2115 692 2185 729 em

76 765 198 821 Deo
215 768 320 828 sik
345 773 402 821 et
426 785 655 821 rursum
675 762 815 822 ibid.
837 766 910 839 X,
932 765 1009 824 27
1032 788 1044 823 :
1072 767 1215 824 Oves
1242 767 1382 825 meoe
1406 785 1593 823 vocem
1621 785 1815 823 meam
1844 767 2183 825 audiunt...*

77 869 130 915 et
165 869 504 936 sequuntur
537 880 647 918 mc.
687 861 1052 940 Quapropter
1097 863 1265 918 Actus
1310 859 1642 940 apostolici,
1688 860 1840 917 XVII
1867 902 1883 930 ,
1925 858 1994 915 11
2020 903 2035 931 ,
2074 882 2185 917 no-

74 951 161 1010 bis
199 952 474 1011 exhibent
521 975 650 1027 eos,
693 955 791 1035 qui
838 955 1172 1013 incolebant
1213 956 1515 1028 Beroeam,
1554 955 1818 1033 quotidie
1855 965 2184 1013 scrutantes

75 1049 423 1125 Scripturas
449 1094 463 1115 .,
504 1055 562 1107 si
596 1049 719 1106 hoec
752 1055 840 1105 ita
873 1069 930 1105 se
963 1050 1246 1105 haberent
1269 1089 1289 1116 ,
1338 1049 1423 1105 uti
1463 1068 1675 1128 nempe
1711 1049 1792 1128 eis
1834 1048 2186 1129 praedicabat

78 1142 307 1200 Paulus,
331 1141 631 1213 Quomodo
647 1163 784 1201 vero
800 1141 920 1199 haec
939 1141 1164 1221 aliaque
1186 1140 1274 1198 his
1299 1141 1506 1202 similia
1527 1164 1647 1200 non
1665 1163 1846 1223 pauca
1869 1143 2185 1204 consistere

76 1256 206 1294 cum
240 1235 507 1313 dogmate
537 1233 611 1292 de
638 1256 908 1319 suprema
944 1233 1203 1294 Ecclesiae
1240 1236 1581 1295 auctoritate
1616 1248 1860 1318 possunt
1896 1237 1957 1294 in
1998 1237 2184 1297 inter-
2257 1316 2261 1319 ,

72 1329 392 1409 pretatione
437 1328 915 1409 Scripturarum'?
942 1330 1009 1387 2⁰
1038 1329 1267 1388 Accedit
1285 1375 1300 1403 ‚
1344 1330 1502 1411 quod
1529 1331 1591 1388 in
1627 1330 1937 1412 hypothesi
1967 1331 2179 1390 Catho-

72 1422 313 1480 licorum
351 1421 595 1482 Ecclesia
636 1436 787 1483 esset
829 1446 1004 1505 supra
1051 1424 1445 1505 Scripturam3
1485 1424 1551 1483 3⁰
1595 1425 1794 1491 fideles
1839 1448 1956 1483 non
2005 1425 2182 1487 verbo

72 1518 202 1594 Dei,
228 1517 330 1576 sed
352 1518 532 1578 verbo
554 1519 862 1579 hominum
890 1521 1315 1598 inniterentur,
1337 1521 1482 1580 dum
1509 1521 1642 1581 fidei
1665 1533 1860 1582 actum
1883 1522 2176 1596 elicerent,

73 1634 203 1671 cum
227 1624 425 1673 tamen
456 1613 659 1673 doceat
692 1615 995 1695 Apostolus
1012 1660 1026 1688 ,
1052 1636 1157 1674 nos
1183 1616 1671 1697 superaedificatos
1695 1638 1817 1676 esse
1841 1638 2023 1695 super
2034 1614 2183 1697 fun-

72 1709 415 1766 damentum
456 1711 872 1787 Apostolorum
897 1722 950 1768 et
977 1712 1423 1790 Prophetarum
1450 1711 1568 1793 (l)3
1610 1734 1729 1770 non
1763 1724 1912 1772 esset
1934 1711 2182 1793 amplius

73 1823 285 1882 purum
320 1803 567 1863 verbum
593 1806 695 1864 Dei
719 1805 914 1885 regula
941 1817 1172 1877 nostra3
1203 1805 1268 1863 4⁰
1296 1806 1550 1866 Verbum
1581 1809 1681 1864 Dei
1715 1805 1891 1864 robur
1917 1827 1980 1863 ac
2006 1807 2180 1864 firmi-

72 1908 250 1956 tatem
296 1921 459 1957 suam
506 1922 536 1957 a
580 1901 758 1959 verbo
798 1901 1101 1958 hominum
1143 1902 1459 1982 acciperet3
1499 1921 1624 1980 quae
1658 1901 1891 1981 quidem
1931 1899 2198 1959 absurda

74 2003 210 2050 sunt
240 1994 459 2053 omnia.
499 1996 665 2074 Ergo.
1812 2070 1813 2075 η

155 2089 287 2148 181.
334 2092 507 2170 Resp.
540 2090 625 2148 Ad
662 2092 763 2164 1¹1¹,
794 2091 946 2171 Ney.
985 2090 1077 2151 vel
1107 2092 1265 2149 Dist.
1297 2092 1475 2149 Juxta
1510 2091 1794 2170 privatam
1838 2090 2173 2149 Protestan-

74 2184 218 2240 tium
264 2185 808 2266 interpretationem
831 2234 848 2256 ,
888 2208 1079 2251 conc.,·
1118 2208 1223 2268 per
1256 2208 1355 2261 se,
1393 2208 1522 2265 neq.
1572 2187 1733 2244 Prius
1773 2186 1987 2245 scilicet
2036 2187 2177 2243 Pro-

76 2287 352 2336 testantes
376 2323 393 2349 .,
435 2301 554 2337 non
597 2302 756 2339 secus
819 2302 882 2339 ac
929 2282 1183 2341 haeretici
1234 2281 1474 2360 reliqui,
1525 2280 1700 2338 talem
1753 2282 2176 2361 Scripturarum

78 2374 422 2430 testimoniis
463 2394 697 2432 sensum
752 2374 1074 2453 affingunt,
1121 2375 1221 2454 qui
1262 2373 1374 2431 sibi
1416 2377 1596 2453 magis
1637 2373 1921 2445 arrideat3
1971 2371 2181 2431 deinde

76 2487 212 2526 vero
226 2471 391 2544 juxta
419 2469 669 2545 gratuito
695 2469 1002 2527 confictam
1032 2467 1578 2547 interpretationem
1601 2458 1665 2524 ea
1690 2487 1795 2546 pro
1822 2487 1883 2524 se
1907 2466 2180 2525 adversus

78 2561 398 2620 Catholicos
432 2562 703 2641 allegant.
749 2563 869 2620 Hoc
905 2583 1135 2643 semper
1169 2562 1307 2620 vitio
1339 2559 1606 2618 laborent
1638 2579 1867 2618 necesse
1904 2571 1992 2618 est
2028 2562 2197 2618 Pro-·

76 2657 418 2714 testantium
457 2656 989 2736 interpretationes,
1031 2656 1304 2714 Ceterum
1346 2675 1454 2712 nec
1492 2674 1673 2711 unum
1720 2664 1805 2711 est
1846 2674 1916 2712 ex
1948 2651 2184 2730 objectis

79 2751 423 2809 testimoniis
447 2795 463 2817 ,
503 2751 660 2832 quod
695 2751 886 2831 aliqua
923 2750 1144 2808 ratione
1177 2750 1423 2828 impetat
1454 2747 1796 2806 catholicam
1829 2747 2179 2807 doctrinam.

78 2845 132 2902 Si
154 2846 310 2904 enim
334 2846 581 2925 excipias
602 2891 617 2920 ,
649 2846 805 2927 quod
832 2867 902 2904 ex
931 2845 1080 2904 Actis
1114 2843 1438 2925 apostolicis
1467 2843 1785 2923 opponitur
1807 2888 1822 2917 ,
1856 2843 1917 2900 in
1949 2834 2199 2924 reliquis*

78 2941 342 3021 nuspiam
375 2951 475 2998 aut
510 2940 582 2999 de
628 2941 935 3022 Scripturis
971 2951 1072 2998 aut
1117 2938 1190 2998 de
1230 2939 1659 3019 Scripturarum
1701 2937 2185 3018 interpretatione

79 3035 144 3092 fit
163 3055 384 3107 sermo,
411 3045 477 3091 ut
501 3055 572 3093 ex
596 3034 868 3116 perbrevi
893 3034 1254 3113 singulorum
1284 3033 1552 3092 examine
1576 3031 1742 3091 facile
1770 3033 2023 3113 patefiet.

165 3128 296 3187 182.
328 3129 588 3211 Christus
609 3132 766 3189 enim
784 3175 800 3204 .,
830 3130 1040 3189 Matth.
1071 3130 1289 3201 XXIII,
1314 3140 1380 3186 ut
1400 3127 1586 3208 liquet
1605 3148 1676 3186 ex
1704 3127 1978 3185 orationis
1999 3126 2176 3197 serie,

87 3233 311 3282 tantum
344 3225 598 3285 excludit
636 3249 666 3284 a
694 3225 989 3307 discipulis
1020 3225 1136 3282 suis
1161 3224 1530 3282 ambitiosam
1560 3222 1814 3302 magistri
1841 3220 2185 3280 denomina-

94 3316 307 3376 tionem
331 3363 348 3394 ,
389 3341 564 3400 quam
611 3321 960 3380 affectabant
1003 3319 1303 3394 Pharisaei,
1338 3338 1483 3399 quos
1521 3317 1616 3375 hic
1655 3317 1873 3397 arguit3
1925 3315 2182 3396 alioquin

98 3430 218 3468 non
252 3411 484 3474 dixisset
517 3438 530 3473 ι
570 3417 694 3496 Qui
725 3438 817 3476 vos
844 3417 1049 3485 audit,
1080 3436 1170 3473 me
1196 3415 1445 3474 audit...
1481 3423 1675 3471 cantes
1704 3413 1889 3470 docete
1911 3412 2019 3490 (2).

180 3627 239 3686 (¹)
276 3627 441 3692 Ephcs.
474 3647 536 3690 n,
563 3629 641 3680 20.
1263 3632 1325 3694 (2)
1365 3633 1476 3681 Luc.
1506 3652 1558 3690 x,
1604 3629 1690 3694 165
1723 3630 1888 3679 Matth.
1918 3643 2078 3686 xxvm,
2116 3641 2193 3691 ¹9³
