2502 4134
277 140 399 201 294
908 160 1106 198 macr.
1156 161 1224 198 nn
1268 160 1421 200 zoc1s
1466 164 1851 203 rnnozomcm.

361 305 502 364 448.
547 301 719 380 Quod
749 322 890 360 vero
918 301 994 360 ad
1025 301 1356 383 religiosum
1390 303 1613 363 cultum
1647 318 1903 387 spectat.
1939 327 2205 389 quaenam
2249 307 2422 367 fuerit

272 399 589 485 primitivae
632 395 900 457 Ecclesiae
932 396 1195 457 doctrina
1215 442 1232 472 ,
1260 398 1473 458 exinde
1503 399 1969 482 deprehenditur
1990 403 2133 462 circa
2172 402 2425 462 Sancto-

275 517 410 556 rum
434 491 881 553 venerationem
900 539 915 568 a
942 515 1076 552 cum
1098 492 1401 555 videamus
1425 494 1724 555 institutos
1747 495 1923 556 festos
1946 496 2068 557 dies
2084 544 2100 573 .,
2128 497 2423 558 celebrata

266 589 490 670 jejunia
513 586 589 647 ad
614 599 953 649 sanctorum
981 591 1307 670 Martyrum
1334 591 1645 650 memorias
1671 590 2007 651 recolendas
2031 592 2126 653 vel
2149 593 2222 652 ab
2242 594 2426 676 ipsius

273 684 531 746 ecclesiae
560 683 932 767 incunabulis
961 686 1089 766 (1),
1138 685 1285 744 circa
1315 687 1760 762 venerationem
1787 686 2167 770 reliquiarum
2197 701 2258 749 et
2279 690 2426 749 ima-

271 781 477 863 ginum
522 779 613 861 (2)
635 825 652 857 .,
690 779 839 840 circa
869 802 1082 863 aquam
1119 779 1424 841 lustralem
1456 780 1584 864 (3),
1627 804 1804 864 quam
1842 781 1988 841 adeo
2023 785 2422 845 Protestantes

273 875 638 960 despiciunt,
664 874 893 959 aliaque
922 875 1219 959 permulta
1240 923 1255 953 ‚
1283 899 1414 960 quae
1443 879 1537 937 sin
1565 878 1764 937 minus
1787 877 2060 959 dogmata
2087 878 2422 959 attingunt,

272 975 601 1057 plurimum
646 987 848 1036 tamen
886 975 1085 1037 valent
1132 974 1208 1035 ad
1250 974 1621 1035 liberandam
1669 975 1980 1036 Ecclesiam
2030 977 2354 1036 Romanam
2391 1000 2426 1037 a

272 1072 446 1132 toties
483 1071 548 1131 in
580 1093 714 1132 eam
745 1072 999 1155 impacta
1040 1071 1333 1131 calumnia
1367 1070 1442 1131 de
1469 1072 1630 1155 turpi
1657 1070 2104 1154 superstitione,
2142 1071 2206 1130 in
2243 1094 2424 1154 quam

272 1166 502 1251 dilapsa
539 1167 647 1243 sit,
695 1179 1010 1251 postquam
1052 1166 1247 1228 medio
1296 1167 1623 1250 praesertim
1669 1188 1794 1230 aevo
1821 1171 2181 1248 papismus,
2211 1167 2298 1225 uti
2332 1166 2423 1227 lo-

273 1273 543 1346 quuntur
568 1308 586 1340 ‚
638 1262 994 1324 deteriorem
1041 1284 1107 1323 ac
1153 1262 1687 1324 tenebricosionem
1730 1263 1978 1323 formam
2027 1262 2282 1322 induxit.
2340 1263 2425 1323 Ita

272 1371 514 1420 strenue
541 1360 845 1420 interdum
874 1357 1274 1421 Protestantes
1303 1361 1637 1442 nugantur!

355 1455 499 1517 449.
549 1458 748 1532 Quum
787 1479 963 1540 porro
1009 1456 1082 1518 de
1128 1456 1398 1538 religioso
1448 1457 1758 1518 disseritur
1795 1454 1990 1532 cultu,
2025 1456 2101 1517 de
2141 1478 2216 1517 eo
2238 1454 2425 1516 disse-

272 1552 426 1612 ritur
455 1599 471 1628 ‚
533 1553 635 1634 qui
683 1553 746 1611 in
799 1552 1048 1614 Ecclesia
1095 1553 1370 1614 universa
1425 1563 1698 1637 receptus
1748 1564 1837 1614 est
1867 1599 1882 1628 7
1933 1574 2055 1612 non
2106 1563 2304 1612 autem
2349 1549 2425 1612 de

270 1648 669 1731 peculiaribus
689 1695 706 1725 ,
742 1650 843 1732 qui
871 1649 1115 1730 singulis
1152 1650 1217 1709 in
1254 1649 1520 1710 Ecclesiis
1558 1652 1779 1732 recepti
1806 1660 1946 1709 sunt
1977 1648 2186 1709 ritibus
2208 1649 2425 1733 quique

271 1744 525 1831 spectari
579 1755 832 1826 possunt
879 1765 986 1804 ceu
1034 1744 1356 1825 singulares
1409 1744 1602 1805 cultus
1655 1743 2152 1821 modificatione3‚
2207 1746 2425 1828 quique

268 1838 535 1899 valorem
570 1839 881 1923 partialem
928 1839 1151 1902 habere
1176 1852 1426 1923 possunt
1461 1863 1570 1924 pro
1597 1840 1949 1901 eorumdem
1984 1841 2335 1924 antiquitate
2364 1849 2423 1901 et

270 1935 645 1999 ecclesiarum
673 1935 1015 2009 nobilitate,
1053 1937 1116 1997 in
1146 1936 1360 2020 quibus
1393 1935 1692 2000 observari
1715 1946 2150 1998 consueverunt
2175 1936 2290 2019 (4).

1258 2116 1294 2197 g
1332 2116 1425 2175 v1.

989 2257 1077 2314 De
1120 2259 1346 2315 sanctis
1388 2255 1710 2315 Patribm.

350 2405 493 2466 450.
545 2405 905 2467 Gravissimo
960 2407 1448 2490 sanctissimoque
1493 2408 1707 2468 Patris
1746 2409 1990 2469 nomine
2033 2430 2130 2469 eos
2177 2407 2422 2469 donavit

265 2500 513 2563 Ecclesia
534 2547 550 2576 ,
610 2501 806 2585 inquit
853 2501 1077 2563 Natalis
1122 2505 1475 2584 Argonensis
1505 2503 1599 2585 (5)
1619 2552 1635 2581 ,
1674 2506 1775 2588 qui
1813 2505 2166 2588 antiquitate
2188 2550 2205 2581 ,
2251 2525 2420 2565 sanc-

263 2692 495 2743 Euchar.
523 2704 566 2742 et
593 2692 673 2742 De
707 2689 909 2758 Poenit„
930 2704 967 2744 t.
984 2710 1049 2744 v1.
1068 2694 1168 2744 Cfr.
1188 2713 1303 2760 prae-
1396 2705 1517 2762 part.
1545 2712 1624 2755 ιιι,
1661 2712 1768 2762 cap.
1800 2695 1880 2762 37.

266 2788 395 2828 terea
425 2776 568 2826 Gabr.
605 2776 882 2843 Albaspinaei
899 2816 912 2838 ‚
966 2774 1037 2826 De
1069 2774 1306 2827 Ecclesia,
1464 2776 1531 2842 (4)
1570 2778 1812 2844 Ejusmodi
1841 2797 1916 2829 ex.
1939 2797 2003 2845 gr.
2026 2788 2136 2828 sunt
2164 2782 2309 2840 ritus,
2337 2790 2419 2846 qui

269 2861 450 2911 ritibus
467 2898 481 2922 ‚
507 2860 891 2910 observationum
910 2860 1030 2910 libri
1043 2861 1171 2927 duo,
1208 2862 1304 2911 Lu·
1391 2862 1444 2909 in
1474 2878 1562 2909 usu
1598 2870 1709 2909 sunt
1737 2863 1789 2908 in
1816 2860 2018 2911 Ecclesia
2046 2861 2415 2919 Mediolanensi,

267 2955 350 2994 tet.
370 2944 512 2993 Paris.
539 2941 666 2992 1623
681 2959 697 3007 ;
714 2944 853 2994 Joan.
871 2944 1204 3010 Bapt.Casalii‚
1226 2945 1307 2994 De
1395 2959 1501 3011 quae
1523 2942 1678 2992 adhuc
1705 2954 1857 2992 servat
1880 2946 2021 2992 ritum
2036 2943 2415 2992 Ambrosianum.

264 3027 502 3076 veteribus
517 3029 672 3075 sacris
691 3026 1089 3077 Christianorum
1104 3029 1301 3092 ritibus,
1395 3025 1466 3075 De
1491 3026 1563 3074 his
1590 3025 1755 3074 ritibus
1772 3064 1786 3087 ,
1818 3029 1899 3093 qui
1928 3028 1979 3074 in
2004 3025 2312 3091 peculiaribus
2326 3026 2410 3075 Ec-

259 3108 423 3158 Romae
449 3107 573 3177 1647
595 3126 610 3173 3
641 3109 740 3160 JoS.
760 3110 1058 3160 Vicecomitis
1071 3145 1089 3172 ,
1119 3110 1303 3159 Obser-
1393 3109 1543 3159 clesiis
1567 3110 1739 3175 recepti
1767 3119 1926 3170 erant,
1947 3109 2049 3158 fuse
2073 3108 2232 3157 scribit
2247 3107 2298 3158 S.
2316 3110 2414 3157 Au-

271 3193 492 3240 vationes
519 3191 886 3256 ecclesiastiooe,
924 3192 1071 3244 Paris.
1112 3191 1263 3246 1618.
1390 3194 1628 3258 gusfinus,
1653 3193 1704 3239 in
1727 3191 1911 3240 duabus
1932 3189 2138 3257 epistolis
2159 3191 2219 3240 ad
2242 3190 2418 3240 Janua-

333 3273 400 3339 (1)
442 3273 540 3322 Cfr.
578 3274 841 3324 Constitut.
883 3275 1083 3343 apostol.
1114 3275 1202 3325 lib.
1236 3295 1280 3335 v,
1388 3278 1515 3326 rium
1545 3276 1689 3335 datis,
1712 3290 1910 3342 quaeque
1928 3277 1978 3323 in
1999 3274 2111 3323 edit.
2135 3273 2292 3324 Maur.
2310 3285 2419 3324 sunt

262 3374 305 3405 o.
342 3353 375 3403 8
408 3364 452 3404 et
495 3355 553 3403 13
575 3392 589 3415 ‚
621 3356 746 3420 apud
770 3355 1053 3406 Cotelerium
1074 3394 1087 3418 ,
1120 3367 1236 3406 tom.
1261 3374 1293 3406 1.
1389 3377 1443 3408 n.
1472 3374 1549 3406 nv
1580 3367 1624 3406 et
1656 3374 1728 3406 tv.
2392 3358 2394 3360 ’

332 3437 400 3502 (2)
435 3435 548 3486 Vid.
599 3453 705 3504 quae
748 3441 1021 3505 scripsimus
1065 3441 1114 3489 in
1159 3449 1294 3489 tract.
1455 3440 1523 3505 (ὅ)
1559 3439 1619 3488 In
1650 3457 1728 3504 op.
1758 3436 1841 3486 De
1884 3439 2067 3504 optima
2108 3438 2414 3504 leqendorum

267 3519 337 3570 De
360 3519 495 3568 cultu
526 3515 697 3570 Sanct.
717 3530 752 3569 t.
775 3527 840 3571 iv.
1383 3521 1616 3573 Ecclceioe
1654 3521 1866 3570 Patr-um
1909 3520 2124 3570 methodo
2142 3560 2155 3579 ,
2200 3522 2414 3590 Augustae

331 3602 394 3668 (3)
426 3602 527 3653 Gfr.
575 3601 742 3652 Const.
793 3604 997 3670 apostol.
1044 3605 1129 3654 lib.
1182 3623 1292 3666 vm,
1384 3607 1576 3657 Taurin.
1618 3603 1742 3672 1742
1766 3645 1777 3666 ,
1813 3615 1929 3671 part.
1961 3624 2006 3667 ι,
2039 3624 2141 3671 cap.
2175 3624 2207 3654 ι.

259 3703 362 3751 cap.
399 3702 497 3753 293
537 3686 626 3735 cfr.
664 3688 801 3735 etiam
839 3684 1079 3749 Casalius,
1105 3692 1294 3754 op.'cit.
