2502 4134
202 150 323 209 572
797 173 993 211 macr.
1045 175 1112 211 na
1157 176 1307 214 Locis
1351 177 1726 217 maomeicis.

203 319 635 400 distinguamus
673 330 910 401 oportet
947 321 1101 381 inter
1126 322 1485 404 ‘theologiam
1517 326 1918 404 doymaticam
1962 332 2195 412 proprie
2238 332 2331 391 di-

203 426 390 488 ctam,
430 433 558 494 quae
593 414 878 473 nimirum
911 418 1184 477 veritates
1221 441 1425 479 omnes
1451 442 1482 478 3
1514 422 1636 479 Deo
1676 418 1964 480 revelatas
2002 437 2062 483 et
2098 425 2330 485 conclu-

199 512 393 570 siones
410 508 550 568 inde
573 523 882 570 manantes
906 512 1316 594 complectitur
1332 560 1348 591 .,
1371 525 1546 597 atque
1571 536 1701 574 eam
1740 514 2048 596 theologiae
2074 534 2327 600 partem,

198 627 325 689 quae
352 608 741 683 praeambula
770 609 1140 690 persequitur
1172 631 1238 668 ac
1268 614 1721 690 proeparatoria
1751 611 1879 683 dici,
1903 622 2131 693 potest,
2173 627 2233 674 et
2256 618 2331 677 ab

197 700 489 782 aliquibus
516 704 821 781 yeneralz‘s
845 716 1223 785 nuncupatur
1242 751 1256 780 a
1297 706 1516 788 quippe
1541 728 1670 788 quae
1694 708 1755 765 in
1787 707 2088 788 principiis
2108 728 2174 766 ac
2196 707 2332 770 fun-

194 797 491 874 damentis
525 797 829 878 theologiae
866 800 1116 881 propriis
1141 846 1156 874 7
1204 802 1486 859 nimirum
1520 801 1897 861 revelationis
1939 802 2154 862 divinae
2179 803 2333 862 exis—

194 893 377 951 tentia
404 938 419 966 ,
451 914 600 953 verae
629 893 892 986 Ecclesiae
930 907 1139 954 natura
1173 907 1349 978 atque
1387 898 1733 957 auctoritate
1755 944 1770 970 ,
1809 897 1982 958 sacris
2023 898 2334 980 Scripturis

193 1009 258 1046 ac
289 988 726 1049 Traditionibus
757 991 1184 1050 constituendis
1230 1005 1494 1053 versatur
1529 994 1641 1073 (l').

277 1085 416 1145 346.
468 1087 645 1145 Porro
673 1088 722 1145 si
765 1086 838 1146 de
869 1086 1157 1166 theologia
1218 1089 1455 1171 proprie
1489 1089 1644 1148 dicta
1685 1088 1974 1149 tradenda
2010 1089 2329 1172 discepteS.,

191 1180 476 1258 dubium7
528 1194 731 1242 nostro
785 1182 1024 1265 quidem
1055 1182 1317 1262 judici0‚
1364 1206 1490 1244 esse
1529 1186 1772 1269 nequit.J
1827 1186 1973 1267 quin
2018 1185 2332 1245 methodus

191 1279 541 1354 scientifica,
594 1282 659 1339 in
697 1280 914 1339 scholis
952 1280 1248 1340 catholicis
1295 1282 1665 1358 adhibenda,
1721 1284 2052 1363 synthetica
2094 1305 2331 1365 prorsus

190 1396 314 1435 esse
364 1375 577 1437 debeat
624 1398 688 1436 ac
724 1379 1218 1436 demonstrativa.
1277 1377 1344 1436 ld
1389 1380 1549 1438 enim
1590 1379 1842 1438 scientiae
1890 1379 2061 1458 hujus
2105 1378 2330 1438 indoles

189 1491 258 1531 ae
304 1474 453 1531 ratio
495 1472 754 1555 postulat
801 1474 1067 1532 omnino,
1116 1474 1273 1532 Num
1317 1476 1477 1533 enim
1521 1474 1824 1553 theologus
1877 1474 2012 1534 fidei
2057 1475 2327 1535 veritates

188 1566 371 1628 Veluti
412 1568 664 1629 latentes
716 1568 908 1627 adhuc
953 1590 1018 1626 ac
1059 1569 1285 1646 ignotas
1342 1580 1594 1642 tractare
1632 1579 1866 1649 potest,
1915 1589 2049 1628 cum
2095 1580 2154 1628 et
2200 1569 2327 1649 ipse

134 1697 136 1699 ·
187 1674 246 1722 et
272 1685 477 1723 omnes
498 1710 513 1739 7
538 1686 683 1746 quos
710 1663 915 1722 edocet
932 1707 947 1736 .,
983 1661 1254 1740 illas‘jam
1277 1671 1310 1721 a
1340 1664 1609 1744 proxima
1642 1663 1779 1722 fidei
1806 1662 2003 1743 regula
2023 1709 2037 1736 ,
2067 1663 2327 1722 Ecclesiae

186 1779 404 1841 nempe
421 1760 765 1819 auctoritate
783 1757 1111 1839 propositas
1135 1801 1151 1832 ,
1177 1757 1378 1818 divina
1406 1756 1521 1816 fide
1533 1759 1657 1835 jam
1675 1757 1913 1821 credere
1931 1756 2188 1817 debeant
2207 1756 2328 1838 (ΞΥ.)

254 1955 318 2019 (1)
359 1954 617 2015 VeritateS‚
666 1958 717 2004 in
764 1956 935 2023 quibus
980 1955 1207 2020 theologia

185 2038 442 2103 dogmatica
468 2040 650 2104 proprie
689 2039 809 2087 dicta
840 2049 1047 2088 'versatur
1068 2076 1080 2098 ,
1111 2055 1207 2085 non

183 2122 393 2187 ejusdem
429 2121 598 2186 gradus
642 2138 697 2170 ac
726 2124 906 2187 generis
935 2132 1061 2170 sunt.
1096 2119 1209 2169 Aliae

183 2207 309 2254 enim
329 2214 437 2252 sunt
463 2205 686 2274 ¹veritatea
707 2213 796 2252 aut
814 2203 1038 2270 doqmata
1057 2203 1207 2268 fidei,

183 2299 411 2356 quatenus
459 2300 569 2339 sunt
610 2289 892 2337 immediate
940 2290 1159 2339 revelata
1187 2307 1212 2338 a

180 2370 306 2431 Deo3
327 2373 425 2420 aliae
444 2357 779 2423 conclusiones
791 2370 1066 2437 theoloqicae
1076 2408 1092 2433 ,
1113 2388 1214 2438 quae

182 2473 236 2505 ex
276 2457 439 2521 primis
487 2455 578 2503 illis
635 2455 964 2518 veritatibus‚'
992 2465 1215 2521 tanquam

180 2541 421 2605 principiis
438 2574 452 2598 ‚
473 2536 680 2603 legitima
698 2537 977 2586 deductione
998 2555 1053 2586 ac
1074 2539 1216 2589 ratio-

181 2624 413 2671 cinatione
427 2631 670 2670 eruuntur.
692 2619 833 2669 Porro
854 2622 977 2668 inter
989 2621 1216 2668 veritates

175 2706 299 2771 fidei
333 2707 531 2755 veniunt
556 2706 707 2769 primo
735 2702 937 2751 articuli
967 2703 1075 2751 fidei
1093 2740 1105 2762 ‚
1131 2705 1214 2769 qui

183 2798 291 2838 sunt
320 2787 464 2836 veluti
505 2786 718 2853 quaedam
763 2786 872 2834 fidei
923 2787 1074 2849 capita
1099 2822 1110 2844 ‚
1163 2787 1213 2831 in

182 2871 359 2940 quibus
395 2880 560 2921 -cetera
600 2872 825 2936 dogmata
879 2872 1209 2929 continentur,

184 2957 345 3024 quales
387 2967 495 3004 sunt
530 2955 716 3004 articuli
758 2956 966 3004 contenti
999 2956 1049 3002 in
1083 2970 1213 3019 sym--

184 3039 327 3104 bolo,
363 3037 490 3106 quod
522 3038 724 3086 Ecclesia
766 3036 983 3086 fidelibus
1017 3037 1223 3103 creden-¹

187 3122 300 3171 dum
335 3124 567 3187 proponit.
601 3119 713 3169 Aliae
746 3137 854 3168 vero
885 3121 1099 3168 veritates
1132 3134 1214 3167 seu

187 3203 397 3267 dogmata
428 3214 560 3261 sunt,
597 3221 700 3269 quae
727 3202 797 3252 vel
825 3203 877 3249 in
907 3202 1116 3267 deposito
1143 3217 1218 3248 re-

186 3287 427 3336 velationis
457 3286 758 3356 continentur
784 3297 830 3335 et
856 3287 1097 3334 communi
1123 3284 1214 3333 Ec·

187 3373 339 3440 clesiaz
369 3371 461 3418 fide
492 3374 737 3431 nituntur,
776 3382 821 3419 et
853 3371 1077 3418 dicuntur
1105 3367 1217 3433 doq-

187 3463 321 3504 mata
352 3452 591 3511 revelata;
626 3453 698 3503 vel
738 3455 875 3503 etiam
912 3453 971 3500 ab
1017 3451 1219 3500 Ecclesia

191 3553 400 3604 expressa
442 3535 714 3585 definitione
766 3537 938 3584 sancita
985 3545 1127 3594 sunt,
1174 3543 1219 3582 et

191 3623 486 3670 constituunt
524 3618 738 3683 dogmata
789 3616 1029 3665 declarata
1077 3626 1219 3682 atque

192 3706 348 3754 stricte
383 3698 634 3750 catholica.
673 3696 1015 3747 Concha-aiones
1050 3697 1220 3746 theolo-

1291 1954 1449 2017 qicae,
1493 1953 1566 2002 vel
1603 1952 1901 2001 deducuntur
1931 1969 1955 1999 a
1985 1951 2168 1999 duabus
2204 1967 2328 2016 prae-

1297 2035 1446 2082 missis
1464 2070 1478 2093 ‚
1520 2050 1624 2103 quae
1654 2032 1803 2081 ambae
1831 2032 2110 2080 immediate
2130 2033 2222 2079 sint
2245 2048 2321 2079 re-

1297 2115 1463 2164 velatae
1478 2154 1490 2174 ‚
1514 2116 1585 2164 vel
1612 2132 1812 2181 quarum
1833 2131 1928 2162 una
1946 2124 2127 2162 tantum
2152 2114 2209 2162 de
2228 2112 2323 2161 fide

1299 2202 1391 2261 sit,
1433 2200 1577 2248 altera
1616 2214 1723 2246 vero
1767 2198 1946 2246 lumine
1980 2197 2205 2245 duntaxat
2242 2212 2323 2243 na-

1301 2282 1437 2332 turali
1466 2285 1744 2346 innotescat.
1775 2280 1831 2328 ln
1858 2290 2066 2346 'utroque
2085 2295 2195 2327 casu
2227 2296 2325 2327 non

1303 2376 1412 2414 sunt
1455 2364 1732 2412 immediate
1773 2363 1980 2412 revelatae
2014 2380 2039 2410 a
2075 2360 2208 2420 Deo,
2244 2360 2324 2410 sed

1304 2431 1489 2497 tantum
1515 2446 1734 2509 mediate·
1751 2445 1822 2493 vel
1855 2442 2105 2509 implicite.
2126 2442 2267 2491 Porro
2288 2444 2325 2490 si

1304 2531 1538 2579 conclusio
1581 2528 1836 2592 theologica
1874 2525 2064 2574 aliunde
2104 2527 2160 2572 sit
2196 2541 2324 2572 reve-

1304 2614 1427 2672 lata„
1459 2623 1538 2661 aut
1569 2610 1785 2660 Ecclesiae
1810 2608 1985 2675 judicio
2014 2610 2213 2667 nitatur,
2237 2606 2325 2655 du-

1303 2698 1437 2745 bium
1472 2714 1567 2744 non
1600 2705 1699 2754 est,
1737 2696 1854 2760 quin
1890 2692 1958 2741 ad.
1984 2691 2125 2740 fidem
2156 2692 2326 2738 imme-

1303 2781 1424 2828 diate
1453 2780 1695 2845 pertineat.
1729 2774 1869 2825 Secus
1906 2791 2047 2835 vem,
2079 2791 2187 2822 cum
2221 2789 2326 2837 pro-

1302 2864 1584 2929 positionem
1617 2878 1758 2908 unam
1796 2877 1849 2908 ex
1888 2858 1975 2907 alia
2006 2853 2322 2905 ratiocinando

1304 2963 1465 2995 eruere
1497 2946 1688 2992 rationis
1719 2943 1934 2991 humanae
1956 2943 2014 3003 sit
2040 2956 2153 3005 opus
2171 2972 2185 2997 ,
2208 2951 2323 2984 con-

1304 3029 1450 3077 clusio
1477 3026 1711 3093 ejusmodi
1754 3025 1813 3073 ad
1847 3024 1990 3073 fidem
2029 3022 2198 3070 directe
2227 3034 2322 3064 non

1304 3114 1520 3179 pertinet.
1543 3109 1680 3175 Quod
1709 3111 1744 3157 si
1770 3117 1931 3156 tamen
1955 3120 2035 3171 per
2063 3102 2322 3152 evidentem

1306 3194 1636 3244 deductionem
1678 3210 1731 3241 ex
1777 3190 2013 3257 principiis
2056 3168 2324 3232 immediate

1307 3275 1515 3327 revelatis
1554 3276 1683 3324 illata
1715 3276 1806 3334 sit,
1846 3271 1905 3321 ad
1942 3269 2082 3317 fidem
2119 3251 2326 3314 mediate

1307 3363 1472 3410 saltem
1516 3370 1559 3408 et
1599 3357 1834 3406 indirecte
1864 3354 2089 3419 pertinere
2130 3351 2323 3414 poterit,

1309 3463 1393 3511 pro
1427 3447 1483 3493 iis
1524 3443 1719 3499 saltem,
1766 3440 1845 3504 qui
1892 3438 1983 3484 vim
2035 3434 2325 3483 deductionis

1309 3525 1730 3594 comprehendunt.

1381 3610 1449 3674 (2)
1487 3604 1693 3656 Perbelle
1709 3602 1788 3650 hic
1812 3601 2068 3667 quadrant,
2092 3613 2193 3664 quae
2211 3595 2328 3643 Vin-

1307 3695 1486 3743 centius
1517 3686 1801 3753 Lirinensis,
1837 3687 1885 3733 in
1917 3699 2055 3733 aureo
2078 3697 2160 3730 suo
2189 3676 2328 3727 Com·
