2502 4134
2110 130 2224 191 311

362 159 519 196 PART.
565 157 631 194 11.
680 156 828 194 SEGT·
872 155 940 190 11.
990 154 1111 193 cAP.
1154 153 1236 192 111.
1288 155 1357 190 m?-
1397 154 1530 190 ΜΕΙ).
1579 153 1725 190 snm.
1774 152 1938 190 TRAD.

120 299 411 378 religionis
448 305 784 374 assurgant,
824 296 941 355 vim
978 316 1096 376 prae
1123 315 1183 353 se
1217 295 1413 353 ferunt
1441 293 1516 352 ad
1542 291 2012 375 persuadendum
2044 296 2227 352 maxi-

119 416 275 453 mam
298 438 313 466 .,
351 394 429 450 ita
472 401 536 448 ut
568 411 690 447 non
728 390 925 469 pauci,
978 389 1075 469 qui
1111 401 1211 447 aut
1239 400 1570 447 sanctorum
1601 390 1839 447 Patrum
1873 387 2101 469 scriptis
2130 400 2230 447 aut

121 486 505 548 Conciliorum
533 483 777 543 decretis
800 483 1042 564 aliisque
1071 482 1132 541 id
1157 504 1339 562 genus
1372 483 1730 561 argumentis
1758 482 2083 560 permoveri
2108 503 2229 540 non

122 592 441 664 potuerunt
460 624 475 652 ‚
508 579 642 638 victi
673 579 912 637 demum
937 577 1352 658 antiquissimis
1374 576 1464 634 his
1493 577 1892 635 monumentis
1929 577 2231 636 veritatem

119 676 498 757 agnoverint„
535 686 595 734 et
626 675 898 752 ejuratiS,
939 672 1150 755 quibus
1197 671 1408 731 imbuti
1449 683 1650 738 erant,
1689 669 2016 745 erroribuS,
2056 693 2117 731 se
2159 671 2234 731 ad

118 772 377 832 Ecclesiae
415 769 711 829 catholicae
753 769 946 827 sinum
974 767 1302 848 receperint
1337 766 1450 844 (1).
1491 765 1595 823 Vix
1633 765 1793 823 enim
1831 765 2063 847 aliquod
2100 765 2235 826 fidei

122 867 417 927 catholicae
460 865 671 945 dogma
708 877 796 924 est
831 886 903 923 ex
939 864 1043 936 iis,
1088 883 1217 943 quae
1252 854 1647 920 protestantes
1682 859 1861 919 veluti
1895 862 2115 920 novitia
2149 863 2236 920 in-

124 974 295 1023 venta
318 1007 332 1035 7
385 973 443 1023 et
485 982 752 1022 romanas
788 958 1101 1040 praestigias
1136 956 1460 1038 faedamque
1489 959 1770 1036 papismi
1800 958 2232 1039 corruptionem

121 1058 538 1128 traduxerant,
592 1054 748 1136 quod
793 1075 913 1115 non
951 1053 1216 1113 firmetur
1259 1051 1348 1110 his
1400 1051 1799 1109 monumentis
1846 1053 2230 1133 antiquitatis·

122 1152 298 1214 Nobis
332 1151 429 1210 hic
458 1149 823 1231 propositum
857 1145 1017 1207 haud
1050 1156 1139 1204 est
1177 1145 1250 1203 de
1285 1143 1523 1224 singulis
1556 1143 1731 1203 modo
1766 1147 2064 1205 recensitis
2103 1169 2234 1206 mo-

119 1257 538 1306 numentorum
568 1241 842 1305 classibus
871 1262 942 1301 ex
973 1239 1233 1322 professo
1271 1250 1630 1320 pertractare
1651 1284 1667 1313 .,
1707 1260 1841 1298 cum
1879 1242 2234 1322 praestitutus

118 1340 285 1400 nobis
323 1339 454 1397 finis
489 1337 552 1396 id
590 1358 713 1396 non
752 1336 930 1408 ferat3
968 1335 1105 1393 satis
1145 1333 1393 1415 proinde
1431 1334 1542 1393 erit
1579 1333 1653 1392 ad
1688 1355 1930 1412 scopum
1966 1347 2234 1395 nostrum

116 1432 399 1493 nonnulla
441 1431 650 1492 saltem
690 1429 949 1490 delibare
971 1474 987 1501 .,
1033 1449 1160 1510 quae
1195 1429 1325 1487 usui
1353 1428 1629 1509 theologo
1657 1441 1717 1489 et
1745 1429 2083 1508 adjumento
2111 1452 2235 1492 esse

116 1539 368 1611 queant,
412 1537 478 1586 ut
509 1527 604 1586 hic
633 1548 703 1586 ex
744 1524 1080 1584 Traditione
1118 1524 1275 1584 hisce
1303 1524 1509 1582 mediis
1546 1525 1776 1605 cognita
1807 1524 2025 1585 felicius
2059 1526 2237 1586 dimi-

116 1645 245 1683 care
293 1622 484 1683 valeat
523 1621 801 1682 adversus
855 1620 994 1680 fidei
1037 1618 1331 1680 catholicae
1375 1641 1568 1680 osores
1606 1631 1664 1680 et
1707 1620 1934 1695 hostes3
1973 1621 2130 1703 quod
2172 1634 2236 1679 ut

116 1718 333 1778 facilius
368 1717 632 1778 obtineat
653 1762 668 1792 ‚
704 1715 943 1799 prolatis
978 1716 1324 1796 opportunis
1363 1715 1647 1796 exemplis
1683 1737 1806 1775 rem
1845 1727 2032 1803 totam
2071 1715 2237 1775 illus-

117 1813 434 1887 trabimuS‚
475 1811 550 1872 ad
589 1812 864 1894 probatos
901 1821 1165 1873 auctores
1194 1810 1388 1892 quoad
1422 1811 1645 1892 reliqua
1677 1812 2042 1871 remittentes
2071 1811 2236 1871 audi-

116 1922 270 1969 tores
304 1921 566 1983 nostros‚
601 1919 702 1982 ut,
731 1928 863 1969 cum
900 1928 1046 1988 opus
1078 1906 1287 1981 fuerit,
1330 1905 1657 1967 uberiorem
1700 1905 1811 1966 sibi
1845 1907 2235 1986 cognitionem

116 2025 451 2087 comparare
487 2002 734 2085 possint.

190 2224 253 2285 (l)
291 2222 367 2270 Sic
403 2224 529 2269 enim
567 2223 725 2269 scribit
769 2221 1047 2287 Aringhius‚
1082 2223 1139 2270 de

121 2321 256 2368 opere
274 2301 574 2352 celeberrimo
589 2303 776 2354 Antonii
796 2303 919 2351 Bosii
951 2306 1140 2369 ejusque

122 2387 450 2433 continuatoris
463 2383 701 2442 severam,
719 2386 793 2433 cui
809 2385 968 2432 titulus
983 2384 1136 2431 Roma

120 2466 428 2514 subterranea
461 2484 478 2512 .·
509 2465 710 2531 Riporto
733 2467 823 2532 poi
855 2473 985 2513 tanto
1013 2463 1135 2513 l‘au*

121 2556 217 2594 tore
241 2549 474 2613 primiero
490 2581 507 2604 ,
536 2556 714 2611 quanto
744 2558 843 2594 esso
861 2584 876 2602 ,
907 2546 1138 2594 straordi-

123 2631 265 2675 nario
310 2628 572 2694 oppletam,
617 2631 1003 2675 massimameme
1045 2644 1135 2692 ap-

114 2726 278 2776 presso
310 2712 330 2757 i
356 2713 498 2774 paesi
535 2708 905 2769 oltramontani,
947 2712 970 2757 i
1003 2708 1140 2774 quali

124 2793 263 2840 {irati
286 2790 413 2839 dalla
442 2792 674 2840 euriositd
689 2825 707 2851 ,
722 2791 928 2854 facendo
960 2809 991 2838 a
1017 2807 1137 2855 qara

123 2873 206 2921 nel
234 2871 461 2937 leqqerla‚
499 2889 592 2938 per
621 2872 907 2938 disc-oprimi
944 2874 1001 2920 in
1033 2889 1137 2920 essa

124 2956 148 3001 i
177 2956 264 3002 riti
292 2953 416 3002 della
448 2954 609 3002 chiesa
642 2963 888 3010 nascente,
935 2954 974 3002 il
1005 2953 1135 3003 culto

130 3034 246 3084 delle
266 3053 396 3085 sacre
413 3036 698 3101 immaqim',
729 3054 754 3084 e
778 3035 977 3085 l’amica
1003 3053 1141 3084 vene-

129 3121 324 3167 razione
347 3117 462 3166 delle
485 3117 686 3184 reliquie
709 3117 955 3181 de'santi,
976 3118 1143 3168 alcuni

131 3201 295 3247 cretici
325 3203 380 3248 in
419 3201 641 3268 leqqendo
672 3203 1020 3250 convertiromi
1049 3199 1144 3248 alla

136 3287 276 3329 santa
296 3281 403 3345 sede
416 3318 434 3344 ‚
463 3285 522 3332 ed
543 3284 815 3350 abjurando
840 3282 1028 3332 l'eresia
1048 3291 1145 3330 tor-

135 3375 314 3410 nat-ono
342 3362 392 3412 al
409 3365 598 3429 qrembo
624 3365 748 3414 della
774 3365 956 3415 chiesa.
988 3364 1149 3414 Adesis

143 3444 398 3495 versionem
411 3445 554 3511 hujus
574 3449 663 3498 loci
689 3449 880 3498 latinam
902 3449 960 3497 ad
977 3448 1150 3497 calcem

1225 2224 1490 2272 voluminis.
1527 2222 1628 2271 Cfr.
1669 2223 1931 2282 Bottarius,
1976 2226 2025 2271 in
2063 2224 2239 2288 praefat.

1225 2322 1304 2369 op.
1334 2301 1561 2354 Scult-ure
1597 2323 1621 2351 e
1653 2306 1835 2369 pitture
1876 2320 2011 2352 sacre
2052 2311 2241 2352 estraue

1222 2384 1309 2432 dai
1343 2386 1554 2449 cimiterj
1583 2384 1639 2433 di
1670 2385 1849 2445 Roma,
1884 2385 2033 2453 Roma
2074 2383 2200 2451 1737
2221 2421 2235 2446 ,

1225 2483 1324 2531 pag.
1361 2464 1412 2515 5.
1443 2465 1745 2515 Mabillonius
1772 2483 1960 2533 quoque
1988 2466 2160 2526 refert,
2189 2467 2242 2515 in

1223 2564 1305 2595 suo
1324 2549 1506 2596 Itinere
1523 2545 1643 2596 Ital.
1662 2565 1766 2614 pag.
1802 2539 1896 2611 134
1909 2584 1922 2608 ‚
1943 2548 2055 2596 edit.
2073 2546 2240 2607 Paris„

1224 2627 1446 2676 Batavum
1465 2628 1714 2694 quemdam
1729 2664 1744 2687 ‚
1763 2631 1955 2677 nomine
1969 2627 2210 2677 Albertum
2226 2665 2238 2687 ‚

1223 2710 1351 2757 domi
1380 2725 1475 2757 suae
1494 2727 1599 2769 'non
1628 2709 1880 2775 ignobilem
1898 2745 1913 2770 ,
1936 2712 2020 2776 qui
2045 2709 2245 2758 Romam

1224 2802 1501 2850 accesserat,
1538 2801 1591 2840 ut
1621 2794 1713 2839 suis
1747 2794 1844 2857 ipse
1878 2792 2022 2840 oculis
2062 2790 2246 2839 subter-

1227 2892 1390 2923 raneos
1406 2885 1611 2923 veterum
1629 2873 1999 2923 Christianorum
2015 2881 2245 2937 receptus,

1224 2955 1391 3023 ibique
1433 2957 1617 3005 condita
1655 2967 1961 3005 monumenta
1999 2955 2246 3015 lustraret,

1227 3039 1343 3088 adeo
1371 3049 1529 3098 sectae,
1558 3038 1933 3097 cuiadbaeserat‚
1960 3038 2250 3102 poenituisse‚

1229 3132 1281 3170 ut
1320 3124 1604 3170 severiorum
1647 3119 2008 3169 Franciscalium
2047 3135 2095 3167 se
2133 3128 2254 3166 veste

1232 3204 1469 3262 induerit,
1503 3204 1712 3269 dumque
1743 3201 2039 3250 Mabillonius
2076 3199 2252 3248 scribe-

1233 3283 1345 3343 bat,
1376 3301 1429 3332 ex
1463 3281 1721 3349 asperrimis
1757 3283 1942 3332 illorum
1979 3281 2158 3348 legibus
2189 3281 2255 3327 vi-

1235 3377 1381 3416 vetet.
