2502 4134
406 129 563 172 PAnr.
609 133 674 170 11.
722 129 844 171 car.
893 131 973 171 lv.
1020 133 1087 170 mi
1128 133 1420 171 sempron.
1469 114 1630 172 sicu.⁴
1670 132 1825 174 vens,
2057 107 2174 169 189

878 300 1288 355 PROPOSITIO
1327 302 1399 354 II.

71 485 225 544 Jure
261 487 474 562 optimo
502 484 776 543 Romani
806 483 1119 562 Pontifices
1153 484 1462 543 Societates
1497 485 1750 544 bihlioas
1789 496 2176 565 nuncupatas

193 583 371 638 veluti
385 582 598 638 noxias
628 590 683 637 et
700 582 1065 657 perniciosas
1089 582 1326 639 iteratis
1341 579 1588 637 decretis
1602 581 2051 658 improbarunt.

152 772 228 840 ‘27
237 780 294 839 6.
342 783 377 840 J
382 803 483 840 ure
517 782 739 860 optimo
768 781 1014 840 Romani
1040 781 1345 841 Pontifices
1367 779 1665 839 societates
1695 779 1933 841 biblinas
1956 783 2179 865 impro-

72 873 237 934 basse
262 874 442 936 veluti
467 878 664 934 noxias
714 887 774 935 et
798 875 1146 958 perniciosas
1178 874 1411 935 dicendi
1436 885 1573 945 sunt
1595 919 1611 949 ,
1649 873 1697 932 si
1727 875 1866 935 tales
1903 878 2090 960 reipsa
2118 888 2179 939 et

74 989 276 1027 earum
298 970 465 1048 origo
503 991 568 1028 ac
595 980 803 1028 natura
825 1013 840 1042 ,
869 981 928 1029 et
963 970 1200 1050 spiritus
1222 1014 1239 1042 ,
1278 970 1379 1050 qui
1405 970 1466 1028 in
1496 970 1566 1027 iis
1609 967 1977 1046 dominatur,
2003 983 2178 1056 atque

73 1063 204 1121 finis
250 1063 385 1144 ipsis
428 1055 783 1144 praestitutus
812 1106 827 1135 ,
870 1062 1108 1122 effectus
1147 1061 1435 1143 denique,
1476 1063 1579 1144 qui
1620 1083 1693 1123 ex
1732 1063 1801 1121 iis
1838 1066 2174 1145 profluunt,

72 1169 270 1238 aperte
300 1156 424 1215 illas
451 1156 821 1237 patefaciunt.
861 1156 994 1214 Jam
1029 1175 1167 1215 vero
1203 1155 1490 1234 ejusmodi
1517 1177 1637 1216 esse
1667 1158 1967 1219 societates
1998 1161 2179 1223 bibli-

73 1271 163 1309 cas
187 1295 203 1325 ,
241 1273 274 1309 a
301 1251 471 1308 Rom.
505 1248 879 1308 Pontificibus
911 1248 1271 1331 improbatas
1294 1295 1310 1324 ,
1342 1251 1421 1308 sic
1442 1271 1548 1332 per
1570 1262 1764 1332 partes
1793 1254 2177 1317 ostendimus,

155 1347 221 1401 ln
266 1344 394 1401 sinu
427 1345 886 1425 protestantismi
918 1344 1013 1404 vel
1042 1344 1444 1423 anglicanismi
1472 1346 1659 1427 prima
1686 1344 1898 1406 biblica
1937 1351 2179 1411 societas

71 1437 336 1496 instituta
377 1450 501 1512 est,
537 1440 600 1497 in
626 1438 826 1518 Anglia
859 1438 1073 1499 scilieet
1102 1461 1196 1498 an.
1242 1440 1418 1499 1804.
1459 1442 1606 1514 Cum
1636 1442 1797 1500 enim
1840 1442 2059 1502 fructus
2086 1446 2180 1503 in-

70 1532 205 1591 vido
229 1532 392 1592 oculo
418 1545 722 1594 cernerent
749 1544 1136 1616 protestantes
1171 1545 1230 1594 et
1262 1534 1585 1614 anglicani,
1626 1558 1769 1617 quos
1794 1535 2009 1619 ubique
2031 1538 2182 1599 loco-

69 1650 202 1686 rum
252 1629 634 1703 missionarii,
675 1651 819 1711 quos
854 1640 1097 1705 vocant,
1146 1628 1454 1705 catholici,
1495 1630 1762 1711 ingentes
1796 1653 1937 1692 sane
1963 1634 2181 1694 refere-

69 1721 214 1783 bant
233 1769 249 1800 ,
287 1725 553 1805 quamvis
574 1736 745 1784 antea
775 1724 877 1804 ,vel
905 1724 1010 1783 hos
1041 1737 1425 1806 spernerent,
1459 1724 1554 1787 vel
1587 1727 1764 1785 etiam
1792 1727 2181 1808 proselytismi

70 1831 269 1880 notam
307 1820 418 1878 illis
449 1820 782 1895 inurerent,
825 1831 1131 1902 coeperunt
1156 1829 1215 1878 et
1249 1820 1359 1900 ipsi
1393 1820 1468 1879 de
1499 1821 1763 1899 gentium
1798 1824 2181 1884 conversione

70 1916 217 1974 serio
258 1916 524 1995 cogitare.
567 1906 739 1975 'Illico
785 1915 1105 1996 flagrarunt
1149 1915 1435 1977 desiderio
1476 1915 1551 1975 ad
1587 1915 1922 1992 Christum,
1966 1928 2031 1976 ut
2068 1919 2181 1999 ipsi

70 2009 446 2086 dictitabant,
509 2009 835 2071 adducendi
874 2010 1203 2070 idololatras
1247 2032 1312 2070 ac
1352 2010 1617 2070 infideles
1656 2021 1912 2087 ceterOS,
1949 2013 2180 2072 Judaeos

73 2107 286 2165 scilicet
315 2117 373 2167 et
405 2105 705 2166 lslamitaS.
743 2109 808 2165 ln
847 2106 1005 2165 hunc
1040 2107 1219 2164 finem
1248 2104 1479 2187 publica
1516 2106 1753 2166 societas
1790 2105 2001 2165 biblica
2027 2108 2181 2166 Lon-

74 2198 197 2258 dini
233 2211 320 2259 est
354 2201 650 2276 instituta,
682 2201 756 2260 ad
797 2200 979 2260 Biblia
1021 2199 1303 2259 translata
1336 2199 1398 2258 in
1434 2199 1658 2280 linguas
1687 2200 2027 2262 vernaculas
2053 2203 2180 2260 sin-

75 2294 338 2374 gulorum
383 2293 730 2375 populorum
768 2296 892 2354 sine
921 2294 1355 2353 commentariis
1388 2315 1453 2352 ac
1477 2295 1601 2353 sine
1631 2295 1785 2353 notis
1811 2294 2026 2376 ubique
2050 2296 2181 2354 dis-

74 2387 415 2448 seminanda
453 2389 685 2467 (1).1n
734 2388 883 2447 hanc
918 2388 1251 2446 societatem
1291 2398 1574 2468 cooptatae
1620 2387 1831 2447 deinde
1875 2400 2011 2447 sunt
2054 2383 2180 2450 aliae

72 2506 256 2567 prope
277 2485 598 2542 innumerae
624 2483 688 2541 in
713 2494 956 2563 utroque
981 2481 1394 2562 hemisphaerio
1428 2481 1713 2540 institutae
1729 2527 1746 2557 ,
1781 2503 1909 2563 quae
1929 2495 1989 2542 et
2008 2505 2179 2565 pecu-

74 2580 268 2639 niariis
316 2577 585 2636 subsidiis
629 2588 687 2636 et
715 2575 1077 2639 versionibus
1118 2575 1439 2634 Bibliorum
1485 2577 1742 2635 societati
1776 2578 2066 2658 primariae
2102 2578 2179 2638 ad

75 2695 218 2757 opus
251 2671 671 2755 perficiendum
701 2671 1040 2749 adjumento
1082 2681 1274 2730 essent
1315 2670 1426 2751 (2).
1482 2672 1584 2730 1:1ae
1636 2692 1838 2731 omnes
1880 2673 2180 2733 societates

77 2767 400 2828 coalescunt
434 2789 505 2827 ex
536 2765 813 2827 membris
842 2766 1106 2824 omnium
1138 2776 1425 2825 sectarum
1446 2767 1932 2847 protestantismi‚
1970 2789 2041 2827 ex
2062 2769 2180 2827 Lu-

77 2863 332 2923 theranis
365 2861 632 2923 videlicet
673 2873 731 2921 et
767 2860 1097 2922 Calvinistis
1135 2858 1506 2930 orthodoxiS,
1543 2871 1610 2918 ut
1639 2860 1969 2942 appellant,
2013 2863 2181 2922 Wes-

77 2959 276 3038 lejanis
329 2960 448 3021 sive
498 2957 861 3019 Methodistis
894 3003 912 3031 ,
966 2956 1333 3037 AnglicaniS,
1403 2956 1748 3035 Socinianis,
1791 2958 2175 3034 Arminianis.,

81 3053 361 3131 MoraviS‚
389 3053 782 3136 Anabaptistis
802 3099 819 3129 ,
855 3051 1130 3127 Quakeris
1149 3096 1165 3128 ,
1196 3062 1306 3112 etc.
1335 3052 1444 3133 (3).
1473 3055 1694 3112 Harum
1719 3064 2007 3114 sectarum
2031 3075 2181 3137 quae-

149 3270 213 3334 (1)
242 3272 340 3323 Cfr.
371 3273 579 3339 Gregoire
597 3310 610 3333 ,
643 3272 780 3322 Hinc.
804 3273 884 3321 des
908 3281 1080 3333 sentes,
1167 3272 1388 3322 lescentes
1422 3289 1476 3321 ex
1509 3272 1726 3323 omnibus
1757 3275 1889 3323 sectis
1907 3310 1922 3336 ,
1950 3273 2038 3324 cfr.
2058 3273 2175 3323 ibid.

80 3349 160 3398 liv.
191 3367 282 3411 vn,
315 3353 447 3420 chap.
483 3372 549 3422 9,
583 3366 698 3405 tom.
731 3373 813 3417 iv,
851 3355 962 3405 edit.
997 3354 1084 3403 Pa·
1165 3373 1217 3421 p.
1247 3354 1344 3421 427
1369 3366 1533 3423 etseq.

83 3431 159 3478 ris.
188 3428 342 3498 1829,
372 3451 475 3500 pag.
491 3434 611 3499 402.
955 3482 957 3484 ,
1233 3437 1298 3502 (3)
1336 3438 1437 3488 Cfr.
1465 3437 1659 3500 Milner,
1693 3455 1770 3505 op.
1803 3440 1883 3489 cit.
1909 3439 2039 3490 lettre
2054 3457 2172 3500 xxx,

148 3512 211 3574 (2)
247 3511 452 3565 Centenae
490 3520 583 3568 imo
632 3528 678 3568 et
722 3518 918 3568 millenae
968 3534 1084 3584 pene
1163 3535 1268 3584 pag.
1297 3518 1411 3587 399.
1457 3514 1460 3518 ’

81 3602 381 3643 numerantur
409 3599 633 3663 ejusmodi
670 3602 899 3651 societates
918 3637 932 3663 ,
978 3615 1082 3650 coa-
