2502 4134
387 182 548 219 mur.
598 180 661 216 11.
711 178 839 216 cu.
883 179 922 215 1.
968 177 1036 213 mi
1079 177 1238 214 stica.
1286 175 1432 213 nnn.
1479 174 1611 214 can.
1660 176 1727 212 Er
1770 175 2013 215 Aucron.
2179 156 2253 216 31

136 323 247 385 dici
281 321 499 404 pariter
525 318 719 382 ,debet
761 318 834 378 de
874 316 1140 376 Patribus
1183 315 1415 391 latinis»,
1460 317 1596 398 qui,
1639 318 1910 399 quamvis
1965 339 2254 380 canonem

135 415 541 478 contexuerint
568 413 953 473 Hebraeorum
970 458 986 487 ,
1018 411 1203 472 nihilo
1227 412 1408 472 secius
1442 422 1779 472 constanter
1807 413 2061 475 afferunt
2089 417 2257 476 testi-

136 514 330 573 monia
352 556 369 586 ,
417 510 600 572 veluti
641 507 716 568 ab
759 506 1090 568 auctoribus
1126 509 1552 588 theopneustis,
1587 527 1657 566 ex
1689 506 1853 567 libris
1895 509 2146 586 nostris,
2190 522 2258 570 ut

134 609 210 669 de
251 607 470 668 Hilario
508 616 733 666 certum
774 616 861 664 est
883 650 899 677 ,
943 605 1119 664 etiam
1151 625 1284 664 cum
1317 604 1504 682 agitur
1541 602 1616 662 de
1648 602 1987 681 dogmaticis
2023 606 2257 690 discep-

131 702 443 766 tationibus
476 703 586 783 (1).
616 703 858 761 Rufinus
893 700 1049 760 inter
1079 711 1270 760 cetera
1294 699 1534 770 crimini
1568 708 1821 760 verterat
1850 699 2212 782 Hieronymo
2232 749 2249 779 .‚

139 799 295 882 quod
324 799 387 856 in
426 799 612 873 Proefi
653 799 738 855 ad
764 798 998 856 librum
1034 797 1316 856 Danielis
1345 795 1502 855 visus
1534 804 1687 855 esset
1720 804 1952 876 partem
1980 794 2258 857 deutero-

137 894 478 955 canonicam
522 913 835 974 respuere,
878 914 910 950 a
954 912 1068 973 qua
1107 890 1513 950 criminatione
1550 892 1609 949 S.
1655 892 1868 949 Doctor
1904 891 2255 969 gravissimis

134 989 290 1049 hisce
316 986 508 1049 verbis
543 1008 603 1046 se
634 996 843 1067 purgat
871 1007 886 1044 ε
913 986 1090 1064 Quod
1113 987 1316 1043 autem
1345 988 1570 1062 refero,
1605 986 1765 1063 quid
1787 986 2107 1044 adversam
2139 988 2258 1046 Su-

135 1106 345 1145 sannoe
379 1085 720 1149 historiam,
745 1090 802 1138 et
829 1080 1122 1158 hymnum
1152 1081 1348 1135 trium
1367 1098 1706 1157 puerorum
1722 1125 1739 1147 ,
1760 1090 1817 1137 et
1841 1082 2004 1139 Betis
2024 1083 2258 1141 Draco-

137 1184 349 1258 nisque
394 1177 646 1255 fabulas
661 1214 683 1245 ,
747 1195 880 1252 quoe
933 1177 1003 1231 in
1049 1173 1352 1232 volumine
1411 1172 1689 1233 hebraico
1734 1194 1862 1232 -non
1919 1175 2258 1248 habentur,

134 1274 385 1334 Hehroei
407 1272 592 1332 solent
611 1269 838 1339 dicere,
867 1273 981 1348 qui
1011 1289 1103 1326 me
1129 1270 1527 1343 criminatur,
1554 1274 1803 1328 stultum
1831 1290 1891 1329 se
1915 1273 2256 1352 sycophan-

136 1380 258 1426 tam
282 1366 519 1445 prohat.
543 1363 687 1424 Non
721 1369 916 1434 enim,
944 1364 1102 1443 quid
1119 1366 1245 1443 ipse
1268 1367 1584 1433 sentirem,
1616 1364 1722 1423 sed
1748 1366 1906 1445 quid
1928 1367 2029 1425 illi
2046 1379 2258 1428 contra

134 1482 238 1520 nos
261 1462 455 1519 dicere
481 1461 733 1532 soleant,
762 1462 1061 1540 explicavi
1081 1458 1206 1539 (2),·
1227 1459 1329 1541 qui
1352 1470 1631 1541 praeterea
1650 1505 1667 1535 ,
1699 1460 1955 1541 allegans
1977 1461 2158 1524 verba
2185 1486 2258 1524 ex

134 1555 283 1616 libro
316 1555 656 1638 Sapientiae,
687 1555 796 1615 hac
826 1555 1013 1615 utitur
1045 1553 1244 1637 phrasi
1280 1577 1294 1613 z
1331 1557 1581 1614 Dicente
1614 1557 1943 1637 Scriptura
1966 1579 1986 1617 .·
2017 1563 2087 1618 in
2110 1580 2257 1638 per-

132 1673 363 1711 versam
388 1656 660 1711 animam
694 1672 816 1710 non
853 1652 1139 1711 introibit
1163 1653 1467 1731 sapientia
1494 1648 1614 1731 (3);
1654 1662 1715 1710 et
1755 1650 1827 1710 de
1863 1652 2257 1715 Ecclesiastico

132 1748 212 1805 ait
249 1769 267 1807 ε,
303 1748 540 1806 Divina
576 1749 902 1826 Scriptura
929 1749 1201 1826 loquitur
1230 1771 1248 1805 .·
1285 1749 1524 1805 musica
1545 1750 1616 1805 in
1639 1748 1808 1805 luctu
1845 1750 2256 1829 intempestiva

132 1847 412 1903 narratio
451 1844 565 1922 (4).
605 1846 738 1903 Jam
785 1865 924 1905 vero
961 1843 1083 1902 haec
1123 1842 1324 1903 Rufini
1362 1854 1422 1902 et
1459 1844 1805 1924 Hieronymi
1856 1846 2068 1925 agendi
2108 1847 2256 1905 ratio

128 1951 333 2021 aperte
378 1939 668 2014 ostendit,
703 1938 844 2021 quid
870 1939 992 2023 ,ipsi
1023 1939 1316 1998 senserint
1348 1938 1426 1998 de
1460 1937 1551 1997 his
1579 1933 1742 1999 libris
1762 1983 1777 2013 ,
1811 1958 2149 2022 quanquam
2178 1939 2255 2000 ob

133 2033 377 2093 allatum
425 2030 716 2094 motivum
764 2055 862 2093 eos
906 2055 939 2093 e
982 2054 1205 2094 canone
1254 2032 1645 2109 excluserint,
1694 2035 1812 2094 imo
1866 2036 2256 2117 Hieronymus

136 2128 288 2186 inter
321 2128 652 2210 apocrypha
684 2127 914 2209 ableget
934 2173 951 2203 ,
989 2128 1052 2187 id
1079 2139 1168 2188 est
1189 2174 1205 2203 ,
1245 2130 1660 2210 hagiographa
1690 2151 1762 2189 ex
1786 2141 1986 2190 mente
2016 2131 2053 2189 J
2057 2130 2254 2190 udaeo-

136 2241 267 2278 rum
298 2222 409 2302 (5).
447 2225 531 2281 Ex
557 2223 649 2281 his
682 2224 985 2298 novimuS,
1016 2222 1158 2305 quid
1188 2223 1562 2284 sentiendum
1602 2223 1675 2284 de
1717 2224 2008 2284 haereticis
2040 2225 2254 2287 adver-

133 2315 331 2390 sariiS,
368 2316 601 2398 quando
637 2317 807 2377 firma
839 2317 984 2378 adeo
1016 2318 1211 2378 fronte
1247 2317 1426 2395 nobis,
1452 2330 1679 2381 veteres
1717 2333 2048 2402 opponunt.

204 2518 268 2582 (1)
308 2518 406 2568 Cfr.
433 2519 600 2570 Tract.
625 2521 680 2567 in
706 2517 793 2570 Ps.
820 2537 950 2570 cxxix
972 2557 985 2579 ‚
1015 2539 1068 2571 n.
1094 2520 1157 2586 4,

137 2598 220 2648 ubi
247 2599 438 2648 adducit
476 2603 795 2650 auctoritatem
845 2620 898 2650 ex
940 2603 1027 2650 lib.
1066 2602 1158 2649 To-

135 2681 221 2729 biae
260 2699 353 2742 ιιι,
403 2681 496 2745 ¹53
537 2682 701 2731 Tract.
738 2685 794 2730 in
837 2682 928 2731 Ps.
974 2700 1152 2742 cxxxv,

139 2781 187 2812 n.
218 2778 235 2811 ι
253 2781 269 2813 ι
293 2800 308 2826 ,
342 2763 422 2812 uhi
447 2764 620 2830 profert
637 2766 955 2813 auctoritatem
982 2782 1038 2814 ex
1065 2765 1151 2814 lib.

137 2844 375 2910 Sapientiae
394 2862 410 2893 1
429 2883 444 2906 ,
474 2863 502 2914 7
522 2882 536 2908 ,
560 2856 786 2913 tanquam
814 2864 868 2896 ex
883 2843 1150 2913 Propheta,

138 2927 337 2976 scribens
366 2944 381 2976 ε
412 2927 566 2976 Docet
591 2928 834 2994 Propheta
847 2950 868 2987 ;
902 2929 953 2977 T
950 2939 1070 2978 racc.
1096 2931 1153 2977 in

137 3004 221 3057 Ps.
245 3025 514 3069 cx1„„num.
539 3007 571 3059 5
589 3047 602 3070 ,
631 3010 766 3059 affert
781 3010 1152 3060 Ecclesiasticum

140 3089 226 3138 sub
270 3093 459 3139 nomine
503 3090 762 3141 Salomonis
801 3110 908 3141 cum
941 3093 1150 3157 Latinis3

140 3170 244 3220 vide
259 3169 333 3220 hic
351 3173 510 3222 adnot.
539 3174 654 3223 edit.
685 3173 838 3223 Maur.
858 3174 939 3223 De
962 3173 1149 3222 Trina.

142 3250 226 3301 lib.
259 3269 331 3314 iv,
360 3272 412 3302 u.
438 3252 528 3318 24,
551 3254 715 3320 allegat
742 3255 921 3304 Baruch
951 3273 1031 3315 ιιι,
1058 3254 1150 3318 36,

144 3331 229 3378 sub
257 3337 445 3385 nomine
467 3335 711 3396 Jeremiae3
742 3343 919 3402 partem
945 3338 1151 3386 deutero·

146 3418 412 3466 canonicam
453 3418 662 3468 Danielis
701 3420 788 3468 sub
829 3423 928 3487 ejus
965 3423 1154 3489 nomine

148 3494 317 3557 profert
351 3497 516 3550 Tmot.
541 3502 598 3550 iu
634 3501 727 3550 Pa.
767 3518 856 3563 ιιι,
888 3521 939 3552 n.
973 3517 1063 3568 19,
1102 3517 1155 3550 ac

145 3573 327 3642 Danieli
368 3579 560 3645 tribuit3
600 3600 655 3632 ex
695 3582 741 3631 II
780 3583 1151 3635 Machabaeorum

145 3654 263 3707 libro
299 3662 466 3725 saepius
495 3666 807 3716 auctoritatem
844 3666 1063 3728 adducit,
1100 3677 1154 3715 ut

1230 2523 1290 2592 „⁵¹¹
1322 2520 1488 2569 Tract.
1530 2522 1584 2568 in
1612 2521 1705 2570 Ps.
1743 2538 1941 2587 cxxxiv,
1976 2523 2071 2586 253¹
2093 2527 2143 2574 in
2167 2526 2253 2575 lib.

1243 2603 1408 2650 Contr.
1430 2599 1566 2668 Imp.
1601 2604 1831 2654 Constan.
1854 2620 1907 2654 n.
1937 2604 2000 2666 6,
2030 2616 2115 2655 etc.
2192 2609 2194 2611 ’

1309 2683 1374 2747 (2)
1416 2683 1553 2733 Cont.
1585 2685 1832 2750 Rufflnum
1851 2723 1864 2745 ,
1891 2686 1979 2736 lib.
1998 2704 2033 2735 ιι
2049 2725 2062 2748 ,
2085 2706 2136 2738 n.
2159 2690 2253 2750 33,

1238 2766 1287 2812 in
1316 2782 1460 2830 quem
1497 2765 1651 2813 locum
1683 2766 1771 2814 cfr.
1806 2767 1967 2818 adnot.
2002 2767 2197 2820 Vallars.

1305 2845 1372 2909 (3)
1415 2846 1677 2896 Commeat.
1698 2848 1752 2895 in
1782 2865 1893 2915 cap.
1923 2861 2040 2898 xviu
2068 2850 2251 2902 Jerem.

1237 2946 1282 2976 v.
1318 2927 1397 2987 18,
1427 2930 1538 2978 edit.
1557 2929 1765 2990 vallars,
1787 2941 1901 2981 tom.
1918 2949 1991 2992 ιν,
2017 2934 2107 2984 col.
2128 2951 2252 3002 972.

1306 3009 1370 3074 (4)
1406 3010 1551 3076 Epist.
1578 3029 1752 3073 cxvut,
1787 3031 1834 3062 ιι.
1878 3029 1896 3061 1
1921 3049 1935 3074 ,
1974 3015 2088 3065 edit.
2122 3016 2252 3069 Van.

1238 3099 1350 3141 tom.
1377 3108 1394 3139 1
1413 3127 1427 3155 ,
1449 3093 1540 3142 col.
1576 3091 1690 3159 786.

1304 3172 1371 3238 (5)
1409 3175 1475 3223 Ex
1503 3176 1640 3239 paulo
1669 3186 1776 3224 ante
1802 3176 1966 3239 dictis,
1994 3197 2047 3228 n.
2080 3178 2143 3226 32
2163 3218 2176 3240 ‚
2210 3191 2255 3229 et

1235 3265 1343 3304 nota
1372 3259 1605 3322 apposita,
1640 3258 2005 3310 luculentissime
2041 3272 2249 3322 constat,

1237 3338 1455 3388 Hebraeos
1485 3343 1603 3388 inter
1631 3341 1945 3408 hagiographa
1973 3348 2252 3394 recensuisse

1235 3420 1378 3470 libros
1395 3419 1865 3488 deutero-canonicos;
1882 3428 2045 3475 merito
2060 3429 2251 3492 proinde

1236 3500 1359 3551 Jahn
1390 3505 1440 3552 in
1457 3522 1538 3552 sua
1554 3504 1601 3552 A
1605 3504 1862 3570 rchoeloyia
1884 3507 2061 3556 biblica
2075 3525 2252 3574 germa-

1234 3585 1338 3634 nice
1355 3585 1428 3634 ed.
1442 3585 1633 3635 Viennae
1659 3585 1803 3648 1802,
1817 3586 1938 3656 §29,
1966 3592 2113 3654 arguit
2130 3589 2251 3638 Mar-

1240 3667 1450 3718 tianaeum
1464 3705 1477 3730 ,
1509 3668 1636 3735 quod
1660 3679 1818 3721 contra
1834 3686 1994 3720 sanam
2012 3672 2215 3722 criticam
2230 3709 2244 3733 ,
