2502 4134
270 145 388 204 566

872 166 1066 204 TRAGT.
1117 167 1185 203 DE
1230 165 1381 204 Locls
1426 167 1795 207 Tanotoalms.

1151 306 1410 366 ssscho
1456 309 1529 387 11.

1069 484 1140 526 ns
1170 470 1620 530 tuernouomcm.

356 620 499 680 335.
551 620 901 678 Institutum
948 631 1217 679 nostrum
1263 633 1588 695 sectanteS‚
1636 633 1933 704 postremo
1968 622 2077 682 hoc
2112 623 2235 685 loco
2267 649 2406 708 age-

279 739 410 776 mus
455 714 529 774 de
565 713 955 796 applicatione
983 736 1223 791 eorum,
1272 737 1399 798 quae
1444 717 1724 777 hactenus
1771 717 2143 800 exposuimus
2183 739 2249 778 ac
2276 722 2409 782 vin-

280 810 606 871 dicavimus
628 855 643 884 .
673 822 965 890 quatenus
995 832 1212 893 nempe
1257 812 1562 893 theologus
1587 814 1649 872 in
1676 834 1849 872 usum
1874 835 2045 873 suum
2072 823 2412 877 convertere

279 908 466 992 possit
509 928 573 965 ac
623 904 872 980 debeat,
918 928 1052 988 quae
1097 907 1171 966 de
1209 906 1349 967 locis
1385 930 1487 968 seu
1522 909 1780 968 fontibus
1827 909 2163 990 theologicis
2200 911 2418 969 consti·-

280 1014 407 1074 tuta
444 1013 604 1060 sunt.
656 1002 743 1060 Ne
801 1015 941 1060 vero
976 1002 1040 1059 in
1078 1003 1370 1062 incertum
1410 1025 1728 1085 vagemur,
1776 1016 2041 1064 accurate
2085 1003 2420 1065 definienda

281 1108 632 1171 occurrunt,
703 1117 834 1177 quae
883 1096 958 1155 ad
1010 1097 1072 1156 id
1128 1098 1396 1159 conferre
1437 1112 1683 1182 queunt.
1734 1102 1884 1160 Sunt
1924 1112 2121 1160 autem
2168 1100 2421 1180 theologi

282 1211 515 1252 munus
529 1236 550 1264 ,
582 1193 888 1252 methodus
910 1204 970 1251 et
999 1196 1432 1255 instrumenta.
1464 1197 1544 1254 Ex
1566 1218 1815 1256 munere
1841 1196 2001 1256 enim
2020 1242 2035 1271 ,
2064 1196 2222 1278 quod
2249 1194 2421 1256 theo-

285 1290 417 1369 logo
441 1287 765 1362 incumbit,
810 1287 976 1348 facile
1010 1288 1272 1368 dignosci
1312 1291 1569 1372 poterit,
1619 1313 1734 1373 qua
1770 1292 1856 1350 uti
1900 1291 2110 1351 debeat
2144 1289 2425 1351 methodo

288 1385 363 1444 ad
378 1384 523 1442 illud
542 1382 903 1465 explendum
919 1409 935 1458 ς
954 1406 1031 1445 ex
1049 1378 1295 1445 munere
1311 1398 1508 1446 autem
1526 1409 1590 1446 ae
1606 1386 1887 1447 methodo
1910 1432 1925 1461 ,
1954 1386 2165 1468 quibus
2183 1387 2426 1448 demum

279 1481 694 1540 'instrumentis
736 1483 789 1539 ei
822 1502 970 1562 opus
1007 1482 1117 1555 sit7
1161 1493 1228 1540 ut
1259 1483 1439 1542 finem
1478 1482 1589 1540 sibi
1626 1485 1992 1563 propositum
2027 1494 2183 1543 recte
2210 1504 2276 1542 ac
2299 1483 2428 1541 fru-

290 1589 488 1637 ctuose
520 1588 883 1657 assequatur.
924 1579 1008 1636 De
1041 1577 1281 1660 singulis
1321 1576 1570 1658 proinde
1607 1578 1671 1634 in
1712 1577 1964 1635 totidem
1993 1578 2278 1659 capitibus
2303 1578 2430 1637 dis-

297 1694 591 1744 seremus3
629 1693 764 1730 cum
806 1682 1006 1730 tamen
1035 1670 1110 1730 ad
1151 1671 1332 1730 finem
1365 1670 1535 1730 nobis
1575 1671 2020 1753 properandum
2053 1674 2164 1747 sit,
2194 1673 2432 1731 nonnisi

289 1768 519 1851 potiora
559 1765 888 1826 continenti
930 1765 1227 1839 oratione,
1272 1786 1456 1846 eaque
1498 1765 1744 1824 summis
1786 1764 1971 1825 veluti
1997 1765 2165 1826 labiis
2198 1765 2433 1828 deliba-

290 1863 504 1922 bimus

298 2037 435 2077 statas
451 2025 624 2073 faciant
640 2042 666 2071 a
681 2022 863 2071 Christo
879 2026 918 2088 ej
926 2040 1072 2089 usque
1084 2023 1336 2089 religione?

297 2109 450 2176 Quare
481 2107 672 2155 demum
709 2106 857 2154 modis
877 2106 1110 2154 omnibus
1144 2107 1328 2155 missio-

298 2194 453 2241 narios
482 2189 730 2238 catholicos
767 2187 1056 2258 impediant,
1089 2206 1149 2237 ne
1190 2187 1330 2236 Chri-

303 2285 428 2322 stum
446 2274 764 2321 annuncient?
787 2270 907 2330 Vere
933 2273 1031 2319 istis
1054 2270 1329 2320 hominibus

302 2368 522 2424 aptantur
537 2356 743 2422 Apostoli
757 2356 922 2415 verba,
942 2373 956 2403 ι
973 2350 1138 2405 Thess.
1153 2374 1186 2404 n
1201 2395 1213 2415 ,
1240 2354 1328 2408 16:

304 2438 625 2490 Prohibentes
671 2455 758 2486 nos
804 2438 1027 2503 qentibns
1074 2438 1232 2503 loqui,
1278 2448 1333 2487 ut

305 2521 453 2571 aalvae
477 2522 634 2586 fiant,
668 2529 720 2568 ut
747 2519 983 2586 impleant
1014 2530 1214 2587 peccam
1240 2538 1332 2570 sua

305 2621 521 2673 sempe&
540 2606 764 2671 pervenit
791 2605 924 2652 enim
957 2605 1037 2652 ira
1066 2603 1169 2652 Dei
1188 2621 1335 2671 super

303 2688 412 2738 illos
448 2705 597 2754 nsque
629 2674 686 2736 in
714 2688 882 2751 finem.
915 2686 1132 2736 Attamen
1161 2687 1328 2737 Boi-us-

306 2776 382 2822 siae
420 2771 517 2821 Rex
558 2781 603 2820 et
652 2773 716 2819 sic
753 2770 903 2819 dictus
948 2768 1335 2836 Archiepiseupus

303 2853 647 2903 Cantuariensis
685 2854 948 2919 conjunctis
987 2851 1163 2902 viribus
1198 2852 1337 2900 adni-

307 2946 468 2985 tuntur
480 2935 698 2985 abortum
713 2935 848 2984 illum
867 2972 881 2996 ,
899 2951 1040 3001 quem
1053 2934 1335 3000 Episcopum

303 3019 776 3085 Hierosolymitanum
795 3020 1023 3078 vocitant,
1054 3020 1334 3067 constituere

302 3112 605 3167 protectorem
636 3113 679 3150 et
709 3101 968 3168 adjutorem
1001 3088 1213 3149 omnium
1232 3100 1333 3149 An-

303 3186 591 3251 glicanorum
626 3195 674 3234 et
712 3184 1131 3249 Evaugehemum,
1159 3186 1241 3249 qui
1281 3199 1334 3233 eo

303 3285 351 3316 se
386 3269 648 3317 conferrent
673 3269 731 3316 ad
760 3267 1115 3315 conversionem
1153 3267 1334 3315 Israeli-

304 3360 478 3398 tarum.
504 3349 616 3414 Quis
647 3367 782 3415 porro
807 3368 904 3398 non
931 3351 1128 3398 miretur
1155 3366 1332 3398 novum

306 3432 437 3480 hune
452 3431 733 3497 Episcopum
749 3431 1332 3497 anglicano-evangelicum

309 3525 354 3563 et
371 3514 961 3581 evangelico-anglicanum
974 3553 988 3575 ‚
1005 3514 1054 3563 id
1068 3525 1157 3577 est,
1169 3514 1332 3580 biceps

214 3638 224 3646 .
307 3608 570 3647 monstrum
596 3603 805 3648 neutrius
826 3602 1039 3664 generi33
1067 3610 1112 3649 et
1139 3599 1330 3666 quidem

306 3683 421 3730 dum
468 3682 700 3748 anglicani
755 3694 1063 3747 protestantur
1113 3684 1331 3732 adversus

1420 2025 1707 2090 evangelicos
1754 2034 1977 2095 tauquam
2022 2024 2345 2091 dissidentes,
2393 2039 2441 2079 et

1412 2107 1665 2172 evangelici
1705 2099 1907 2156 invicem
1940 2126 1965 2156 a
2002 2123 2048 2156 se
2087 2108 2317 2176 repellunt
2351 2129 2436 2159 an-

1411 2189 1613 2254 glicanos
1631 2192 1700 2237 uti
1714 2180 2163 2255 semi-pontificios!
2175 2191 2275 2241 Cfr.
2290 2191 2350 2241 L’
2361 2191 2435 2242 U-

1412 2273 1532 2318 nion
1579 2270 1874 2336 catholique,
1924 2289 1958 2339 9
2011 2272 2132 2322 Mars
2182 2272 2308 2338 1842
2330 2312 2343 2335 ,
2392 2285 2439 2325 et

1412 2351 1708 2416 I'Univers,
1746 2369 1810 2402 20
1837 2353 2004 2403 Juillet
2038 2353 2186 2419 1842.
2225 2356 2440 2406 Ceterum

1414 2436 1761 2502 proselytismus
1788 2437 2097 2486 lsrae'litarum
2128 2456 2226 2486 non
2253 2449 2322 2488 est
2349 2442 2443 2489 nisi

1417 2518 1662 2582 velamen3
1688 2536 1793 2568 vera
1812 2522 1986 2585 quippe
2005 2514 2120 2568 ratio
2145 2520 2285 2587 hujus
2315 2523 2441 2570 insti·

1417 2604 1609 2650 tutionis
1639 2613 1703 2651 est
1734 2603 1966 2651 abducere
1987 2602 2248 2653 Catholieos
2269 2604 2328 2652 ab
2348 2604 2438 2654 Ec-

1416 2685 1554 2735 clesia
1574 2723 1588 2746 ‚
1617 2686 1666 2734 id
1692 2696 1791 2746 est,
1823 2705 1848 2734 a
1871 2684 2072 2736 Christo.
2104 2686 2177 2743 Si.
2199 2690 2303 2753 quis
2329 2704 2440 2753 prae-

1417 2775 1488 2817 ter
1511 2785 1562 2816 ea
1578 2805 1592 2829 ,
1619 2785 1721 2834 quae
1744 2767 1969 2817 haetenus
1993 2768 2051 2817 de
2078 2771 2439 2833 protestantismi

1417 2862 1581 2900 natura
1617 2862 1660 2900 et
1699 2851 1917 2916 phasibus
1961 2852 2253 2913 evolvimus,
2305 2851 2437 2917 plura

1417 2935 1574 2983 adhuc
1603 2922 1865 3000 discupiat,
1903 2934 2115 2983 consulat
2153 2933 2277 2982 aliud
2312 2950 2438 2998 egre-

1417 3020 1546 3083 gium
1572 3034 1688 3082 opus
1714 3019 1975 3082 germanice
1988 3017 2193 3066 editum:
2216 3008 2269 3062 V
2269 3015 2440 3079 erqlei-

1416 3099 1595 3149 chende
1629 3099 1946 3166 Darstellunq
1981 3100 2061 3148 dee
2093 3095 2436 3146 Proteslantio-

1416 3200 1556 3244 mus,
1584 3186 1662 3231 ins
1697 3183 1969 3232 Besondere
1992 3181 2072 3229 des
2088 3180 2436 3231 Lutherischen

1417 3268 1507 3314 mit
1548 3266 1653 3314 sich
1702 3266 1876 3327 selbst,
1925 3275 2015 3314 ete.
2060 3279 2140 3311 seu
2180 3261 2438 3329 Expositio

1415 3352 1743 3415 comparativa
1777 3347 2188 3414 protestantium,
2230 3363 2288 3394 ac
2330 3363 2434 3411 spe-

1374 3477 1382 3490 ,
1414 3434 1583 3481 ciatim
1608 3430 1978 3490 Lutkerantfsmi
1996 3445 2155 3476 seeum
2184 3429 2314 3494 ζρεο,
2341 3440 2430 3481 etc.

1415 3515 1630 3580 Mogunt.
1672 3510 1796 3579 1837
1820 3547 1835 3575 ‚
1870 3523 2055 3562 auctore
2087 3512 2179 3562 Th.
2213 3511 2309 3561 Jos.
2344 3511 2434 3560 He-

1415 3598 1612 3661 berling.
