2502 4134
281 149 359 208 56

880 171 1080 212 rnsc'r.
1130 174 1200 211 ως
1242 150 1394 212 Locis
1438 174 1824 214 rnuonocmls,

282 312 594 374 ostendere
620 313 793 372 unius
824 313 1140 375 alteriusve
1164 313 1302 374 libri
1323 317 1749 395 genuinitatem
1774 329 1835 377 et
1863 315 2234 377 authentiam
2262 317 2426 379 aliud

278 434 421 474 vero
462 413 873 473 auctoritatem
919 413 1227 473 adstruere
1271 415 1542 475 omnium
1588 426 1649 476 et
1689 416 2053 497 singulorum
2093 415 2379 478 librorum
2405 459 2423 490 7

285 509 385 590 qui
412 509 478 567 in
504 529 730 570 canone
758 510 1142 570 continentur
1169 521 1229 569 et
1253 509 1329 568 ad
1353 530 1491 569 eum
1521 524 1785 594 spectare
1813 512 2054 573 debent.
2089 515 2268 572 Porro
2292 533 2427 572 cum

284 603 568 663 Catholici
596 605 877 666 adversus
902 604 1233 665 incredulos
1272 618 1578 686 pugnant,
1617 619 1683 680 ut
1712 608 2036 689 plurimum
2071 608 2428 688 argumentis

279 701 493 760 criticis
517 702 756 761 nonnisi
783 701 1163 761 Pentateuchi
1186 712 1246 760 et
1270 702 1721 781 Evangeliorum
1749 705 2174 783 genuinitatem
2206 704 2428 763 consti-

276 807 489 867 tuunt..
522 819 632 879 pro
658 796 872 880 quibus
906 809 1063 856 certe
1097 796 1338 870 eademss,
1364 797 1485 856 imo
1510 796 1684 877 longe
1711 800 1939 879 potiora
1963 799 2228 859 militant
2258 822 2428 880 argu-

275 904 516 966 menta,
565 915 743 975 quam
786 915 893 975 pro
931 915 1179 975 operum
1217 891 1429 968 Tullii,
1474 893 1696 974 Virgilii
1743 915 1810 953 ac
1839 895 2020 954 Taciti
2056 898 2421 957 auctoritate.

280 988 704 1069 Paralogismus
753 989 1005 1071 proinde
1049 1001 1138 1048 est
1185 1001 1605 1069 argumentum
1647 988 2159 1067 adversariorum,
2207 992 2353 1053 dum
2395 1015 2428 1052 a

279 1085 620 1168 particulari
661 1085 1027 1146 concludunt
1064 1084 1139 1143 ad
1179 1085 1514 1146 universale
1553 1083 1662 1165 (1).

355 1292 422 1358 (l)
460 1292 528 1340 Ex
575 1293 648 1341 his
693 1303 848 1358 patet,
889 1311 1036 1360 quam
1080 1295 1317 1342 immerito

285 1375 414 1425 Guil.
450 1375 664 1432 Palmer‚
696 1378 747 1423 in
785 1393 863 1441 op.
899 1378 1064 1441 saepius
1093 1378 1143 1423 in
1176 1376 1317 1424 altera

282 1459 428 1526 hujus
451 1469 667 1507 tractatus
695 1467 825 1523 part.
852 1460 933 1507 cit.
976 1458 1240 1506 Tractatus
1261 1457 1319 1506 de

282 1539 505 1590 Ecclesia
554 1540 776 1601 Christi,
818 1539 908 1590 vol.
953 1557 1023 1602 11,
1061 1551 1179 1605 part.
1222 1554 1315 1602 111,

284 1641 391 1690 cap.
430 1641 446 1672 1
471 1662 485 1684 ‚
521 1640 632 1688 pag.
668 1622 730 1680 3,
766 1622 998 1683 affirmet,
1030 1624 1316 1687 qenuinita-

282 1714 404 1767 tem,
433 1705 850 1772 authenticitatem
871 1714 916 1752 et
939 1706 1315 1770 inspirationem

285 1787 535 1855 Scripturae
569 1806 704 1836 sacrae
733 1788 793 1837 ab
830 1788 1051 1836 omnibus
1085 1788 1318 1837 credenti-

284 1872 378 1920 bus
415 1872 716 1936 (catholici8‚
754 1870 1059 1919 schismaticis
1090 1882 1134 1919 et
1168 1871 1318 1920 haere·

286 1954 418 2018 ticis)
459 1955 603 2003 iidem
642 1955 930 2018 argumentis
970 1964 1128 2002 contra
1166 1956 1319 2003 incre-

287 2037 424 2086 dulos
474 2048 616 2104 atque
672 2038 840 2086 deistas
889 2039 1172 2103 propugnari
1198 2053 1213 2100 3
1272 2046 1319 2086 et

286 2138 396 2188 pag.
433 2137 499 2169 22
529 2130 580 2175 ⁴et
611 2139 744 2187 seqq.
780 2121 863 2169 ubi
895 2121 1030 2170 solvit
1057 2120 1318 2169 difficulta-

288 2213 357 2253 tes
377 2242 390 2265 ,
425 2222 542 2271 quas
573 2204 662 2252 sibi
692 2204 882 2270 objicit,
914 2221 1023 2252 cum
1058 2207 1180 2252 inter
1209 2205 1320 2253 alias

287 2297 335 2336 et
363 2287 488 2335 hanc
521 2287 608 2335 sibi
631 2289 978 2352 proposuisset:
1008 2286 1320 2335 Authentici-

288 2380 362 2419 tas
394 2377 440 2417 et
463 2372 746 2435 qenuinitas
775 2369 1145 2436 Scripturarum
1174 2372 1320 2418 unice

282 2456 577 2503 innituntur
599 2453 858 2518 infallibili
887 2452 1126 2501 Ecclesiae
1154 2453 1319 2502 catho-

284 2537 394 2586 licae
423 2538 674 2586 existentis
701 2538 1017 2598 auctoritati‚·
1054 2553 1163 2601 erqo
1179 2535 1317 2584 debe-

286 2621 351 2667 tis
385 2622 491 2685 ejus
526 2621 857 2667 testimonium
898 2619 1150 2667 admittere
1187 2621 1320 2668 circa

287 2702 537 2750 doctrinas
564 2718 753 2758 onmes,
785 2703 930 2749 etiam
947 2700 1320 2767 probationibus

288 2784 483 2836 biblici-5
521 2783 749 2841 seclusis,
790 2783 1079 2848 respondet:
1111 2781 1213 2830 Nos
1244 2798 1319 2830 re-

288 2884 518 2917 cusamus
538 2867 749 2933 positive
782 2865 898 2913 huic
927 2862 1211 2929 respondere
1236 2880 1320 2911 ar·

286 2958 542 3016 qumento,
570 2949 719 2998 donec
736 2947 836 3008 illi,
867 2948 954 3012 qui
975 2945 1102 2994 illud
1115 2953 1315 3011 uryent,

288 3050 318 3081 a
353 3043 560 3094 arment,
599 3039 885 3099 argumenta
912 3031 1107 3091 omnia,
1142 3030 1321 3095 quibus

292 3117 663 3180 Bellarmiuus,
707 3117 1029 3177 Bossuetius,
1070 3115 1317 3173 Huetius,

288 3200 577 3265 Beryierius
600 3240 617 3261 ,
682 3199 773 3248 Du
807 3197 864 3246 V
862 3198 990 3247 oisin
1015 3233 1032 3254 ,
1101 3195 1275 3244 Hoohe
1301 3233 1316 3253 ,

287 3283 648 3348 Frayssinous,
674 3281 915 3337 Bouvier,
946 3280 1023 3328 La
1054 3276 1311 3336 Menuais,

285 3367 522 3430 ceterique
536 3363 763 3414 catholici
776 3364 980 3428 theoloqi
990 3362 1317 3410 demonstrant

287 3450 699 3499 authenticitatem
718 3457 761 3496 et
776 3449 1132 3514 yenuinitatem
1149 3445 1313 3511 Scrip-

283 3542 407 3582 turoe
423 3532 654 3580 adversus
672 3530 968 3588 incredulos,
985 3546 1185 3595 quaeque
1201 3530 1314 3576 item

285 3623 571 3681 aryumenta
583 3624 747 3664 nostra
766 3622 908 3675 sunt,
926 3614 1062 3661 omni
1068 3611 1315 3681 probandi

284 3703 338 3749 vi
361 3718 539 3751 carere.
556 3696 622 3751 Si
638 3698 695 3749 id
712 3700 1041 3762 asseruerint,
1066 3713 1154 3747 nos
1171 3698 1311 3763 equi·-

1401 1291 1509 1340 dem
1533 1291 1845 1340 admittemus
1858 1293 2115 1359 principia
2133 1293 2435 1343 adversario·

1400 1390 1513 1422 rum
1559 1382 1867 1436 nostrorum,·
1909 1374 2037 1439 quod
2080 1377 2128 1423 si
2177 1375 2234 1423 icl
2271 1376 2436 1440 facere

1401 1458 1758 1515 recusaverint,
1789 1458 2006 1523 ipsorum
2041 1466 2210 1505 contra
2238 1473 2327 1504 nos
2352 1473 2435 1506 ar-

1398 1547 1628 1604 gumenta
1666 1555 1726 1588 ea·
1768 1556 1818 1588 se
1852 1538 2005 1606 plane
2043 1539 2324 1590 concidunt.
2364 1540 2436 1590 Ita

1403 1623 1593 1688 quidem
1629 1623 1812 1671 Palmer
1834 1660 1848 1683 ‚
1887 1625 1969 1689 qui
2005 1622 2172 1671 deinde
2205 1623 2436 1688 prolixam

1402 1708 1523 1754 circa
1570 1705 1665 1755 hoc
1712 1715 2040 1771 argumentum
2086 1706 2434 1756 adnotationem

1403 1788 1584 1839 subdit.
1627 1788 1805 1838 Verum
1837 1790 1946 1850 hic,
1990 1791 2061 1838 uti
2106 1791 2246 1838 etiam
2286 1790 2439 1852 alibi,

1403 1871 1591 1921 Palmer
1624 1873 1933 1938 paralogismo
1962 1870 2172 1935 laborat3
2202 1873 2435 1939 siquidem

1403 1955 1531 2005 aliud
1551 1966 1618 2004 est
1636 1956 1982 2021 Scripturarum
2009 1957 2064 2003 in
2086 1972 2259 2020 yenere
2277 1958 2439 2021 genui-

1402 2042 1623 2098 nitatem‚
1647 2039 2054 2087 authenticitatem
2070 2075 2084 2099 ‚
2116 2055 2172 2086 ac
2192 2041 2229 2085 si
2253 2039 2431 2103 placet,

1402 2123 1756 2186 inspirationem
1800 2124 1940 2170 etiam
1990 2121 2263 2181 ostendere,
2305 2121 2436 2170 aliud

1404 2222 1505 2253 eam
1534 2203 1775 2253 ostendere
1804 2205 1853 2251 in
1874 2205 2049 2268 specie,
2070 2213 2115 2252 et
2133 2205 2319 2268 praecise
2340 2202 2437 2252 sin-

1403 2287 1622 2352 gulorum
1662 2286 1892 2334 librorum
1931 2287 2290 2334 canonicitatem
2311 2323 2325 2344 ‚
2358 2287 2436 2333 in-

1403 2370 1723 2433 dependenter
1772 2368 1832 2417 ab
1883 2370 2160 2417 auctoritate
2200 2368 2434 2419 Ecclesiae.

1403 2452 1543 2500 Aliud
1575 2462 1792 2516 praeterea
1833 2461 1905 2500 est
1944 2453 2218 2511 veritatem,
2252 2451 2312 2499 ab
2346 2451 2433 2498 Eo-

1403 2534 1540 2582 clesia
1557 2545 1775 2583 assertam
1792 2533 1886 2598 jam
1907 2551 1961 2582 ac
1978 2534 2220 2581 definitam
2237 2568 2251 2590 .,
2270 2533 2433 2579 scien-

1402 2619 1530 2682 tifice
1562 2619 1830 2678 adstruere,
1868 2625 2006 2680 prout
2039 2615 2240 2680 theologi
2275 2626 2434 2680 postu-

1401 2702 1465 2750 lat
1480 2719 1653 2749 munus
1666 2737 1681 2765 ,
1700 2718 1755 2749 ac
1769 2718 1852 2748 nos
1868 2702 1953 2764 ipsi
1966 2700 2146 2748 efficere
2160 2702 2430 2765 sategimus;

1402 2783 1532 2831 aliud
1553 2801 1660 2831 vero
1680 2783 1819 2830 solius
1837 2784 2040 2830 scientiae
2057 2799 2142 2847 ope
2158 2819 2171 2842 ,
2203 2783 2431 2848 indepen-

1402 2865 1565 2914 denter
1592 2864 1650 2914 ab
1678 2864 1896 2913 Ecclesiae
1934 2868 2206 2914 auctoritate
2235 2863 2431 2932 ejusque

1402 2949 1659 3014 dogmatica
1693 2949 1967 2997 definitione
1985 2987 2000 3012 ,
2026 2967 2125 2998 rem
2150 2959 2294 2998 totam
2319 2967 2430 2998 con-

1401 3031 1556 3092 ficere,
1573 3031 1759 3079 nullum
1772 3042 1822 3079 ut
1836 3032 2037 3080 dubium
2052 3035 2264 3097 supersit.
2277 3030 2432 3096 Quan-

1402 3125 1502 3163 tum
1547 3114 1646 3163 haec
1685 3116 1807 3162 inter
1838 3133 1886 3163 se
1930 3114 2185 3172 differant,
2231 3117 2431 3179 quisque

1402 3197 1645 3262 intelligit;
1679 3213 1736 3245 ac
1774 3214 1861 3245 nos
1895 3199 1946 3245 in
1979 3197 2122 3263 hujus
2163 3194 2432 3243 assertionis

1401 3281 1811 3330 confirmationem
1866 3279 2068 3328 libenter
2121 3294 2427 3343 provocamus

1397 3363 1461 3414 D.
1494 3363 1711 3424 Palmer‚
1736 3374 1812 3425 ut,
1846 3364 1954 3412 solis
1985 3364 2270 3427 argumentis
2296 3363 2425 3409 criti-

1396 3449 1461 3497 cis
1499 3450 1721 3507 innixus‚
1755 3445 1905 3495 nitide
1941 3444 2078 3493 nobis
2113 3444 2289 3511 absque
2327 3443 2422 3492 ulla

1397 3531 1684 3579 haesitatione
1714 3538 1760 3578 et
1794 3546 1904 3577 cum
1935 3528 2206 3576 omnimoda
2235 3529 2422 3576 certitu-

1398 3613 1508 3662 dine
1538 3612 1755 3662 exhibeat
1781 3611 2049 3677 catalogum
2080 3609 2310 3659 librorum
2344 3625 2423 3657 ca-

1397 3698 1676 3748 nonicorum
1702 3706 1801 3746 tum
1824 3693 2010 3747 Veteris
2037 3705 2138 3746 tum
2167 3693 2287 3745 Novi
2309 3691 2421 3742 Tes-
