2502 4134
411 128 569 164 mur.
611 128 699 164 111.
749 127 895 164 snc'r.
943 127 982 163 1.
1032 127 1158 164 car.
1206 129 1269 163 11.
1322 127 1389 162 mi
1435 127 1562 163 nn.
1611 125 1728 163 cunt
1772 126 1881 162 ru).
2094 103 2210 163 517

86 267 454 330 missionibus
482 268 687 326 aeterni
712 269 815 327 Dei
839 267 1155 326 conditoris
1182 268 1302 340 suiz,
1336 277 1425 325 ast
1464 266 1633 326 valde
1683 267 1854 326 timet
1877 286 1944 324 ac
1972 263 2231 326 sollicitat

84 375 173 424 est
210 385 318 445 pro
366 361 553 420 salute
588 362 841 421 filiorum
899 382 1159 421 suorum.'
1203 361 1497 434 Quamdiu
1535 362 1632 420 isti
1673 361 1887 420 dociles
1926 371 2101 434 sunt,
2150 382 2215 419 ac

81 481 141 517 se
180 480 359 516 manu
408 457 589 516 veluti
637 458 772 516 duci
797 458 1103 538 patiuntur
1124 502 1139 524 2
1191 456 1339 514 nihil
1365 457 1694 537 suspicatur
1715 502 1730 531 ,
1782 454 1932 514 nihil
1964 456 2037 514 de
2067 456 2210 536 ipsis

79 553 435 634 pertimescit
487 552 766 624 Ecclesia3
806 573 939 610 cum
980 550 1144 610 fraeni
1182 547 1558 632 impatientes
1594 551 1707 609 sibi
1754 550 2016 610 sufficere
2053 571 2208 631 prae-

78 659 356 721 sumunt7
398 659 454 705 et
505 668 670 706 vanae
711 646 907 725 gloriae
954 645 1228 727 cupidine
1269 646 1506 705 scientia
1551 647 1614 704 in
1663 646 1964 726 propriam
2007 645 2211 726 perni-

77 744 221 802 ciem
269 743 630 814 abutuntur,
669 743 839 799 timet
875 740 948 799 de
972 742 1111 822 ipsis
1159 739 1403 812 Ecclesia
1426 786 1441 814 .,
1474 763 1595 799 non
1633 761 1796 800 secus
1834 762 1899 799 ac
1933 740 2006 800 de
2034 740 2160 800 aliis
2185 784 2202 815 .,

78 837 288 917 quibus
324 836 626 918 propinari
657 857 820 895 error
861 835 1026 894 facile
1070 847 1295 916 possen
2176 820 2187 826 „

158 931 298 989 262.
352 931 433 990 Ad
470 930 578 1003 3¹¹²,7
613 931 764 1009 Ney.
817 932 1132 1010 Nunquam
1166 931 1326 988 enim
1370 929 1619 988 Ecclesia
1657 931 1995 1011 quempiam
2046 931 2205 989 inse-

76 1037 227 1085 ctata
270 1038 390 1099 est,
438 1025 537 1105 qui
571 1025 728 1083 intra
768 1024 991 1110 debitos
1020 1025 1275 1083 scientiae
1314 1026 1460 1083 fines
1509 1046 1570 1083 se
1611 1026 1992 1084 continuerit.
2036 1024 2205 1098 Quod

73 1125 120 1180 si
162 1122 290 1202 quis
328 1143 424 1180 eos
467 1122 611 1179 fines
651 1119 1026 1193 transilierit,
1067 1129 1126 1178 et
1165 1119 1357 1201 aliqua
1411 1120 1633 1178 ratione
1677 1119 1854 1179 fidem
1907 1120 2202 1199 attigerit,

74 1215 318 1274 Ecclesia
338 1220 466 1293 jure
493 1235 597 1273 suo
621 1236 719 1273 usa
738 1226 826 1273 est
848 1214 921 1274 ad
945 1215 1180 1273 insanos
1202 1225 1443 1273 conatus
1474 1213 1832 1273 cohibendos
1857 1260 1873 1288 ,
1912 1216 2202 1295 quemad—

68 1310 309 1369 modum
346 1308 531 1371 civilis
565 1308 890 1389 respublica
924 1309 987 1367 in
1028 1330 1125 1367 eos
1161 1307 1581 1367 animadvertit
1605 1351 1621 1381 .,
1673 1309 1774 1388 qui
1814 1309 2202 1377 fundamenta

67 1425 132 1462 ac
161 1403 345 1461 basim
380 1403 813 1461 constitutionis
837 1424 956 1461 suae
979 1414 1288 1462 concutere
1311 1403 1605 1461 nituntur.
1624 1405 1813 1462 -Certe
1834 1424 1898 1462 ea
1923 1405 2185 1479 scientia,

68 1519 199 1579 quae
246 1497 459 1557 divinae
495 1495 630 1555 fidei
659 1496 936 1555 veritates
966 1497 1600 1582 quoquomodolaedit,
1637 1510 1810 1558 rectae
1844 1500 2056 1558 rationi
2081 1501 2194 1582 ipsi

62 1593 288 1652 insensa
322 1593 574 1650 maxime
617 1602 794 1672 atque
833 1591 1071 1650 exitiosa
1107 1603 1194 1650 est
1215 1637 1229 1665 ,
1258 1613 1366 1650 nec
1393 1591 1640 1673 proinde
1669 1592 1922 1652 scientiae
1955 1594 2193 1674 quidem

66 1688 305 1746 nomine
341 1686 712 1768 appellanda.

143 1782 284 1840 263.
336 1781 424 1840 Ad
457 1782 563 1853 4¹1¹,
604 1783 765 1840 Dist.
794 1783 880 1839 Ne
925 1781 1076 1840 mala
1113 1803 1177 1840 ac
1215 1782 1533 1863 depravata
1570 1783 1837 1842 doctrina
1878 1785 2096 1843 incauti
2129 1807 2196 1846 ac

63 1876 356 1957 simplices
400 1874 797 1956 decipiantur,
831 1896 1035 1943 conc.;
1066 1876 1176 1935 alia
1203 1876 1276 1935 de
1299 1898 1467 1936 causa>
1487 1922 1503 1951 a
1530 1900 1658 1957 wey.
1688 1881 1891 1958 Itaque
1918 1879 2189 1938 animad-

60 1972 341 2030 vertimus
370 2014 386 2043 ,
439 1971 500 2028 1⁰
554 1969 928 2050 apostolicam
977 1970 1184 2030 Sedem
1235 1972 1296 2029 in
1353 1972 1714 2031 conficiendo
1775 1972 2190 2055 vulgandoque

59 2065 345 2124 librorum
380 2065 814 2146 prohibitorum
866 2066 1077 2124 Indice·
1112 2067 1399 2126 rationem
1440 2066 1657 2126 habere
1705 2067 1988 2149 periculi,
2029 2069 2191 2151 quod

59 2162 332 2220 imminet
354 2182 451 2220 eos
477 2159 656 2219 libros
674 2159 1000 2240 legentibus
1024 2172 1151 2219 tum
1174 2162 1319 2222 circa
1345 2161 1522 2220 fidem
1543 2173 1671 2219 tum
1695 2161 1843 2220 circa
1858 2183 2050 2222 mores
2068 2163 2182 2244 (l);

59 2257 126 2314 2⁰
176 2255 339 2314 haud
376 2255 671 2314 difficilem
714 2277 775 2314 se
809 2254 1070 2335 praebere
1119 2256 1327 2315 Indicis
1373 2258 1880 2336 congregationem
1917 2268 2019 2315 aut
2046 2278 2186 2316 san-

59 2363 212 2408 ctam
247 2350 455 2410 Sedem
490 2352 552 2408 in
591 2349 963 2410 concedenda
990 2349 1267 2410 facultate
1307 2350 1602 2410 retinendi
1629 2350 1978 2432 legendique
2002 2349 2183 2410 libros

57 2444 414 2527 prohibitos,
462 2445 784 2503 dummodo
820 2446 946 2526 ipsa
985 2447 1195 2504 certior
1226 2447 1326 2504 fiat
1369 2467 1441 2504 ex
1471 2445 1806 2504 testimonio
1832 2444 2179 2504 Ordinario-

54 2562 223 2614 rum,
263 2540 419 2620 quod
459 2539 630 2598 alicui
665 2540 837 2598 noxia
871 2561 996 2599 esse
1035 2551 1290 2621 nequeat
1332 2539 1568 2598 illorum
1606 2539 1815 2613 lecti0.,
1862 2540 1982 2597 imo
2021 2538 2182 2598 utilis

54 2656 178 2694 esse
212 2636 427 2716 possit3
475 2634 542 2693 30
578 2634 892 2693 nonnullos
929 2634 1107 2694 libros
1161 2636 1468 2717 prudentis
1511 2635 1846 2695 oeconomiae
1893 2635 2076 2714 gratia
2117 2635 2181 2692 in

57 2729 312 2811 Indicem
344 2730 545 2788 referri
566 2775 580 2803 ,
622 2752 733 2811 qua
764 2751 931 2789 causa
973 2730 1253 2812 peculiari
1289 2742 1548 2790 cessante
1570 2776 1586 2805 7
1623 2752 1746 2789 non
1792 2727 2000 2799 abnuit
2034 2751 2179 2811 apo-

55 2823 250 2883 stolica
293 2825 470 2884 Sedes
493 2846 589 2884 eos
623 2824 757 2884 dein
783 2824 856 2883 ab
882 2824 1075 2884 Indice
1099 2815 1554 2907 expungere'OE)
1570 2871 1585 2901 ,
1619 2825 1941 2908 praesertim
1967 2825 2014 2883 si
2041 2845 2175 2883 cum

124 3029 190 3092 (l)
218 3029 426 3095 Plerique
444 3031 570 3077 enim
588 3028 723 3088 libri,
741 3030 823 3094 qui
841 3030 890 3075 in
905 3028 1064 3077 Indice
1147 3046 1262 3094 opus
1289 3028 1369 3077 ab.
1411 3028 1631 3077 Zaccariae
1660 3029 1718 3078 de
1755 3029 1844 3077 hoc
1875 3038 2166 3094 argumento.

54 3110 314 3158 referuntur
333 3149 346 3170 .,
382 3114 479 3175 ipsa
510 3121 684 3158 naturae
716 3110 812 3174 lege
843 3110 1065 3174 prohibiti
1218 3111 1283 3173 (Ξ)
1320 3108 1551 3174 Exemplo
1572 3113 1666 3158 sint
1691 3113 1810 3159 inter
1832 3121 2007 3174 cetera,
2034 3127 2171 3175 opera

56 3199 194 3246 sunt,
227 3193 487 3256 cujusmodi
519 3194 768 3256 praesertim
806 3196 946 3251 sunt,
985 3194 1067 3256 qui
1150 3191 1287 3240 Joan.
1321 3191 1416 3240 Pici
1452 3191 1798 3251 Miranduhni,
1829 3208 1935 3257 quae
1967 3191 2055 3240 sub
2090 3191 2171 3238 In-

53 3289 108 3319 ex
129 3270 331 3335 professo
348 3283 505 3322 contra
524 3273 662 3321 fidem
683 3289 735 3320 ac
753 3273 899 3320 bonos
918 3289 1069 3320 mores
1151 3276 1367 3322 nocentio
1385 3271 1495 3321 vul
1512 3277 1717 3322 censuris
1735 3283 1892 3322 notata
1909 3285 2017 3322 sunt
2029 3309 2045 3337 ‚
2065 3291 2173 3339 pos-

53 3352 312 3417 vulgantur.
340 3353 538 3404 Ecclesia
571 3365 807 3420 propterea
840 3356 959 3402 circa
984 3354 1068 3402 hos
1152 3366 1222 3404 tea
1246 3349 1352 3404 vcro
1379 3372 1458 3419 per
1484 3357 1884 3420 congregationem
1909 3355 1965 3403 ad
1987 3355 2077 3403 hoc
2093 3371 2171 3403 ex-

53 3435 194 3482 libros
235 3451 331 3482 non
363 3436 490 3484 aliud
522 3437 689 3497 efficit,
732 3452 880 3503 quam
913 3435 1067 3484 decla·
1151 3452 1302 3500 presse
1350 3438 1606 3484 institutam
1657 3436 1715 3483 ab
1766 3435 2029 3485 Alexandro
2067 3433 2135 3482 VI
2152 3470 2165 3493 ‚

55 3533 152 3564 rare
170 3554 183 3575 ‚
216 3520 296 3582 qui
322 3519 549 3583 ejusmodi
569 3521 688 3581 sint,
712 3521 901 3587 adjectis
931 3522 1071 3576 etiam
1154 3519 1229 3567 die
1267 3516 1326 3566 18
1355 3517 1471 3566 Jun.
1513 3518 1639 3584 1493
1661 3556 1675 3577 ‚
1707 3518 1897 3567 fuerunt
1923 3515 2130 3565 absoluta
2150 3551 2164 3573 ,

56 3599 209 3661 poenis
235 3600 294 3646 in.
311 3608 691 3663 transgressores-
706 3600 803 3650 cfr.
838 3603 1070 3666 egregium
1156 3610 1202 3650 et
1227 3600 1318 3649 hoc
1339 3608 1586 3666 antequam
1602 3598 1739 3650 index
1760 3598 2091 3664 prohibitorum
2108 3612 2167 3646 ex
