2502 4134
270 82 388 142 476
892 106 1087 144 ruer.
1136 108 1207 144 mr
1252 108 1402 147 iocis
1443 110 1824 152 rneotoercrs.

270 260 513 323 rentur7
554 248 616 306 in
659 247 827 328 plura
864 247 1264 310 dilaberemur
1302 250 1576 313 absurda.
1636 255 1866 317 Etenim
1916 260 1978 317 1⁰
2004 261 2230 342 quoties
2260 282 2404 342 pec-

271 364 533 404 caremus
583 346 646 400 in
700 343 1005 403 scientiam
1030 391 1046 420 7
1107 347 1278 406 toties
1317 348 1382 405 in
1423 346 1603 408 fidem
1653 350 1842 430 ipsam
1887 373 2124 433 peccare
2174 355 2407 415 dicendi

272 459 546 500 essemuS.
581 439 649 496 20
694 439 884 499 Homo
927 442 1055 501 sine
1086 442 1447 504 revelatione
1478 443 1851 505 facultatibus
1890 450 2007 507 suis
2028 451 2407 511 ‘naturalibus

270 536 359 593 uti
396 557 518 593 non
543 547 746 616 posset
768 581 783 608 .,
822 547 999 618 atque
1027 560 1059 597 a
1102 538 1258 598 dono
1293 540 1677 621 superaddito
1699 552 1759 600 et
1787 541 2111 603 adventitio
2132 548 2408 606 omnino-

271 651 386 711 que
416 631 667 710 gratuito
693 633 955 693 scientiae
993 655 1153 694 mere
1182 634 1466 694 naturalis
1501 636 1789 718 principia
1820 638 1988 697 unice
2011 637 2404 703 dimanarent.

358 726 495 786 197.
546 726 816 802 Accedit7
845 727 1005 810 quod
1037 730 1283 790 Ecclesia
1298 743 1595 812 supponat
1611 753 1631 807 '7
1673 732 1800 791 dari
1828 732 2094 793 infideles
2113 737 2411 814 negativos

273 841 374 881 seu
418 823 583 881 omni
627 845 863 904 prorsus
903 825 1338 907 supernaturali
1383 826 1742 888 revelatione
1780 826 2116 888 destitutos,
2159 832 2339 912 Atqui
2364 833 2413 891 si

272 918 372 976 isti
407 918 471 976 in
501 918 839 978 omnimoda
883 922 1199 980 veritatum
1234 922 1774 1005 metaphysiearum
1811 946 1876 984 ac
1903 925 2212 984 moralium
2246 927 2413 1007 igno-

273 1014 498 1074 ratione
549 1027 967 1092 versarentur7
1017 1016 1079 1076 id
1118 1017 1279 1100 quod
1319 1021 1698 1101 consequitur
1733 1042 1804 1079 ex
1851 1021 2181 1095 sententia,
2234 1043 2413 1104 quam

272 1110 627 1187 refellimus7
674 1112 901 1195 exleges
952 1115 1195 1173 omnino
1254 1127 1488 1192 essent,
1533 1137 1643 1175 nec
1691 1137 1956 1198 unquam
1998 1138 2134 1177 vere
2177 1139 2414 1200 peccare

273 1218 533 1291 possent.
559 1209 698 1268 Haec
719 1221 918 1269 autem
943 1211 1187 1270 rationis
1215 1233 1336 1270 non
1371 1213 1566 1271 minus
1592 1211 1804 1271 lumini
1831 1211 2218 1276 adversantur
2237 1235 2417 1296 quam

275 1326 430 1366 sanae
461 1306 761 1367 catholicae
789 1306 1087 1368 doctrinae.

362 1402 500 1462 198.
550 1405 804 1462 Demum
847 1401 912 1462 id
950 1404 1145 1486 ipsum
1175 1406 1520 1480 conficitur7
1554 1404 1888 1465 conditione
1923 1405 2298 1467 revelationis
2324 1427 2415 1464 su-

275 1498 663 1582 pernaturalis
688 1500 970 1581 inspecta.
1013 1502 1146 1560 Post
1171 1513 1695 1583 proto-parentum
1732 1501 1964 1584 lapsum
2004 1501 2210 1562 divino
2228 1500 2413 1561 bene-

276 1595 406 1654 ficio
438 1594 575 1654 data
620 1605 708 1655 est
744 1595 972 1654 homini
1013 1596 1326 1671 revelatio7
1375 1609 1441 1655 ut
1478 1598 1541 1655 in
1581 1619 1648 1657 eo
1694 1608 2068 1679 repararetur
2101 1608 2286 1655 status
2314 1595 2415 1655 ille

276 1691 564 1772 gratuitus
585 1691 1046 1772 supernaturalis
1054 1692 1300 1769 justitiae
1321 1738 1337 1767 7
1361 1714 1392 1749 a
1409 1714 1524 1773 quo
1543 1692 1838 1751 exciderat
1853 1714 1960 1774 per
1976 1702 2281 1773 peccatum
2295 1691 2408 1772 (l).

279 1789 416 1847 Haec
456 1809 636 1870 porro
671 1787 952 1848 revelatio
976 1799 1184 1868 utpote
1213 1798 1332 1846 tota
1362 1786 1650 1866 objectiva
1688 1808 1753 1847 ac
1783 1788 2162 1869 superaddita
2185 1799 2417 1869 poterat

277 1883 507 1943 homini
542 1883 670 1943 dari
706 1883 800 1944 vel
824 1907 946 1943 non
982 1883 1107 1943 dari
1130 1930 1146 1958 7
1183 1884 1319 1943 data
1360 1906 1499 1945 vero
1521 1883 1595 1942 ab
1619 1883 1858 1943 homine
1884 1884 2220 1944 conservari
2248 1895 2419 1965 pote—

278 1991 371 2039 rat·
407 1991 509 2037 aut
557 1979 784 2055 amitti7
835 1981 920 2038 uti
957 1979 1155 2062 plures
1197 1981 1315 2039 imo
1368 1979 1635 2061 plerique
1685 2002 1811 2039 eam
1861 1980 2047 2061 reipsa
2099 1979 2422 2039 amiserunt

279 2089 380 2137 aut
416 2076 626 2137 saltem
657 2078 812 2138 foede
850 2090 1278 2161 corruperunt7
1321 2079 1465 2160 quin
1506 2089 1819 2161 propterea
1867 2078 2057 2137 omnis
2098 2078 2161 2135 in
2208 2077 2415 2137 iisdem

278 2174 642 2234 naturalium
673 2175 993 2235 veritatum
1022 2175 1273 2255 cognitio
1302 2174 1598 2235 defecerit.
1629 2174 1910 2249 Quamvis
1939 2175 2098 2234 enim
2121 2174 2423 2256 primitiva

279 2271 599 2346 revelatio7
651 2283 867 2354 praeter
911 2271 1139 2350 objecta
1187 2271 1365 2332 solius
1412 2272 1636 2332 ordinis
1685 2270 2143 2353 supernaturalis
2170 2316 2185 2344 7
2252 2269 2420 2352 plura

282 2368 771 2450 complecteretur
791 2414 807 2444 7
832 2391 963 2451 quae
982 2380 1194 2427 natura
1217 2391 1318 2427 sua
1338 2368 1559 2427 ordinis
1586 2355 1869 2427 naturalis
1888 2413 1903 2442 7
1931 2379 2069 2425 sunt
2086 2413 2100 2441 7
2130 2366 2195 2425 id
2219 2377 2421 2425 tamen

282 2487 405 2525 non
434 2467 712 2525 absoluta
743 2466 1094 2524 necessitate
1110 2466 1327 2524 factum
1349 2477 1438 2524 est
1454 2512 1469 2539 7
1501 2465 1665 2547 quasi
1690 2463 1869 2522 homo
1892 2465 1955 2523 in
1969 2465 2227 2544 physica
2251 2462 2424 2522 fuerit

283 2561 635 2643 impotentia
680 2561 904 2640 obJecta
947 2561 1238 2641 ejusmodi
1275 2583 1382 2643 per
1412 2583 1473 2620 se
1508 2560 1924 2641 cognoscendi3
1969 2559 2072 2619 sed
2112 2581 2182 2619 ex
2221 2558 2421 2620 divina

284 2657 461 2741 plane
482 2657 921 2741 dispensatione
945 2703 960 2733 7
989 2679 1116 2739 quae
1142 2659 1252 2717 hoc
1284 2670 1456 2739 pacto
1486 2657 1795 2716 hominum
1831 2656 2252 2738 plerorumque
2283 2675 2423 2713 con-

285 2755 465 2814 suluit
504 2756 627 2815 sive
669 2755 892 2834 ingenii
915 2754 1178 2813 tarditati
1201 2800 1216 2826 7
1249 2748 1379 2815 sive'
1411 2754 1769 2835 deceptionis
1804 2752 2066 2812 facilitati
2087 2796 2104 2826 7
2129 2772 2243 2833 qua
2273 2748 2423 2810 veris

285 2873 439 2933 saepe
455 2850 599 2910 falsa
614 2851 1096 2910 intermiscentur
1115 2896 1131 2924 7
1154 2850 1279 2911 sive
1302 2849 1739 2932 impedimentis
1764 2895 1780 2923 7
1801 2848 2011 2931 quibus
2031 2850 2212 2924 major
2229 2843 2423 2902 homi-

286 2970 433 3006 num
466 2969 601 3029 pars
628 2969 659 3006 a
687 2946 986 3029 profundo
1029 2947 1287 3007 veritatis
1329 2946 1629 3006 detinetur
1659 2944 1853 3004 studio
1874 2990 1889 3019 7
1917 2943 2157 3024 aliisque
2180 2939 2421 2999 demum

288 3043 576 3123 ejusmodi
616 3043 1062 3103 difficultatibus
1104 3054 1204 3102 aut
1248 3040 1634 3103 incommodis
1678 3039 1932 3121 benigne
1972 3036 2304 3119 prospexit3
2352 3056 2424 3094 ex

358 3221 425 3284 (l)
449 3219 603 3285 Quum
621 3221 678 3271 de
692 3223 974 3272 revelatione
987 3223 1169 3271 homini
1190 3223 1315 3287 lapso
1402 3237 1493 3288 que
1524 3221 1666 3269 fuisse
1696 3220 1979 3276 allocutum;
2008 3215 2087 3264 sed
2115 3232 2221 3263 cum
2253 3215 2332 3263 illa
2350 3229 2424 3262 re·

289 3305 411 3354 facta
440 3305 519 3352 hic
541 3305 806 3354 disserimus
822 3342 835 3365 ‚
869 3303 996 3354 haud
1028 3305 1317 3354 intendimus
1401 3306 1570 3354 velatio
1595 3320 1691 3352 non
1709 3306 1765 3351 sit
1786 3302 1844 3349 ad
1872 3301 2156 3366 propositum
2186 3309 2394 3347 nostrum
2411 3335 2424 3355 ‚

291 3387 536 3437 excludere
566 3388 892 3438 revelationem
914 3427 926 3447 7
961 3390 1204 3455 quaefacta
1228 3389 1316 3437 ho·
1401 3389 1505 3436 ideo
1544 3386 1875 3435 coarctavimus
1915 3400 2179 3431 sermonem
2219 3391 2426 3430 nostrum

292 3473 411 3520 mini
459 3470 598 3519 fuerit
650 3482 757 3519 aute
812 3483 1073 3538 peccatum.
1127 3471 1318 3520 Certum
1402 3471 1462 3520 ad
1485 3470 1810 3519 revelationem
1830 3467 2013 3515 homini
2032 3467 2187 3515 datam
2208 3475 2308 3531 post
2326 3463 2425 3528 lap-

293 3556 418 3603 enim
435 3564 527 3613 est,
558 3552 711 3602 Deum
740 3572 787 3603 se
813 3556 952 3604 modo
975 3555 1316 3621 supernaturali
1399 3570 1504 3602 sum
1523 3590 1536 3612 7
1566 3555 1675 3618 quia
1704 3551 1802 3599 haec
1825 3551 1918 3599 sola
1943 3561 2113 3617 spectat
2136 3549 2195 3597 ad
2216 3549 2426 3597 ordinem

295 3637 613 3687 manifestasse
653 3637 832 3686 homini
877 3641 1113 3687 innocenti
1135 3676 1148 3699 ‚
1181 3655 1315 3687 eum·
1399 3638 1700 3702 reparationis
1712 3635 1944 3695 humanae,
1963 3634 2020 3683 de
2036 3651 2128 3700 quo
2147 3632 2424 3681 disserimus-
