2502 4134
2072 106 2190 165 485

389 134 547 174 PABT.
592 134 677 170 111.
725 132 874 170 SECT.
921 134 964 169 1.
1014 129 1135 170 CAP.
1180 131 1244 168 11.
1294 132 1361 168 DE
1406 130 1541 168 ΕΔΤ·
1576 129 1711 166 CUM.
1763 129 1868 165 Fu).

74 295 244 358 quam
289 275 351 332 in
398 275 576 332 istum
625 294 1103 355 erumperemus3
1148 272 1445 354 persuasio
1487 282 1685 331 autem
1721 281 1823 329 aut
1865 271 2191 344 convictio,

70 390 195 451 quae
219 371 280 428 in
306 362 472 428 nobis
494 369 749 448 gignitur
770 389 840 427 ex
866 367 1159 429 evidentia
1183 366 1541 427 motivorum
1568 365 1805 425 illorum
1825 409 1843 440 ,
1871 375 1993 423 tota
2022 375 2191 423 natu-

68 465 202 524 ralis
229 476 348 538 est,
403 485 510 523 nec
545 463 621 521 ad
663 460 1021 523 actum'fidei
1064 473 1325 543 spectat,
1371 461 1556 521 multo
1601 483 1739 522 vero
1769 460 1964 520 minus
2006 460 2180 520 nsoti-

73 581 210 618 vum
245 563 367 635 ejus
387 561 644 637 formale
671 557 988 616 constituit.

146 653 289 712 213.
338 654 465 725 Quo
506 657 776 733 praejacto
814 650 1235 723 fundamento,
1275 655 1399 729 jam
1439 661 1834 722 evanescunt,
1867 669 1996 730 quae
2038 647 2188 728 adji-

67 752 299 809 ciuntur
319 794 334 822 7
370 759 496 806 tum
530 746 603 806 de
627 745 744 806 fide
776 747 840 805 in
866 767 1002 807 vera
1027 745 1305 805 miracula
1334 745 1409 804 ob
1433 746 1841 804 auctoritatem
1863 743 2189 804 humanam

66 855 165 903 aut
179 843 581 902 auctoritatem
603 841 862 901 Ecclesiae
879 886 894 915 ,
915 853 1044 899 tum
1064 841 1139 901 de
1153 839 1350 900 circuli
1368 840 1558 901 vitiosi
1573 839 1934 920 labyrintho,
1957 840 2190 900 Etenim

56 944 222 1017 juxta
263 936 525 1017 analysin
562 936 696 995 fidei
730 957 802 996 ex
835 935 1135 1018 principiis
1177 958 1211 994 a
1251 934 1420 995 nobis
1459 935 1827 1008 constitutiS‚
1879 957 1985 994 nos
2026 935 2188 1017 prius

64 1032 439 1115 perducimur
461 1053 568 1113 per
588 1032 809 1091 motiva
838 1029 1240 1090 credibilitatis
1271 1030 1554 1112 tanquam
1574 1028 1936 1111 praeambula
1958 1041 2019 1090 et
2042 1049 2191 1112 prae-

64 1128 335 1210 requisita
370 1128 430 1185 in
474 1138 696 1186 certam
729 1127 1124 1208 cognitionem
1163 1146 1315 1186 verae
1353 1126 1567 1185 Christi
1604 1125 1864 1185 Ecclesiae
1899 1125 2024 1206 (1),
2056 1145 2187 1207 quae

65 1235 154 1282 est
196 1222 332 1282 fidei
365 1221 560 1301 regula
598 1222 898 1301 proxima;
923 1218 1142 1280 deinde
1164 1241 1272 1302 per
1296 1222 1404 1281 Dei
1436 1220 1683 1300 gratiam
1707 1219 1968 1279 elicimus
1992 1231 2189 1280 actum

62 1316 197 1376 fidei
221 1315 295 1375 de
315 1336 451 1376 vera
474 1314 722 1374 Ecclesia
745 1325 806 1374 et
826 1313 1127 1373 infallibili
1146 1313 1406 1392 ejusdem
1436 1313 1815 1386 auctoritate3
1844 1312 1918 1374 ab
1941 1312 2187 1373 Ecclesia

62 1410 372 1490 accipimus
413 1408 775 1489 Scripturam
819 1419 880 1467 et
914 1407 1312 1468 Traditionem
1333 1454 1350 1480 ,
1403 1406 1625 1485 obJecta
1672 1407 1927 1490 denique
1966 1407 2190 1490 reliqua

59 1504 193 1577 fidei
213 1548 229 1577 .,
289 1524 419 1584 quae
457 1503 520 1560 in
561 1502 777 1562 eisdem
823 1502 1223 1561 continentur.
1271 1501 1505 1561 Falsum
1547 1514 1860 1583 propterea
1901 1514 2026 1577 est,
2081 1524 2189 1562 nos

59 1599 327 1672 credere,
371 1596 487 1656 fide
534 1595 750 1657 scilicet
781 1596 1024 1682 divina,
1078 1596 1339 1656 Ecclesiae
1374 1595 1450 1655 ob
1489 1597 1711 1657 motiva
1755 1597 2184 1672 credibilitatis3

60 1694 303 1767 falsum,
346 1715 454 1752 nos
493 1692 567 1751 ab
612 1692 858 1752 Ecclesia
896 1693 1169 1753 certiores
1211 1694 1336 1752 fieri
1372 1691 1446 1753 de
1491 1694 1737 1753 veritate
1772 1715 1837 1752 ac
1876 1693 2186 1754 divinitate

63 1787 512 1860 miraculorum3
558 1787 767 1848 falsum
813 1786 1099 1869 denique,
1144 1786 1323 1848 fidem
1356 1799 1618 1849 nostram
1655 1788 1830 1851 inniti
1860 1789 2186 1848 auctoritati

59 1883 331 1951 humanae
351 1882 458 1961 (2).

850 2062 1258 2117 PROPOSITIO
1297 2063 1392 2115 111.

59 2233 532 2301 DemonstraciO,
577 2235 747 2309 cujus
798 2253 1000 2311 capam
1043 2242 1127 2290 est
1168 2236 1390 2290 veritas
1442 2232 1796 2292 christianae
1838 2234 1987 2311 fidei
1998 2276 2020 2304 ,
2072 2246 2185 2292 aut

141 2330 431 2385 motivum
475 2328 888 2406 quodcumque
918 2327 1343 2386 credibilitatis
1388 2347 1509 2385 non
1547 2327 1719 2404 officit
1753 2324 2025 2387 libertati
2056 2329 2182 2396 illi,

140 2443 260 2500 qua
297 2422 568 2480 voluntas
609 2431 813 2508 actum
844 2422 993 2499 fidei
1028 2424 1331 2499 imperare
1364 2422 1548 2480 dehet.
1955 2437 1958 2443 ·

136 2611 275 2668 214„
324 2612 422 2669 Est
451 2610 727 2672 adversus
748 2631 845 2672 eos
864 2656 879 2686 a
921 2613 1020 2692 qui
1043 2621 1385 2685 autumant,
1419 2611 1468 2669 si
1496 2631 1633 2670 vera
1658 2609 1830 2669 detur
1850 2610 2180 2670 christiana:

55 2703 191 2764 fidei
223 2703 679 2780 demonstratffi,
728 2726 966 2765 assensu
987 2750 1003 2780 7
1047 2706 1144 2787 qui
1175 2727 1247 2766 ex
1291 2727 1357 2765 ea
1391 2716 1738 2787 promanat,
1770 2708 1897 2784 jam
1925 2704 2180 2786 liberum

55 2822 176 2858 non
211 2822 334 2860 esse
385 2800 485 2860 sed
522 2800 696 2882 plane
732 2803 1161 2875 necessarium3
1205 2802 1365 2861 unde
1413 2800 1710 2871 inferunt,
1749 2802 2060 2883 positivam
2106 2801 2180 2861 de

60 2896 301 2955 veritate
344 2895 674 2956 christianae
722 2895 854 2956 fidei
907 2896 1475 2956 demonstrationem
1522 2896 1757 2956 admitti
1805 2888 1937 2955 non*
1969 2890 2138 2979 posse
2161 2941 2176 2971 .,

122 3110 190 3174 (l)
227 3111 280 3159 Id
321 3123 470 3162 autem
506 3113 578 3161 vel
618 3112 839 3179 explicite
872 3115 949 3164 vel
982 3116 1077 3161 im-

50 3190 221 3256 plicite
247 3196 511 3258 contingere
539 3205 718 3259 potest,
747 3206 798 3243 ut
818 3207 1076 3261 opportune

57 3272 249 3320 adnotat
278 3272 411 3339 Greg.
439 3276 497 3325 de
528 3276 738 3325 Valentia
757 3314 770 3336 ‚
807 3279 888 3342 qui
924 3287 1076 3326 osten-

58 3353 128 3399 dit
168 3361 416 3417 proeterea,
451 3373 560 3405 cum
601 3360 835 3406 moti-vum
871 3376 953 3406 seu
992 3359 1076 3405 in-

58 3434 305 3483 ductivum
348 3436 407 3484 ad
452 3439 735 3488 credendum
780 3457 877 3488 non
918 3456 1074 3488 unum

57 3516 138 3563 sed
168 3517 362 3565 varium
401 3520 492 3579 sit,
525 3525 884 3587 propositionem
918 3533 1075 3576 tamen

60 3596 349 3647 infallibilem
383 3599 599 3651 Ecclesiae
624 3620 720 3653 esso
746 3604 1075 3654 conditionem

1158 3116 1482 3163 necessariam
1506 3125 1550 3162 et
1571 3115 1761 3180 quidem
1790 3131 1943 3162 unam
1968 3132 2052 3180 pro
2080 3132 2181 3163 om-

1159 3197 1331 3255 nibus,
1375 3199 1484 3262 quia
1527 3197 1642 3245 fides
1682 3213 1784 3244 una
1824 3208 1910 3245 est.
1953 3196 2052 3245 Cfr.
2099 3196 2181 3244 De

1156 3278 1287 3342 fide,
1321 3279 1494 3343 disput.
1522 3295 1537 3326 ι
1560 3316 1573 3338 ,
1606 3288 1773 3343 quaest.
1802 3295 1844 3338 1,
1871 3288 2028 3342 punct.
2059 3277 2110 3341 4.

1229 3360 1301 3425 (02)
1339 3359 1439 3408 cfr.
1472 3359 1698 3424 Bolgeni,
1735 3376 1813 3424 op.
1848 3362 1927 3408 cit.
1955 3359 2182 3407 L’econo-

1161 3442 1260 3488 mia
1285 3440 1409 3488 della
1429 3440 1537 3505 sede
1554 3476 1571 3502 ,
1603 3458 1708 3506 cap.
1741 3453 1786 3503 ι,
1823 3452 1911 3490 art.
1950 3457 2038 3504 103
2071 3443 2182 3488 item

1158 3521 1399 3571 Suarezius
1419 3559 1434 3582 ‚
1467 3520 1539 3572 De
1560 3521 1687 3585 side,
1718 3524 1831 3573 diss.
1867 3537 1917 3572 m
1938 3558 1951 3581 ,
1982 3530 2091 3570 sect.
2128 3537 2143 3567 ι
2163 3555 2177 3579 ,

1159 3621 1294 3655 num.
1324 3601 1374 3651 5.
