2502 4134
393 110 549 148 PART.
596 111 683 146 111.
729 110 876 146 sacr.
925 111 962 145 1.
1008 109 1130 146 CAP.
1177 108 1236 145 ιι.
1285 109 1351 145 DE
1395 109 1522 144 RAT.
1573 106 1688 144 com
1735 106 1842 143 rm.
2056 84 2173 143 479

64 257 319 336 formale
358 254 566 314 sentin
610 265 795 312 totam
838 264 896 312 et
930 255 1312 334 adaequatam
1354 253 1674 326 rationem,
1726 273 1828 310 cur
1869 253 2174 330 credatur-3

70 371 372 430 nunquam
416 369 555 408 vero
580 349 639 407 in
671 347 1028 408 evidentiam
1057 349 1411 407 motivorum
1433 345 1860 421 credibilitatis‚
1886 367 2013 428 quae
2041 348 2180 410 fidei

68 445 390 504 extrinseca
434 455 601 517 sunt,
646 464 712 501 ac
740 442 926 502 solum
981 441 1414 524 praerequisita3
1456 461 1580 522 quae
1607 441 1783 500 varia
1808 463 1916 523 pro
1939 441 2180 503 diversis

71 538 404 598 hominibus
428 560 549 597 esse
586 548 830 620 possunt
849 582 866 610 ‚
895 558 1139 618 quaeque
1163 535 1403 595 demum
1425 538 1690 594 absolute
1714 558 1894 596 neces
1917 538 2035 596 aria
2061 561 2180 599 non

70 645 237 707 sunt,
282 656 413 692 cum
444 633 563 692 fieri
591 643 801 714 queat,
845 644 910 690 ut
936 633 1061 691 sine
1099 623 1213 690 illis
1254 653 1386 690 vera
1427 632 1608 714 possit
1644 630 1785 690 fides
1827 631 2063 706 haberi,
2114 648 2181 695 ut

71 729 391 789 identidem
409 729 693 808 contingit
713 772 730 799 .‚
759 728 822 785 in
845 726 1177 786 rudioribus
1196 727 1520 807 praesertim
1540 771 1555 802 ⁷
1583 727 1682 808 qui
1706 727 1987 805 ejusmodi
2018 733 2183 797 moti⁴

79 847 287 884 vorum
335 824 618 883 examinis
652 823 859 882 saltem
900 822 1288 882 accuratioris·
1303 822 1605 903 incapaces
1637 820 1984 903 plerumque
2012 836 2182 904 sunt,

70 920 398 1002 quibusque
433 917 912 1003 gratiasssupplere
945 928 1136 999 potest
1164 938 1230 976 ac
1258 915 1512 999 supplet.

890 1087 1375 1159 mFmCULTATES.

151 1273 293 1331 206.
340 1271 468 1349 obj.
519 1272 580 1329 10
618 1269 783 1330 Fides
822 1282 911 1329 est
945 1270 1184 1351 quidam
1218 1282 1402 1329 status
1437 1271 1500 1328 in
1537 1267 1705 1340 nobis
1751 1272 2037 1346 existenS.,
2065 1295 2183 1356 quo

73 1367 330 1450 persuasi
368 1357 567 1424 sumus
612 1365 686 1423 de
713 1364 974 1423 realitate
997 1365 1279 1442 objectiva
1309 1366 1393 1424 rei
1415 1365 1660 1444 cognitae
1679 1410 1695 1437 ,
1728 1377 1787 1424 et
1811 1366 1870 1423 in
1898 1387 2015 1447 quo
2042 1389 2186 1429 con-

72 1461 478 1520 stituimuraut
494 1479 599 1540 per
617 1461 1023 1534 necessarium
1050 1469 1244 1517 tenere
1262 1481 1374 1538 pro
1395 1481 1525 1518 vero
1551 1465 1809 1518 rationis
1838 1462 2187 1537 theoreticae,

74 1567 173 1614 aut
201 1577 305 1636 per
336 1556 739 1613 necessarium
765 1554 1208 1633 admz‘tterepro
1230 1576 1361 1614 vero
1389 1537 1648 1613 rationis
1666 1562 1968 1634 proectz‘coe
1983 1605 2001 1626 ,
2025 1547 2190 1638 q‘uae..

74 1672 322 1732 cumque
352 1650 588 1709 demum
627 1649 701 1706 sit
739 1670 925 1707 causa
953 1671 1054 1708 seu
1089 1653 1377 1709 motivum
1393 1694 1414 1721 ,
1442 1671 1509 1708 ex
1542 1671 1657 1731 quo
1677 1659 1875 1709 ‘status
1906 1653 2190 1730 ejusmodi
2236 1685 2241 1687 -

74 1748 133 1804 in
159 1745 326 1804 nobis
353 1743 742 1826 producatur3
768 1744 926 1804 unde
964 1744 1202 1803 sublimi
1227 1745 1441 1804 mentis
1468 1745 1687 1803 intuitu
1711 1746 2015 1828 Apostolus
2041 1747 2192 1807 affir-

73 1853 193 1899 mat
222 1863 235 1898 :
269 1842 329 1899 F
333 1841 454 1898 ides
466 1852 549 1898 est
565 1841 1007 1918 sperandarum
1022 1842 1366 1898 substantia
1384 1840 1409 1917 (
1429 1839 1488 1898 id
1512 1851 1597 1897 est
1627 1842 1872 1898 realicas
1898 1840 1921 1920 )
1945 1863 2186 1915 rerum,

72 1947 492 2016 aryumentum
526 1958 645 1996 non
682 1940 1117 2014 apparentium
1153 1937 1269 2016 (l).
1306 1936 1375 1993 20
1406 1936 1549 2015 Ergo
1576 1934 1719 1995 fides
1755 1937 1944 1994 omnis
1977 1948 2185 1996 natura

74 2052 175 2089 sua
219 2033 543 2109 rationalis
587 2042 678 2088 est
697 2075 713 2104 ,Ι
755 2030 975 2111 quippe
1015 2052 1141 2112 quae
1183 2052 1252 2089 ex
1297 2032 1636 2091 necessitate
1679 2031 1771 2090 vel
1806 2033 2060 2111 physica
2099 2031 2192 2092 vel

73 2129 298 2186 morali
317 2129 572 2185 rationis
601 2126 893 2184 enascitur
915 2171 930 2200 ,
960 2136 1135 2207 atque
1159 2125 1300 2185 hinc
1321 2127 1464 2186 fides
1489 2127 1613 2209 ipsa
1639 2127 1699 2184 in
1729 2126 1991 2186 divinam
2014 2149 2191 2189 reve-

73 2221 350 2280 lationem
372 2267 387 2295 ,
412 2242 540 2302 quae
562 2242 676 2278 una
698 2242 769 2278 ex
782 2224 1003 2299 formis
1020 2243 1119 2279 seu
1140 2223 1442 2300 speciebus
1460 2221 1592 2280 fidei
1609 2232 1696 2280 est
1716 2267 1731 2295 ,
1752 2233 1927 2303 atque
1946 2222 2193 2304 speciale

74 2339 245 2376 suum
277 2318 559 2376 credendi
594 2319 881 2376 motivum
911 2316 976 2375 in
1003 2318 1216 2375 divina
1256 2319 1608 2376 auctoritate
1639 2315 1736 2396 (2)
1770 2315 1947 2375 habet
1968 2362 1984 2391 .,
2011 2315 2194 2376 resol-

76 2414 231 2473 vitur
269 2413 331 2471 in
360 2415 748 2473 necessarium
786 2422 982 2472 actum
1011 2413 1252 2472 rationis
1290 2413 1414 2472 sive
1438 2413 1680 2471 tenendi
1710 2413 1836 2472 sive
1870 2413 2195 2472 admitten-

143 2621 207 2686 (l)
243 2621 315 2669 lta
354 2618 579 2680 Hermes,
644 2622 694 2668 in
741 2618 929 2668 Introd.
963 2618 1092 2685 phil.

75 2702 101 2771 §
118 2700 202 2766 44
220 2703 319 2752 Csr.
337 2719 436 2768 quae
451 2704 658 2766 superins
674 2703 896 2750 diximus.
910 2700 1093 2766 Magni-

74 2786 159 2835 fica
192 2801 328 2850 porro
360 2783 501 2833 habet
531 2782 793 2832 Hei-mesine
819 2782 878 2834 de
906 2784 992 2832 hac
1022 2802 1094 2832 ra-

74 2871 214 2917 tionis
234 2868 330 2932 fide
346 2904 359 2926 ,
388 2885 503 2934 *quae
541 2867 675 2915 nobis
703 2867 801 2916 sola
827 2856 1092 2916 realitatem

75 2950 355 3017 objectivam
390 2959 564 2998 tutatur
585 2987 598 3009 ‚
634 2951 727 2996 sive
772 2949 1009 3017 objectum
1036 2952 1093 2999 sit

76 3032 308 3080 rationale
329 3034 425 3080 sive
451 3029 814 3096 supernaturale
830 3069 844 3090 ‚
873 3042 919 3080 et
941 3032 1090 3097 quod-

79 3129 280 3177 cumque
312 3116 371 3162 sit
399 3116 665 3171 motivum,
701 3114 825 3162 unde
853 3114 1089 3179 procedit,

81 3212 248 3260 nempe
273 3207 351 3245 aut
374 3214 534 3246 sensus
563 3200 757 3245 intimus
773 3235 785 3255 ‚
826 3208 906 3246 aut
931 3214 1093 3246 sensus

82 3287 294 3325 externus
311 3314 326 3336 ‚
357 3290 434 3327 aut
468 3282 583 3328 ratio
601 3318 615 3339 ‚
646 3290 725 3327 aut
752 3281 993 3327 auctoritas
1021 3278 1095 3328 vel

82 3359 286 3406 humana
325 3361 396 3408 vel
439 3362 593 3409 divina
616 3400 630 3422 ‚
672 3372 763 3411 etc.
806 3362 928 3409 Hinc
964 3364 1093 3427 juxta

82 3437 184 3488 haec
206 3442 327 3489 varia
348 3444 515 3491 motiva
536 3455 762 3509 exurgunt
782 3445 971 3492 totidem
990 3459 1094 3509 epe-

19 3512 28 3521 ⁴
82 3523 179 3568 cies
217 3539 298 3570 sen
335 3522 505 3585 formoe
535 3525 726 3574 diversa
759 3526 885 3574 fidei.
933 3525 1094 3591 Itaque

86 3605 350 3654 Hermesius
370 3608 420 3654 in
443 3607 529 3655 hac
555 3625 634 3656 sna
658 3610 927 3658 definitione
950 3610 1092 3657 fidem

1181 2618 1333 2684 ipsam
1367 2617 1674 2682 theoloqicam
1718 2619 2071 2684 comprehendit
2088 2657 2102 2680 ‚
2143 2630 2197 2670 ut

1182 2709 1303 2766 patet
1341 2702 1480 2749 etiam
1523 2717 1582 2749 ex
1626 2699 1777 2749 verbis
1817 2699 2053 2765 Apostoli,
2093 2718 2196 2769 quae

1181 2782 1373 2847 allegat3
1414 2785 1510 2830 imo
1552 2783 1718 2831 acerbe
1759 2783 1994 2847 theologos
2037 2801 2198 2834 omnes

1181 2867 1329 2930 carpit
1370 2863 1434 2912 ob
1472 2882 1767 2913 communem
1810 2866 1920 2913 fidei
1963 2866 2198 2915 definitio-

1181 2965 1289 2996 nem
1313 2986 1326 3006 ,
1370 2950 1618 3013 asseritque
1639 2985 1653 3007 ,
1693 2965 1769 2996 eos
1792 2985 1804 3006 ‚
1844 2951 1925 3014 qui
1954 2947 2102 3012 fidem
2137 2951 2197 2998 ad

1181 3034 1497 3081 anctoritatem
1540 3042 1807 3092 coarctant,
1848 3035 1948 3098 ejus
1985 3044 2197 3082 naturam

1182 3115 1317 3177 plane
1344 3115 1610 3162 destruere!

1249 3197 1316 3260 (2)
1357 3196 1567 3254 Αάιιοιε,
1615 3199 1665 3243 in
1713 3196 2001 3246 hermesiana
2037 3196 2197 3248 schola

1180 3279 1510 3327 auctoritatem
1536 3277 1632 3325 Dei
1655 3277 1909 3326 revelantis
1925 3283 2075 3327 vocari
2097 3296 2197 3328 nao-

1179 3363 1335 3408 tivum
1376 3359 1730 3410 credibilitatis.
1776 3361 1846 3410 lta
1890 3373 2047 3411 auctor
2091 3363 2197 3410 libri

1180 3444 1314 3498 Acta
1346 3441 1670 3490 Hermeeiana
1687 3477 1703 3503 ‚
1736 3459 1844 3511 pag.
1878 3442 1966 3494 6ι.
1997 3444 2097 3492 Hoc
2124 3446 2198 3508 ip-

1181 3541 1284 3572 sum
1305 3525 1461 3573 hausit
1482 3542 1534 3573 ex
1558 3525 1720 3574 eadem
1746 3526 1900 3574 schola
1930 3526 2195 3575 Baitzerius.

1183 3607 1291 3655 Vid.
1329 3625 1406 3672 op.
1441 3610 1520 3655 cit.
1552 3607 1666 3656 fasc.
1693 3624 1740 3668 ι,
1778 3626 1882 3673 pag.
1909 3605 1993 3672 89.
