2502 4134
2086 135 2204 194 463

295 161 457 198 PART.
505 160 594 196 111.
639 157 790 194 sssc'r.
839 159 878 194 1.
919 158 1044 195 GAP.
1092 159 1134 195 1.
1179 155 1420 194 DE'RAT.
1469 152 1602 194 ΔΝΤ.
1650 156 1759 194 Fu).
1806 155 1988 194 SPEGT.

83 307 148 366 30
188 303 466 382 Officium,
488 301 832 360 absolutum
850 347 865 369 ,
896 298 1054 381 quod
1079 320 1187 358 nos
1210 298 1523 378 confugere
1547 296 1862 380 obstringit
1884 344 1901 373 ‚
1936 309 2000 356 ut
2026 299 2206 359 finem

82 398 362 460 moralem
418 418 834 478 assequamur,
880 395 955 455 ad
999 398 1437 476 experientiam
1483 394 1730 454 aliorum
1772 396 1836 454 in
1862 392 2209 456 »subsidium

81 506 347 554 nostrum
386 491 835 551 adsciscendam.
880 489 993 550 Sed
1033 489 1312 571 quoniam
1357 489 1648 568 exigentia
1706 489 2039 549 mediorum
2083 511 2208 549 non

80 601 274 672 potest
311 610 645 648 mensuram
681 586 959 646 excedere
993 583 1384 660 necessitatiS‚
1434 584 1723 664 exigentia
1767 585 1974 646 alienae
2025 608 2207 664 eape-

80 689 308 744 rientice
362 681 720 742 dimetienda
768 702 841 740 ex
890 679 1234 740 necessitate
1277 690 1386 738 est.
1438 679 1590 738 Hinc
1643 680 1692 738 si
1737 680 1875 738 satis
1918 680 2088 740 alicui
2134 681 2210 741 sit

82 784 448 860 experientia
484 798 846 845 coaevorum,
882 778 1041 834 ratio
1074 777 1352 858 practica
1389 773 1542 832 hanc
1583 785 1816 832 tantum
1850 774 2206 856 praescribit3

84 876 131 934 si
178 896 317 934 vero
359 873 487 955 quis
522 873 698 932 etiam
735 874 1108 949 experientia
1151 880 1397 928 aetatum
1440 879 1863 928 anteactarum
1909 870 2207 950 indigeat,

85 971 233 1029 ratio
253 971 533 1050 practica
569 967 821 1049 imperat
845 965 962 1039 illi,
1007 975 1073 1023 ut
1113 963 1187 1022 ad
1224 963 1375 1023 hanc
1405 963 1583 1023 etiam
1619 977 1898 1045 assurgat.
1931 965 2042 1025 Sed
2067 988 2210 1048 quo·

86 1068 261 1124 modo
298 1074 495 1146 posset
538 1062 650 1121 hoc
694 1060 956 1120 medium
995 1059 1388 1119 necessarium
1429 1058 1730 1134 adhiberi,
1770 1061 1885 1119 nisi
1926 1063 2208 1121 admitte-

82 1173 254 1221 retur
265 1182 383 1240 pro
404 1181 543 1218 vera
580 1157 832 1237 cognitio
867 1155 1148 1237 temporis
1175 1155 1471 1214 anteacti?
1515 1156 1583 1213 Et
1622 1154 1766 1236 quid
1802 1167 1891 1215 est
1923 1157 2211 1236 ejusmodi

83 1259 364 1337 coquitio,
403 1254 515 1312 nisi
553 1255 837 1321 historia,
883 1270 1011 1332 quae
1053 1249 1271 1310 scilicet
1314 1261 1652 1332 temporum
1690 1252 1957 1310 omnium
1993 1274 2210 1312 monu-

81 1362 281 1410 menta
316 1346 554 1409 servat?
594 1349 739 1426 Ergo
781 1366 851 1405 ex
889 1345 1134 1426 imperio
1169 1345 1410 1403 rationis
1435 1348 1727 1423 praet-ieoe
1768 1346 1837 1405 iis
1864 1349 1946 1405 in·
1969 1348 2197 1409 casibus

83 1456 353 1503 tenemur
386 1443 701 1500 admittere
725 1460 843 1518 pro
872 1459 1006 1497 vero
1030 1439 1435 1498 testimonium
1465 1440 1770 1511 historice,
1802 1440 1941 1502 licet
1978 1444 2206 1503 theore-

84 1542 205 1596 tica
239 1540 396 1595 ratio
437 1520 656 1595 motiva
696 1533 1029 1592 dubitandi
1064 1533 1134 1591 de
1186 1534 1289 1592 illo
1332 1554 1642 1615 nunquam
1682 1557 1803 1594 non
1847 1535 2059 1596 habeat
2094 1540 2205 1618 (l).
2269 1591 2271 1593 .

86 1632 152 1690 4⁰
178 1632 345 1690 Ratio
365 1635 643 1710 practica
670 1621 930 1711 imperat
960 1625 1226 1687 absolute
1249 1672 1266 1702 5
1302 1627 1387 1686 ad.
1410 1629 1557 1688 ae'ris
1592 1629 2059 1691 incolumitatem
2088 1656 2210 1693 mo-

83 1747 333 1808 rumque
378 1725 702 1785 custodiam
752 1722 1073 1798 tuendam,
1120 1732 1186 1780 ut
1231 1721 1594 1804 sepeliantur
1643 1737 1744 1784 aut
1788 1725 2214 1790 comburantur

85 1843 329 1904 corpora
384 1821 817 1880 defunctorum.
875 1818 951 1877 At
1001 1817 1158 1877 istud
1207 1830 1570 1900 praeceptum
1624 1819 1859 1901 impleri
1907 1844 2214 1905 nunquam

86 2014 254 2063 debere
294 2012 454 2060 saltem
495 2011 681 2076 aliquos
723 2029 806 2076 pro
846 2027 951 2060 vere
983 2026 1111 2076 pau-

81 2095 282 2162 peribus
299 2093 551 2142 admittere
560 2111 580 2155 ‚·
606 2110 735 2142 secus
764 2110 1008 2159 nunquam
1038 2109 1111 2140 sa-

91 2179 297 2227 tissacere
351 2194 585 2242 possemus
632 2185 871 2241 praecepto
926 2173 1103 2222 morali

89 2260 386 2324 eleemosynae
403 2295 418 2319 ‚
438 2258 556 2321 etc.)
580 2257 854 2316 ostendunt,
872 2274 979 2305 eum
997 2272 1111 2322 pro-

92 2339 389 2389 babilitatem
414 2357 521 2388 cum
553 2355 664 2387 vera
683 2337 971 2386 certitudine
998 2355 1113 2387 con-

90 2422 306 2472 fundere.
319 2420 621 2470 Probabilitas
641 2420 847 2487 quidem,
863 2422 1108 2485 praesert‘im

90 2508 128 2554 si
161 2507 362 2554 maxima
397 2507 456 2553 sit
479 2541 495 2564 ‚
539 2507 591 2552 in
623 2503 854 2569 plerisque
882 2506 989 2553 vitae
1024 2522 1108 2553 ne·

88 2591 223 2654 gotiis
253 2590 359 2637 satis
388 2598 456 2636 est
479 2588 537 2636 ad
565 2588 817 2652 prudenter
852 2586 1104 2651 agendum.

89 2670 137 2718 Si
176 2673 336 2730 enim,
383 2689 457 2721 ex.
488 2689 557 2736 gr.
590 2681 836 2736 antequam
876 2672 1103 2730 vescaris,

89 2755 287 2817 exigeres
328 2753 650 2802 certitudinem
693 2752 1068 2819 metaphysicam
1087 2790 1104 2814 ‚

89 2845 168 2883 aut
202 2838 340 2883 etiam
376 2837 528 2883 stricte
560 2834 784 2884 moralem
804 2873 815 2889 ‚
855 2836 982 2901 quod
1014 2834 1107 2884 cibi

90 2934 266 2965 veneno
293 2918 451 2966 insecti
479 2935 574 2965 non
601 2919 720 2975 sint,
755 2935 858 2966 eam
886 2928 964 2966 aut
986 2935 1107 2965 nun-

90 3014 232 3062 quam
259 3009 338 3048 aut
358 3002 545 3048 nonnisi
580 3000 722 3066 longo
751 3010 957 3065 tempore
989 3017 1107 3048 asse-

94 3084 295 3144 quereris
313 3119 326 3142 ‚
353 3091 400 3132 et
425 3083 547 3131 fame
568 3085 742 3132 interea
767 3085 954 3148 perires.
971 3083 1106 3131 Tunc

94 3159 234 3224 igitur
260 3166 371 3212 ratio
398 3167 495 3229 ipsa
524 3184 577 3213 ex
599 3164 846 3213 theoretico
869 3166 949 3214 illo
972 3166 1105 3231 judi-

95 3243 166 3289 cio
197 3242 337 3292 dictat
354 3282 369 3304 ‚
407 3249 619 3312 practice
660 3247 860 3311 prudens
909 3265 1005 3297 esse
1050 3266 1104 3298 ex

93 3322 419 3385 probabilitate*
444 3327 522 3377 illa
543 3367 556 3389 ‚
594 3332 851 3394 praesertim
882 3332 920 3377 si
955 3332 1105 3378 maxi·

94 3419 168 3451 ma
186 3441 200 3462 ‚
233 3423 391 3471 agere3
422 3413 594 3475 quippe
623 3411 878 3460 aliter'fieri
900 3429 997 3459 non
1016 3429 1101 3477 po-

92 3495 196 3533 test.
215 3485 273 3533 At
300 3490 414 3553 quid
440 3491 532 3540 hoc
559 3509 808 3543 commune
827 3493 969 3543 habet
993 3511 1103 3544 cum

92 3583 197 3614 vera
218 3569 490 3620 certitudine
507 3589 586 3622 seu
605 3574 796 3641 physica
816 3593 896 3625 seu
916 3575 1103 3635 morali,

91 3664 182 3712 qua
208 3647 452 3700 theoretice
467 3687 484 3714 ‚
518 3665 563 3703 et
592 3660 720 3705 omni
739 3656 888 3707 dubio
902 3668 1102 3718 remoto,

1197 2020 1347 2058 certus
1378 2012 1481 2076 quis
1520 2022 1616 2070 est,
1651 2029 1698 2060 se
1735 2030 1834 2061 rem
1872 2014 2084 2063 sensibus
2121 2018 2215 2064 suis

1195 2094 1280 2140 rite
1310 2092 1540 2157 dispositis
1577 2097 1837 2159 percipere,
1861 2107 1941 2144 aut
1958 2115 1983 2145 a
2001 2097 2094 2145 fide
2113 2099 2214 2164 dig-

1192 2176 1393 2223 nissimis
1439 2176 1630 2224 testibus
1667 2180 1906 2242 accipere,
1944 2198 2130 2246 quaque
2163 2185 2215 2230 in

1192 2275 1243 2305 ea
1283 2257 1513 2306 evidentia
1552 2261 1646 2307 sive
1690 2261 1878 2325 physica
1918 2265 2013 2311 sive
2050 2266 2214 2314 morali

1190 2340 1420 2388 tutissime
1448 2336 1766 2405 conquiescit?

1259 2420 1327 2484 (1)
1365 2420 1438 2481 En
1471 2421 1817 2472 hermesianum
1854 2428 2092 2474 criterium
2131 2445 2214 2492 pro

1189 2506 1461 2552 auctoritate
1501 2504 1719 2555 historica
1738 2545 1753 2564 ‚
1794 2525 1877 2572 pro
1924 2509 2004 2557 illa
2043 2510 2217 2560 scilicet

1188 2590 1489 2645 auctoritate,
1522 2590 1598 2636 cui
1626 2594 1721 2637 tota
1741 2590 1932 2653 posthac
1962 2593 2100 2639 inniti
2129 2592 2214 2642 de-

1187 2667 1266 2717 bet
1284 2669 1614 2719 demonstratio
1641 2670 1895 2736 Religionis
1927 2673 2216 2723 christianae.

1198 2738 1474 2802 Tlieoretice
1493 2788 1509 2813 ,
1542 2757 1602 2802 ait
1637 2754 1904 2804 Hermesius
1923 2792 1938 2816 ,
1974 2757 2032 2805 de
2063 2760 2215 2806 omnis

1187 2833 1383 2883 historiae
1437 2839 1684 2886 veracitate
1742 2836 2056 2887 dubitandum
2111 2851 2216 2902 est,

1181 2919 1397 2984 practice
1417 2931 1572 2968 tamen
1590 2921 1876 2969 admittenda
1895 2959 1909 2980 ‚
1939 2924 1975 2970 si
2006 2921 2214 2972 officium

1188 3001 1360 3050 morale
1396 2999 1640 3067 obstringit
1670 3004 1726 3051 ad
1763 3006 2096 3067 experientiam
2126 3023 2214 3054 an-

1188 3084 1413 3148 tiquitatis
1431 3085 1777 3133 consulendam.
1808 3085 1954 3151 Ergo,
1976 3089 2058 3151 qui
2082 3087 2213 3136 nullo

1187 3165 1416 3230 ejusmodi
1448 3175 1631 3215 tenetur
1660 3167 1811 3216 officio
1832 3205 1845 3227 ‚
1879 3168 2064 3216 nullum
2092 3169 2211 3218 vali·

1186 3246 1299 3295 dum
1327 3250 1553 3296 motivum
1587 3249 1812 3310 haberet,
1858 3250 1984 3299 unde
2027 3269 2102 3321 ex.
2140 3270 2209 3316 gr.

1187 3347 1425 3394 persuasus
1468 3341 1618 3393 esset,
1666 3331 1891 3381 Coesarem
1933 3332 2043 3380 olim
2083 3336 2203 3382 exti-

1186 3413 1325 3475 tisse3
1367 3429 1474 3477 ergo
1510 3413 1689 3462 nullam
1729 3413 1996 3465 theoreticae
2038 3419 2209 3467 rationi

1184 3495 1272 3558 ipsi
1314 3496 1410 3542 vim
1451 3495 1673 3557 inferret,
1724 3499 1761 3545 si
1803 3495 1893 3547 hoc
1925 3498 2210 3563 denegaret?

1185 3575 1345 3626 Cetera
1372 3577 1581 3625 inferius.
