2502 4134
275 135 397 194 274

906 149 1102 187 TRAc‘r.
1155 152 1220 186 DE
1267 150 1414 188 LOCIS
1463 153 1837 192 THEOLOGICIS.

279 300 461 359 venit.
509 299 641 356 Non
690 293 929 352 aliunde
963 314 1126 351 suam
1164 291 1289 351 haec
1329 293 1616 372 originem
1646 296 1822 356 traxit
1858 299 2187 379 persuasi07
2233 321 2409 380 quam

274 395 348 455 ab
386 390 658 453 inanibus
697 386 1005 447 timoribus
1046 390 1342 469 conceptis
1386 409 1459 472 ex
1507 388 1792 451 desiderio
1834 392 2094 453 favorem
2139 394 2409 455 divinum

276 485 584 549 obtinendi
606 530 622 558 ,
648 488 811 560 cujus
836 483 1196 542 intentiones
1211 494 1413 564 postea
1428 481 1502 543 ab
1517 485 1868 567 antiquitate
1884 501 2232 550 consecratae
2248 501 2404 550 sunt.

275 585 549 644 Ceterum
580 579 730 639 nihil
770 579 931 639 aliud
959 578 1305 638 traditiones
1329 590 1469 637 sunt
1492 592 1703 662 praeter
1732 603 1910 663 quam
1931 588 2223 663 practicae
2243 588 2411 645 aber-

273 682 539 738 rationes
571 698 602 735 a
627 675 884 758 puritate
906 687 969 735 et
993 674 1330 754 integritate
1346 673 1747 762 doctrinarum
1766 676 2216 739 christianarum
2232 726 2249 755 ,
2283 702 2411 763 quae

274 773 513 834 labente
559 783 827 853 tempore
869 771 1303 831 incrementum
1350 770 1701 852 accipientes
1735 772 2166 834 constituerunt
2193 781 2410 856 papis·

275 891 445 929 mum
491 872 562 927 in
592 869 878 927 deteriori
909 868 1471 946 tenebricosiorique
1488 871 1698 946 forma
1728 869 1839 950 (l).
1871 870 2036 953 Ergo.

354 964 498 1024 409.
548 966 721 1046 Resp.
771 963 922 1044 Ney.
961 961 1110 1021 illud
1149 963 1463 1045 consequi,
1507 963 1666 1046 quod
1716 964 2082 1025 adversarius
2116 978 2402 1028 autumat.

275 1061 470 1121 Posito
492 1061 652 1119 enirn
674 1104 690 1134 7
715 1058 874 1142 quod
900 1058 1166 1117 Christus
1184 1057 1607 1118 revelationem
1637 1080 1801 1119 suam
1823 1059 1900 1120 ad
1926 1060 2194 1122 homines
2214 1074 2410 1124 trans-

275 1159 512 1218 mittere
552 1156 877 1216 decreverit
925 1155 1143 1238 partim
1193 1155 1422 1236 scriptis
1449 1157 1667 1238 partim
1715 1158 1840 1216 viva
1868 1178 2046 1232 voce,
2078 1159 2258 1240 ipsius
2282 1162 2403 1237 jam

274 1266 398 1314 erat
426 1275 557 1313 eam
591 1253 993 1334 incorruptam
1033 1272 1269 1310 servare
1290 1297 1305 1323 ,
1356 1262 1486 1310 tum
1524 1252 1739 1312 scilicet
1776 1274 1906 1312 eam
1939 1265 2167 1336 partem
2187 1300 2201 1329 ,
2231 1275 2421 1338 quamx

276 1349 508 1432 scriptis
544 1348 835 1408 committi
883 1346 1104 1420 voluit,
1154 1357 1281 1404 tum
1317 1367 1480 1421 eam,
1523 1369 1701 1429 quam
1745 1348 1927 1409 voluit
1966 1360 2238 1410 oretenus
2269 1356 2411 1434 pro'-

271 1446 487 1529 pagari.
521 1447 642 1505 Deo
675 1445 836 1504 enim
861 1442 1119 1503 alterum
1161 1442 1346 1501 altero
1376 1441 1665 1502 difficilius
1702 1466 1823 1504 non
1858 1455 1964 1504 est.
2008 1447 2245 1506 Fatetur
2268 1469 2407 1506 sane

271 1541 665 1617 adversarius,
697 1540 799 1599 Dei
829 1538 1091 1622 prodigio
1127 1539 1347 1598 factum
1384 1560 1508 1598 esse
1531 1585 1547 1613 .,
1594 1551 1659 1597 ut
1689 1540 2000 1622 Scripturae
2044 1561 2218 1601 sacrae
2247 1543 2403 1602 inte-

273 1658 389 1718 grae
412 1646 903 1696 conservarentur
922 1660 938 1707 ς
965 1634 1257 1714 curigitur
1277 1633 1504 1693 efficere
1532 1638 1680 1694 Deus
1696 1637 2027 1717 nequiverit
2045 1682 2060 1710 7
2083 1648 2148 1695 ut
2171 1638 2408 1718 integrae

271 1734 491 1814 pariter
524 1741 905 1792 servarentur
937 1729 1306 1788 Traditiones
1341 1728 1482 1809 (2)?

276 2012 419 2070 titur,
456 2009 581 2074 quod
620 2007 743 2054 hanc
779 2009 1078 2054 assertionem
1114 2006 1308 2054 audive-

276 2093 335 2138 rit
354 2094 402 2137 in
423 2090 602 2137 ambitu
620 2091 718 2153 ipso
736 2087 958 2135 Ecclesiae
987 2103 1079 2134 suae
1110 2086 1307 2151 (anyto-

277 2170 523 2219 catholicoe
539 2171 561 2218 .’
578 2171 594 2233 )

349 2255 414 2320 (l)
456 2254 578 2301 lbid.
609 2269 712 2317 pag.
754 2253 850 2318 39,
891 2249 977 2314 40.

346 2337 413 2400 (2)
453 2336 566 2400 Pag.
616 2334 699 2401 39.
741 2334 833 2382 Sed
882 2342 1058 2398 praestat
1097 2333 1305 2382 refellere

278 2417 611 2468 Shuttleworth
640 2416 790 2464 verbis
822 2417 934 2481 ipsis
969 2416 1167 2463 auctoris
1208 2432 1302 2461 non

279 2502 508 2566 suspecti,
534 2502 727 2566 ejusque
758 2498 973 2564 collegae,
1008 2484 1177 2565 nempe
1197 2496 1303 2544 Pal-

283 2586 416 2633 merii
438 2621 451 2642 ‚
489 2584 570 2649 qui
601 2583 651 2628 in
682 2590 879 2628 tractatu
904 2583 986 2628 cit.
1027 2579 1103 2627 De
1132 2578 1303 2627 Eccle-

280 2668 382 2727 sia,
419 2666 510 2712 vol.
536 2678 574 2711 ιι
595 2700 608 2722 ,
643 2673 764 2728 part.
789 2679 868 2723 m,
892 2678 991 2726 cap.
1023 2679 1039 2709 1
1063 2699 1076 2720 ‚
1104 2680 1210 2727 pag.
1243 2677 1305 2710 20

280 2757 326 2796 et
363 2763 496 2814 seqq.
537 2764 646 2795 cum
687 2746 775 2793 sibi
817 2747 1128 2810 proposuisset
1163 2762 1303 2810 argu-

282 2839 495 2879 mentum
529 2846 587 2878 ex
616 2828 965 2894 insufficientia
986 2828 1301 2890 traditionis,

212 2904 222 2911 “
282 2913 440 2962 scribit
471 2929 485 2961 ε
519 2910 662 2960 Alias
690 2911 959 2977 oppositum
993 2911 1123 2974 suit,
1151 2911 1304 2959 tradi-

282 2997 460 3043 tionem
498 3011 597 3042 non
637 2995 867 3060 scriptam
907 2994 1165 3042 obnoxiam
1210 3011 1307 3042 esse

282 3080 614 3143 corruptioni,
653 3095 711 3126 ac
750 3076 1065 3144 improbabile
1105 3081 1306 3126 omnino

282 3175 411 3215 esse,
452 3158 578 3223 quod
614 3159 751 3208 Deus
783 3158 988 3208 voluerit
1016 3163 1306 3208 committere

284 3242 622 3291 revelationem
654 3260 793 3291 suam
821 3244 958 3292 modo
984 3243 1100 3292 adeo
1123 3246 1305 3292 incerto

282 3328 683 3375 transmissionis.
743 3328 1008 3395 Respondet
1075 3340 1225 3377 autem
1288 3349 1301 3377 ε

283 3408 546 3474 Equidem,
579 3412 626 3456 si
660 3411 858 3460 traditio
888 3412 1156 3460 christiana
1190 3422 1307 3460 esset

283 3492 482 3540 omnino
506 3507 603 3539 non
622 3494 829 3558 scripta,
861 3494 916 3541 id
932 3503 1026 3552 est,
1048 3495 1095 3541 si
1122 3496 1306 3559 scripta

284 3590 382 3622 non
414 3575 659 3640 inspirata
700 3591 798 3622 non
835 3584 1157 3641 superessent,
1200 3594 1306 3640 quoe

281 3655 566 3721 sufficienter
593 3664 821 3705 testentur
845 3657 1165 3707 universalem
1179 3659 1306 3708 chri-

1392 2008 1660 2054 stianorum
1690 2006 1835 2069 fidem
1860 2007 1921 2055 ab
1945 2015 2081 2055 oetate
2116 2007 2374 2074 apostolica
2389 2045 2405 2071 ‚

1391 2086 1525 2133 haud
1543 2104 1666 2151 aeqre
1685 2087 1881 2145 admitti
1892 2098 2075 2153 posset,
2098 2089 2408 2138 traditionem

1390 2171 1540 2220 solam
1578 2173 1684 2236 fore
1710 2173 2041 2238 probationem
2070 2175 2306 2223 incertam
2333 2174 2414 2222 do-

1389 2257 1560 2302 ctrinoe
1603 2255 1907 2303 christianae.
1942 2255 2037 2302 Ast
2077 2271 2175 2302 non
2222 2255 2415 2304 videtur

1389 2335 1487 2383 ulla
1522 2338 1738 2384 inveniri
1768 2336 2134 2401 impossibilitas
2167 2354 2198 2386 a
2231 2346 2413 2387 natura

1389 2418 1690 2476 traditionis,
1724 2421 1847 2484 quod
1872 2419 2050 2484 aliqum
2080 2422 2302 2469 veritates
2337 2439 2411 2470 re-

1389 2501 1553 2550 velatae
1577 2505 1830 2567 potuerint
1852 2502 1984 2550 illius
2009 2519 2096 2570 ope
2120 2506 2410 2566 transmitti,

1389 2583 1574 2631 divinoe
1608 2587 1780 2649 qratia.»
1808 2585 2047 2635 subsidio.
2071 2583 2230 2648 Sane,
2258 2586 2304 2634 si
2328 2603 2415 2635 nos

1391 2668 1666 2715 insistimus
1694 2668 2041 2716 incertitudini
2057 2667 2340 2718 traditionis
2358 2671 2415 2718 in

1387 2765 1559 2813 qenere
1575 2784 1592 2810 ,
1615 2759 1769 2816 potest
1794 2750 1849 2798 id
1875 2753 2231 2799 consecutiones
2242 2768 2415 2817 parere

1388 2830 1525 2878 valde
1555 2849 1727 2896 qraves
1746 2869 1758 2890 ,
1805 2835 2036 2897 qnoniam
2071 2834 2414 2881 authenticitas

1389 2921 1437 2962 et
1463 2916 1749 2978 qenuinitas
1773 2932 1873 2965 sac.
1895 2916 2162 2982 Scripturas
2183 2915 2413 2964 librorum

1390 2998 1674 3044 innituntur
1693 2999 1905 3057 (tandem
1923 2998 2177 3064 aliquando
2202 2999 2410 3064 fatetur),

1391 3081 1445 3126 in
1475 3078 1632 3145 qradu
1659 3078 1792 3126 haud
1814 3096 1996 3146 parum
2025 3080 2252 3138 notabili,
2283 3084 2413 3131 testi-

1392 3164 1555 3210 monio
1581 3161 1861 3210 traditionis
1878 3164 2165 3230 primitivae.
2189 3161 2253 3211 Id
2282 3181 2411 3212 asse-

1392 3247 1523 3292 ritur
1542 3245 1602 3293 ab
1628 3243 1849 3292 Hookero
1865 3282 1882 3307 ,
1925 3245 2009 3294 W
2006 3245 2215 3309 itokero,
2251 3248 2413 3297 Lard·

1391 3345 1535 3387 nero,
1579 3328 1788 3393 Pakyo,
1824 3340 1913 3378 etc.
1949 3340 2037 3378 etc.
2054 3349 2073 3390 ‚-
2103 3341 2147 3378 et
2179 3350 2285 3398 pag.
2323 3329 2410 3395 48.

1391 3407 1454 3460 Si
1485 3412 1813 3459 testimonium
1849 3414 2219 3477 primitivorum
2258 3414 2414 3463 docto-

1392 3512 1501 3542 rum
1530 3495 1907 3543 christianorum
1935 3499 1990 3544 in
2016 3497 2105 3546 hac
2116 3498 2413 3563 factiquoes-

1390 3580 1520 3625 tione
1559 3578 1780 3644 rejicitur
1799 3617 1813 3638 ‚
1865 3589 2073 3628 externas
2104 3580 2412 3646 probationes

1393 3661 1675 3709 christianas
1706 3661 1968 3726 reliqionis
1988 3662 2323 3713 destruuntur.
