2502 4134
180 165 217 221 4
794 184 990 224 TRACT.
1038 187 1107 223 DE
1152 186 1305 225 roms
1349 185 1729 227 muctoemls,

1055 349 1353 418 PARTIS
1399 349 1464 418 ΙΙ

991 508 1259 569 SECTIO
1303 509 1553 570 PRIOR.

955 673 1028 716 DE
1057 673 1235 717 SACRA
1263 674 1582 716 SCRIPTURA.
1667 677 1671 678 ⁷

270 811 331 870 6.
378 810 588 870 Sacroe
620 811 963 890 Scripturoe
991 810 1236 870 nomine
1273 811 1679 890 significantur
1707 830 1917 873 omnes
1944 822 2004 873 et
2032 811 2139 875 soli
2168 813 2305 876 libri
2324 866 2341 894 ,

187 929 333 991 quos
368 905 620 967 Ecclesia
667 904 848 964 habet
890 906 979 964 uti
1022 904 1309 966 divinitus
1347 905 1666 988 inspiratos
1694 950 1710 982 ,
1753 917 1813 965 et
1853 906 1918 964 in
1959 929 2202 971 censum
2243 935 2345 975 seu

188 1024 478 1063 canonem
503 1023 678 1061 suum
708 1000 913 1060 retulit
932 1047 948 1076 ,
981 1001 1374 1084 omnibusque
1410 1001 1686 1062 fidelibus
1714 1013 1781 1061 ut
1811 1002 2180 1067 authenticos
2201 1053 2218 1084 7
2251 1032 2346 1092 ge-

186 1099 402 1160 nuinos
433 1109 492 1159 et
524 1098 748 1181 Spiritu
772 1099 987 1158 Sancto
1027 1098 1265 1159 afflante
1302 1099 1664 1181 conscriptos
1696 1098 1974 1176 exhibet,
2009 1113 2218 1185 utpote
2246 1110 2346 1187 qui

184 1197 295 1256 Dei
322 1194 574 1258 verbum
600 1215 725 1277 prae
749 1216 811 1254 se
841 1194 1056 1254 serant.
1082 1197 1164 1254 Ex
1191 1194 1303 1255 hac
1325 1196 1572 1256 notione
1601 1194 1986 1277 intelligimus
2006 1243 2022 1273 7
2049 1199 2348 1279 agendum

188 1315 221 1353 a
259 1291 433 1353 nobis
481 1313 607 1352 esse
655 1291 729 1350 de
775 1311 1076 1351 sacrorum
1124 1290 1449 1352 Bibliorum
1493 1298 1939 1367 canonicitate,
1986 1306 2054 1354 ut
2093 1310 2344 1373 vocant,

189 1409 514 1472 eorumque
552 1387 760 1450 divina
803 1388 1215 1470 inspiratione.
1270 1390 1421 1449 Cum
1461 1411 1604 1451 vero
1650 1392 2055 1452 Protestantes
2095 1406 2348 1455 conten-

191 1487 375 1562 dant,
414 1507 639 1546 sacram
676 1484 1043 1567 Scripturam
1079 1485 1449 1568 adaequatam
1486 1497 1548 1547 et
1582 1488 1921 1569 proximam
1949 1510 2074 1550 esse
2109 1490 2350 1551 creden-

193 1584 406 1644 dorum
444 1580 709 1664 regulam
732 1626 748 1656 a
791 1581 976 1641 immo
1014 1593 1073 1643 et
1107 1583 1646 1646 controversiarum
1675 1582 1813 1644 fidei
1834 1583 2096 1663 judicem
2118 1632 2135 1663 ‚
2172 1599 2351 1670 prout

194 1704 226 1742 a
276 1681 490 1764 spiritu
546 1680 1010 1761 uniuscujusque
1064 1680 1299 1763 prIVato
1359 1690 1462 1740 aut
1515 1680 1799 1741 interiore
1854 1681 2107 1764 Spiritus
2165 1684 2361 1744 Sancti

196 1777 398 1837 afflatu
427 1785 486 1836 et
516 1773 776 1858 impulsu
813 1774 1141 1854 subJectivo
1175 1777 1530 1859 exponitur-3
1568 1777 1703 1838 ideo
1733 1778 2176 1840 ostendendum
2203 1802 2360 1863 prae-

195 1885 358 1932 terea
404 1870 575 1933 nobis
622 1882 750 1946 est,
803 1871 1169 1954 Scripturam
1212 1893 1438 1933 sacram
1475 1895 1672 1957 neque
1712 1873 1979 1955 regulam
2025 1878 2362 1957 proximam

196 1982 257 2031 et
309 1968 680 2053 adaequatam
731 1967 870 2028 fidei
923 1989 1048 2029 esse
1099 1992 1314 2052 posse,
1363 1991 1561 2053 neque
1609 1970 1793 2031 alium
1849 1971 2184 2052 legitimum
2237 1977 2360 2051 ejus

194 2067 586 2148 interpretem
619 2085 745 2125 esse
781 2064 898 2124 nisi
937 2065 1124 2125 solam
1155 2060 1491 2126 Ecclesiam.
1524 2068 1629 2127 His
1660 2066 1988 2146 adjicienda
2023 2080 2163 2128 sunt
2183 2115 2199 2144 ,
2232 2089 2361 2150 quae

195 2162 273 2223 ad
308 2161 575 2242 ejusdem
608 2160 922 2244 Scripturae
959 2163 1251 2243 exegesim
1272 2208 1289 2239 ,
1326 2163 1627 2225 versiones
1649 2209 1665 2239 ,
1702 2162 2023 2224 lectionem
2048 2176 2355 2247 spectant,

194 2282 316 2319 non
349 2259 550 2318 omnia
583 2256 686 2318 sed
713 2278 899 2340 pauca
934 2256 1253 2319 delibando
1278 2305 1294 2336 ,
1330 2270 1508 2343 prout
1538 2259 1986 2343 praelectionum
2013 2273 2357 2321 nostrarum

193 2355 456 2439 postulat
500 2354 672 2416 ratio·
715 2355 852 2414 Haec
889 2356 1052 2416 enim
1095 2357 1440 2439 professoris
1482 2378 1782 2417 sacrarum
1823 2359 2178 2419 Litterarum
2217 2380 2359 2439 pro-

195 2453 391 2513 vincia
426 2463 546 2527 est,
584 2451 684 2534 qui
720 2475 791 2512 ex
822 2452 1118 2536 professo,
1153 2464 1219 2512 ut
1254 2453 1422 2513 aiunt
1443 2499 1459 2529 a
1491 2452 1565 2513 de
1596 2454 1954 2534 gravissimis
1991 2453 2149 2514 hisce
2182 2474 2357 2532 argu·

197 2550 416 2609 mentis
454 2560 797 2630 pertractat.
832 2549 1137 2610 Distinctis
1181 2549 1507 2632 capitibuS,
1542 2570 1671 2631 quae
1708 2549 1804 2608 hic
1839 2548 2352 2623 enumeravimuS‚

196 2666 645 2728 persequemur.

1108 2808 1353 2870 CAPUT
1396 2811 1439 2869 Ι.

485 2994 557 3033 ΒΕ
599 2994 904 3034 SACRORUM
949 2992 1237 3034 mmmmm
1282 2995 1509 3034 CANONE
1553 2996 1621 3032 ΕΤ
1666 2995 2085 3039 AUCTORITATE.

274 3136 335 3195 7.
384 3140 564 3195 Κανὼν
615 3157 832 3217 graece,
886 3135 1070 3198 latine
1119 3139 1328 3218 requla
1350 3181 1374 3210 ,
1416 3136 1511 3195 hic
1561 3138 1814 3197 sumitur
1866 3161 1976 3220 pro
2027 3159 2206 3198 censu
2254 3160 2355 3199 seu

197 3231 459 3315 catalogo
490 3232 781 3293 librorum
804 3279 819 3309 7
855 3256 1001 3316 quos
1038 3233 1287 3293 Ecclesia
1328 3233 1417 3293 uti
1456 3255 1646 3293 sacros
1682 3246 1743 3293 et
1777 3234 2043 3310 divinos7
2080 3257 2147 3294 ac
2180 3252 2356 3316 prop·

197 3341 356 3390 terea
392 3331 482 3389 uti
524 3331 893 3392 authenticos
932 3329 1113 3391 habet
1145 3330 1255 3413 (l).
1297 3332 1377 3390 Ex
1413 3330 1503 3390 his
1542 3329 1706 3389 libris
1739 3330 1837 3390 alii
1867 3343 2005 3392 ante
2027 3377 2043 3407 ‚
2087 3330 2185 3391 alii
2224 3342 2357 3413 post

259 3509 324 3573 (l)
365 3509 528 3559 Talem
553 3510 667 3559 huic
697 3513 797 3560 voci
830 3512 979 3560 inesse
1004 3528 1221 3571 sensum,
1308 3509 1583 3574 Bullinum,
1612 3510 1697 3559 lib.
1730 3526 1766 3558 11
1787 3547 1800 3571 ‚
1840 3529 1891 3560 n.
1943 3507 2009 3558 26
2046 3511 2188 3574 (edit.
2237 3512 2350 3561 val-

189 3611 246 3642 ex
288 3594 492 3661 antiquis
541 3595 684 3643 etiam
721 3594 1022 3660 scriptoribus
1056 3593 1222 3661 liquet.
1309 3593 1452 3654 lars.)
1482 3610 1496 3641 ε
1523 3589 1594 3640 In
1631 3591 1796 3650 libris,
1836 3595 2020 3660 inquit,
2062 3590 2267 3644 Samuel
2303 3605 2348 3642 et

194 3675 314 3728 Nam
337 3678 545 3731 scribens
565 3675 614 3727 S.
637 3677 955 3745 Hieronymus
977 3678 1226 3731 adversum
1310 3675 1588 3727 Malao-him
1604 3714 1619 3735 ,
1652 3694 1769 3744 quos
1808 3694 1895 3726 nos
1927 3694 2190 3743 reynerum
2226 3695 2348 3743 qua-
