2502 4134
308 172 427 231 514

912 185 1112 224 TRACT.
1161 188 1230 224 DE
1275 187 1429 226 mols
1471 189 1857 232 'rnnomclcts-

308 333 562 397 excitati.
606 329 759 389 Hinc
802 328 1054 388 Romani
1108 327 1452 401 PontificeS,
1491 329 1674 410 ipsius
1722 331 1861 393 fidei
1912 334 2183 397 custodes
2216 356 2281 395 ac
2325 336 2457 396 vin-

308 432 491 503 diceS,
534 426 616 485 nil
668 445 930 505 unquam
976 422 1316 483 habuerunt
1365 424 1700 506 antiquius,
1754 448 1933 509 quam
1981 452 2100 492 una
2155 452 2289 490 cum
2323 431 2458 491 fidei

305 528 503 588 amore
553 521 745 582 studia
790 520 1119 579 litterarum
1163 520 1666 603 scientiarumque
1706 521 1926 605 ubique
1975 524 2212 600 fovere..
2259 538 2456 588 vetera

301 626 540 684 illarum
590 630 976 679 monumenta
1025 616 1287 678 studiose
1330 617 1603 701 colligere
1650 640 1716 679 ac
1764 620 1923 681 inter
1975 633 2064 681 tot
2111 634 2451 706 temporum

302 721 496 783 clades
522 737 790 790 servare,
833 714 1155 797 sedemque
1196 737 1364 775 suam
1404 737 1528 775 non
1564 716 1740 775 modo
1780 717 2096 798 Religionis
2136 730 2407 781 centrum
2435 766 2450 795 a

304 818 407 879 sed
445 817 624 876 etiam
659 812 954 873 bonarum
1001 811 1219 870 artium
1272 832 1338 870 ac
1373 810 1820 893 disciplinarum
1860 813 2043 874 veluti
2092 812 2457 876 domicilium

308 914 540 975 efficere
566 911 681 992 (1).

383 1010 526 1069 257.
575 1009 855 1086 Magnum
882 1025 1022 1063 vero
1058 1003 1152 1063 hic
1187 1004 1263 1063 ad
1299 1025 1427 1063 rem
1455 1002 1813 1063 firmandam
1840 1004 2023 1064 robur
2056 1004 2368 1067 accederet
2386 1028 2459 1068 ex

306 1106 504 1168 tabula
536 1102 940 1185 comparativa
984 1121 1435 1182 progressuum,
1478 1121 1624 1182 quos
1663 1101 1726 1158 in
1774 1099 2221 1183 disciplinarum
2250 1101 2459 1162 studiis

303 1205 567 1263 humana
604 1200 742 1261 fecit
774 1198 1020 1258 societas
1044 1208 1185 1257 ante
1212 1208 1274 1256 et
1311 1207 1446 1278 post
1483 1194 1819 1257 christianae
1844 1197 1984 1257 fidei
2010 1209 2244 1273 ortum3
2272 1198 2462 1259 scien-

316 1301 531 1359 tiarum
563 1289 777 1356 ite'rum
822 1305 1009 1353 status
1047 1292 1163 1352 illis
1190 1292 1252 1351 in
1293 1290 1667 1373 regionibus7
1708 1294 1771 1351 in
1819 1293 2033 1375 quibus
2082 1294 2268 1375 viguit:
2314 1293 2462 1356 olim

375 1550 440 1615 (l)
480 1548 594 1616 Quis
636 1564 770 1613 porro
818 1556 967 1610 posset
1005 1554 1071 1592 tot
1114 1554 1337 1608 tantaque

303 1634 507 1682 Roman.
541 1629 819 1677 Pontificum
855 1630 907 1675 in
943 1629 1116 1692 optima
1142 1642 1338 1691 quaeque

305 1716 456 1766 studia
500 1724 545 1763 et
585 1723 703 1761 artes
746 1711 995 1777 promerita
1031 1709 1337 1774 percensere?

307 1799 429 1850 Satis
447 1799 527 1847 hic
543 1806 658 1846 esset
675 1780 1044 1844 commemorare
1062 1827 1078 1850 ‚
1114 1789 1342 1840 celebrio-

307 1901 381 1933 res
409 1891 551 1947 atque
579 1879 856 1927 illustriores
884 1875 1081 1940 Europae
1110 1873 1339 1922 universi·

308 1975 424 2015 tates
464 1964 655 2012 nonnisi
696 1978 751 2009 ex
796 1959 1056 2020 sententia,
1101 1956 1261 2004 favore
1298 1964 1344 2003 et

309 2066 498 2099 assensu
521 2045 725 2094 Roman.
757 2041 1043 2091 Pontificum
1068 2040 1208 2088 fuisse
1228 2055 1340 2086 con-

310 2133 511 2180 stitutas.
530 2125 579 2177 Si
599 2130 704 2195 quis
723 2125 916 2193 aliquod
936 2120 1082 2190 hujus
1106 2124 1173 2171 rei
1199 2119 1346 2188 speci-

310 2232 420 2263 men
436 2211 687 2270 desiderat,
706 2209 913 2258 conferat
928 2209 1187 2255 orationem
1201 2208 1341 2253 inau-

314 2297 523 2364 guralem
543 2293 755 2343 habitam
776 2292 851 2340 die
869 2289 901 2353 4
916 2290 1036 2338 Nov.
1053 2306 1168 2337 ann.
1195 2284 1343 2349 1834,

313 2385 363 2429 in
382 2379 681 2427 universitate
695 2373 919 2424 catholica
939 2372 1215 2421 Lovaniensi
1235 2381 1350 2418 tunc

313 2467 484 2511 iterum
510 2463 791 2517 instaurata,
821 2457 905 2504 ubi
937 2455 1072 2520 plura
1102 2453 1349 2517 diligenter

315 2545 507 2595 collecta
527 2545 759 2597 inveniet,
787 2536 987 2588 Annali
1016 2535 1133 2587 delle
1158 2537 1350 2584 sciense

314 2627 566 2693 reliqiose,
602 2624 699 2673 vol.
733 2641 782 2683 1,
813 2640 865 2671 n.
910 2638 926 2669 ι
954 2638 969 2682 3
998 2619 1312 2684 Contingium
1332 2656 1345 2677 ‚

316 2709 389 2761 De
427 2711 659 2775 antiquit.
701 2706 1026 2762 academicis,
1063 2705 1251 2752 dissert.
1283 2718 1309 2769 7
1332 2739 1345 2762 ,

317 2794 521 2858 Gotting.
565 2792 727 2859 17393
767 2789 1018 2854 Georgium
1049 2786 1347 2854 Hagelgans‚

323 2879 475 2928 Orbis
498 2878 740 2926 litteratus
772 2873 1109 2934 academicus,
1132 2871 1349 2941 Francof.

318 2963 374 3011 ad
394 2962 599 3010 Maenum
636 2960 763 3025 1737
781 2974 796 3020 3
817 2955 1086 3020 Christoph.
1114 2954 1347 3011 Heium-s,

325 3044 608 3095 Geschichte
638 3044 724 3092 der
753 3039 1088 3105 Entstchunq,
1124 3049 1238 3099 etc.‚
1273 3056 1352 3087 seu

320 3128 543 3179 Historia
567 3126 827 3176 erectionis
849 3133 895 3172 et
911 3139 1196 3189 proqressus
1210 3121 1349 3170 scho-

316 3210 474 3261 larum
503 3210 761 3269 altiorum,
790 3218 882 3257 etc.
915 3205 1104 3272 Gotting
1134 3202 1354 3267 1802·5;

320 3296 534 3360 quamvis
568 3291 817 3343 acatholici
849 3292 1015 3339 merita
1052 3287 1194 3338 Rom.
1232 3286 1355 3337 Pon-

320 3377 500 3425 tificum
537 3378 587 3424 in
627 3375 899 3424 litterariam
941 3390 1042 3421 rem
1087 3373 1351 3420 nniversam

322 3461 516 3510 minime
546 3460 837 3508 inficiantur.
856 3457 993 3524 Quod
1011 3460 1050 3505 si
1067 3456 1228 3505 Romae
1250 3466 1352 3506 tan-

320 3556 421 3593 tum
451 3544 664 3591 sistamus
684 3579 697 3601 ‚
717 3544 896 3590 incensi
917 3540 1057 3606 huius
1068 3538 1349 3588 Pontificum

318 3626 462 3675 studii
490 3635 625 3674 testes
654 3624 1007 3690 locupletissimi
1028 3633 1139 3672 sunt
1156 3621 1350 3687 amplis-

317 3712 445 3758 simae
476 3707 734 3757 bibliotecae
765 3717 957 3765 erectas,
988 3705 1213 3756 Vaticana
1240 3721 1353 3769 pric-

1424 1544 1580 1591 sertim
1617 1580 1629 1601 ‚
1682 1541 1813 1604 (cfr.
1874 1543 2082 1591 Morcelli
2136 1540 2460 1609 Inscription.

1426 1622 1759 1672 Commentar.
1819 1623 2017 1690 subsect.
2074 1624 2234 1673 Romae
2272 1622 2424 1692 ,1783
2448 1665 2460 1684 ‚

1424 1724 1526 1773 cap.
1558 1706 1627 1768 83
1657 1710 1767 1756 item
1802 1707 1951 1755 Fasti
1985 1707 2138 1755 Orbis
2153 1707 2465 1772 chnhtian'ih

1428 1791 1674 1839 academias
1702 1792 1925 1839 institntae
1953 1792 2013 1839 ad
2042 1794 2290 1855 omnigena
2310 1792 2464 1841 studia

1426 1873 1746 1938 promovenda
1764 1873 1888 1936 (cfr.
1918 1872 2123 1923 Renazzi
2137 1910 2151 1933 ‚
2172 1872 2339 1922 Storia
2358 1874 2466 1923 dell'

1428 1956 1700 2005 univer-sita
1767 1956 1898 2021 deqli
1958 1957 2092 2023 studj
2154 1957 2210 2005 di
2271 1957 2422 2007 Roma
2446 1999 2464 2019 ,

1430 2040 1577 2089 Roma
1632 2037 1924 2089 1803·1806
1944 2040 1988 2100 );
2034 2039 2344 2090 monumenta
2388 2060 2467 2107 per

1430 2143 1507 2173 eos
1538 2123 1715 2173 detecta
1740 2135 1784 2173 et
1811 2135 1961 2173 erecta
1978 2123 2190 2184 inurbe,
2218 2124 2277 2172 de
2294 2124 2465 2190 quibus

1430 2209 1522 2257 late
1553 2209 1646 2270 agit
1674 2205 1842 2272 Georg.
1874 2205 2025 2270 Zoega
2057 2207 2134 2267 (in
2167 2223 2247 2271 op.
2272 2203 2342 2254 De
2370 2208 2468 2255 ori—

1430 2292 1545 2357 qine
1583 2298 1629 2338 ee
1663 2306 1758 2337 usu
1791 2288 2034 2337 obeliscor.
2068 2288 2230 2337 Romae
2274 2304 2398 2355 1797
2420 2290 2467 2351 );

1436 2373 1609 2422 Musoea
1641 2373 1833 2422 demum
1851 2411 1864 2433 ‚
1901 2383 1955 2420 ut
1985 2383 2142 2422 caetera
2170 2382 2436 2438 praeteream
2454 2411 2466 2431 ‚

1433 2457 1882 2506 Pio-clementinum
1897 2493 1912 2517 ‚
1930 2456 2132 2505 Pianum
2149 2492 2163 2514 ‚
2186 2474 2244 2504 ae
2263 2455 2469 2522 denique

1434 2536 1767 2606 Gregorianum
1789 2578 1803 2600 ‚
1838 2539 1966 2606 quod
1993 2555 2163 2605 nempe
2190 2540 2468 2588 immortalis

1434 2624 1684 2691 Gregorius
1709 2622 1819 2672 XVI
1853 2625 1903 2671 in
1935 2622 2112 2672 aedibus
2140 2625 2367 2672 vaticanis
2394 2626 2468 2671 in·

1435 2711 1635 2767 struxit,
1673 2706 1883 2773 undique
1921 2709 2196 2773 comparatis
2227 2706 2465 2774 AEgyptio-

1436 2809 1542 2840 rum
1589 2790 1988 2856 Etruscorumque
2045 2791 2364 2839 monumentis
2407 2788 2464 2836 ad

1437 2874 1672 2941 publicam
1712 2873 1978 2922 utilitatem.
2021 2871 2143 2938 Quid
2173 2888 2279 2921 vero
2307 2869 2466 2919 dicen-

1437 2957 1549 3006 dum
1597 2966 1714 3005 esset
1756 2956 1815 3004 de
1862 2955 2032 3004 tabulis
2077 2956 2251 3020 egregie
2287 2955 2423 3018 pictis
2448 2988 2462 3011 ,

1439 3042 1646 3088 nummis
1675 3040 1828 3087 omnis
1854 3040 2063 3104 generis,
2094 3036 2290 3102 aliisque
2321 3037 2465 3083 innu-

1440 3125 1579 3173 meris
1624 3123 1683 3171 ab
1729 3121 1893 3171 iisdem
1940 3118 2243 3170 Pontificibus
2280 3137 2464 3168 summo

1441 3206 1596 3255 studio
1626 3204 1860 3262 collectis,
1895 3201 1955 3252 ad
1982 3201 2111 3251 urbis
2147 3205 2290 3267 ipsius
2318 3213 2364 3251 et
2396 3219 2467 3252 re-

1440 3290 1631 3360 ligionis
1647 3286 2006 3336 ornamentum?
2030 3282 2142 3333 Haec
2165 3286 2322 3334 omnia
2350 3285 2466 3333 alia·
2491 3318 2502 3348 '3

1437 3389 1528 3440 que
1545 3366 1776 3436 ejusmodi
1792 3371 2040 3416 innumera
2052 3365 2333 3416 Pontificum
2351 3382 2465 3432 prae-

1436 3451 1564 3503 clare
1584 3461 1714 3520 gesta
1731 3453 1783 3499 in
1798 3452 1962 3516 quavis
1977 3459 2106 3499 aetate
2123 3466 2227 3515 erga
2255 3451 2465 3498 scientias
2497 3460 2502 3502 ς·

1436 3546 1578 3602 atque
1606 3542 1728 3582 artes
1757 3534 2073 3596 litteratosque
2107 3535 2228 3582 viros
2254 3532 2463 3597 pluribus
2499 3546 2502 3565 ³

1436 3626 1561 3667 certe
1583 3614 1902 3665 voluminibus
1919 3618 2161 3666 exarandis
2180 3617 2462 3665 uberrimam
2486 3619 2489 3622 ’

1436 3711 1631 3766 segetem
1667 3701 2043 3766 suppeditarent.
