2502 4134
250 146 328 208 38

884 167 1080 205 rimor.
1132 168 1199 203 DE
1245 165 1390 203 LOCIS
1433 167 1809 206 THEOLOGICIS.

334 313 435 372 59.
485 309 832 370 Guillelmus
870 309 1095 368 Ocham
1130 329 1238 368 nec
1279 307 1525 367 verbum
1562 309 1672 369 hoc
1710 310 1783 369 de
1820 323 2166 391 argumento
2207 310 2386 372 habet

251 410 316 468 in
352 407 579 486 objecto
619 406 745 466 loco
781 406 891 487 (l).
918 408 1175 487 Lyranus
1210 403 1402 463 verbis
1435 406 1620 466 utitur
1644 409 1702 467 S.
1738 409 2116 488 Hieronymi,
2147 410 2390 470 eodem-

253 527 367 589 que
404 507 467 563 in
504 525 679 563 sensu
716 502 978 585 loquitur
1007 505 1116 582 (2).
1154 502 1373 560 Hornei
1405 504 1809 580 jurisconsulti
1850 527 1995 587 opus
2035 506 2181 565 mihi
2225 527 2388 566 com-

252 620 460 684 parare
505 622 628 658 non
677 602 876 681 potui3
919 611 1013 674 at,
1065 609 1459 679 praeterquam
1507 599 1680 681 quod*
1707 599 1938 660 obscuri
1982 602 2389 680 jurisconsulti

255 696 434 756 seculi
472 698 599 755 XIV
633 697 943 754 auctoritas
974 694 1081 753 hac
1108 695 1169 751 in
1201 704 1368 774 parte
1399 693 1575 752 nimis
1613 696 1818 774 exigua
1846 709 1968 773 est7
2017 719 2088 758 ex
2125 696 2394 777 analogia

251 793 387 853 licet
419 793 706 871 conjicere
726 837 741 866 ἦ
773 791 942 849 illum
980 812 1011 848 a
1046 790 1252 848 ceteris
1281 810 1404 847 non
1441 788 1770 849 dissentire.

338 874 435 948 60.
482 892 638 947 Dum
678 888 913 949 videtur
947 887 1006 945 S.
1054 886 1385 944 Antoninus
1421 907 1544 944 non
1580 886 1754 944 aliam
1792 885 2051 946 tribuere
2086 889 2392 948 auctorita-

253 997 377 1046 tem
402 983 560 1043 tibris
590 982 1163 1043 deutero—canonicis
1194 1003 1374 1061 quam
1404 1002 1558 1055 eam,
1588 1001 1719 1062 quae
1745 980 2081 1041 doctoribus
2113 985 2396 1066 competit

255 1082 551 1155 Ecclesiae7
589 1080 838 1159 intelligi
878 1078 1055 1138 debet
1090 1078 1149 1135 in
1193 1076 1399 1135 ordine
1442 1076 1518 1135 ad
1563 1078 1973 1136 auctoritatem
2010 1079 2396 1139 extrinsecam

257 1191 317 1239 et
344 1179 714 1249 canonicam,
742 1176 1009 1236 nondum
1036 1173 1289 1233 solemni
1318 1172 1576 1233 Ecclesiae
1603 1173 1838 1233 decreto
1872 1173 1984 1232 illis
2014 1174 2177 1232 libris
2206 1174 2400 1234 tribu—

258 1287 415 1350 tamt,
455 1274 763 1334 instructio
798 1274 960 1333 enim
1002 1270 1077 1355 ab
1116 1270 1374 1354 Eugenio
1402 1271 1470 1329 IV
1506 1271 1775 1329 Armenis
1807 1270 1943 1328 data
1978 1281 2096 1343 est7
2131 1270 2401 1330 absoluto

260 1371 518 1432 Concilio
570 1371 928 1430 FlorentinO.
981 1369 1181 1427 Utitur
1241 1376 1440 1425 autem
1496 1365 1690 1425 verbis
1734 1368 1792 1425 S.
1825 1366 2170 1446 Hieronymi
2206 1367 2402 1448 quoad

259 1467 440 1527 libros
466 1468 530 1525 in
558 1487 783 1525 canone
805 1464 1187 1524 Hebraeorum
1214 1483 1336 1520 non
1364 1473 1702 1535 contentos,
1741 1473 1802 1522 et
1834 1463 2147 1543 profitetur
2165 1506 2180 1535 ‚
2203 1461 2401 1520 Eccle-

259 1564 407 1623 siam
445 1563 551 1622 hos
585 1561 764 1621 libros
802 1564 1096 1643 recipere,
1136 1563 1301 1637 juxta
1347 1557 1551 1616 datam
1591 1558 1855 1640 superius
1893 1579 1925 1615 a
1961 1556 2132 1615 nobis
2185 1556 2401 1616 distin—

259 1661 517 1720 ctionem
545 1658 658 1738 (3).

260 1896 367 1944 quw
387 1878 447 1927 ab
465 1875 693 1928 Ecclesia
708 1878 1019 1943 recipiuntur
1030 1892 1050 1936 ,·
1082 1890 1288 1941 quorum

260 1965 443 2011 veritas
463 1963 723 2028 manifesta
745 1972 812 2009 eet
827 1999 839 2018 ‚
857 1959 942 2008 sed
963 1968 1134 2008 auctor
1148 1961 1288 2024 ἑρπο-

260 2050 430 2105 ratur,
460 2053 515 2093 ut
543 2055 612 2094 est
638 2043 1044 2107 Ecclesiasticu8‚
1075 2041 1287 2109 Sapien-

262 2129 358 2191 tia,
380 2128 421 2175 J
420 2128 588 2190 aedith,
609 2129 670 2175 M
673 2128 1010 2176 aclzaboeorum
1026 2164 1039 2187 ‚
1073 2126 1254 2174 Tobiae
1268 2161 1285 2188 ‚

262 2210 462 2261 Pastor.
496 2211 596 2260 Csr.
629 2203 738 2276 opp.
773 2211 886 2259 edit.
921 2209 1105 2259 Venct.·
1135 2207 1288 2271 1600,

260 2302 379 2342 tom.
413 2311 429 2341 1
451 2330 464 2354 ‚
495 2293 577 2342 fol.
610 2294 708 2360 373
732 2330 744 2350 ‚
781 2308 841 2349 2,
873 2290 964 2340 col.
1000 2308 1042 2340 ι.

332 2375 400 2440 (l)
441 2376 627 2425 Etenim
645 2376 929 2424 adversarius
949 2375 1116 2440 allegat
1136 2373 1284 2422 Ocha-

261 2476 425 2519 mum,
460 2456 591 2507 De‘al.
621 2467 740 2522 part.
776 2474 858 2517 ni,
896 2474 998 2522 cap.
1036 2455 1113 2505 16.
1150 2457 1289 2504 Porro

261 2542 329 2590 ibi
355 2542 423 2589 nil
447 2541 535 2589 tale
556 2541 742 2606 legitur.
766 2539 868 2589 Cfr.
887 2541 987 2606 ejus
1010 2556 1149 2603 opera
1170 2539 1290 2587 edita

262 2641 290 2671 a
322 2621 546 2670 Goldasto
574 2625 625 2669 in
650 2622 943 2671 Monarchia
959 2621 1015 2671 S.
1034 2622 1174 2670 Rom.
1192 2623 1289 2667 im-

254 2706 416 2771 perii,
434 2703 647 2752 Francof.
667 2702 815 2766 1614,
842 2715 952 2752 tom.
971 2721 1033 2762 11,
1051 2721 1156 2768 pag.
1170 2701 1288 2766 785.

263 2786 399 2851 Quod
441 2789 478 2834 si
524 2788 575 2833 in
611 2786 700 2833 lib.
741 2803 796 2832 1¹1
820 2824 832 2844 ‚
877 2794 1091 2833 tractatus
1127 2783 1287 2844 tertii,

263 2886 369 2935 cap.
430 2866 521 2929 16,
565 2886 670 2933 pag.
722 2865 824 2930 834
846 2904 858 2926 ,
908 2868 1046 2916 refert
1099 2866 1291 2915 effatum

264 2949 314 3001 S.
349 2951 627 3019 Hieronymi
653 2989 665 3011 ‚
699 2951 937 2999 asserentis
956 2947 1101 2997 libros
1127 2947 1292 2997 Eccle-

263 3033 455 3080 siastici
484 3040 530 3080 et
556 3032 823 3097 Sapientioe
859 3029 952 3095 qui
982 3032 1038 3078 in
1067 3028 1292 3079 Ecclesia

263 3115 329 3164 ad
357 3114 730 3178 aedificationem
760 3114 916 3181 plebia
936 3148 951 3174 ,
979 3130 1080 3161 ‘non
1115 3113 1181 3161 ad
1201 3130 1289 3161 au.-

264 3199 531 3247 ctoritalem
562 3197 987 3246 ecclesiastieorum
1017 3197 1291 3261 doymatum

265 3275 676 3345 confirmandam,
703 3300 754 3330 ac
784 3292 995 3346 praeterea
1014 3282 1217 3330 extendit
1234 3283 1292 3329 ad

263 3366 408 3414 libros
450 3362 588 3414 etiam
638 3365 802 3414 Judith
846 3376 890 3414 et
931 3366 1124 3425 Tobiae,
1165 3366 1291 3431 quod

268 3440 393 3496 dixit'
413 3446 464 3496 S.
496 3447 633 3513 Greg.
665 3447 732 3495 M.
760 3448 818 3495 de
844 3448 976 3495 libris
1002 3446 1291 3495 Machabaeo-

265 3548 371 3579 rum
393 3568 406 3591 ‚
441 3548 539 3579 non
568 3530 627 3578 ad
647 3530 984 3578 detrahendum
1016 3530 1183 3578 horum
1209 3545 1291 3577 vo-

266 3614 503 3663 luminum
519 3615 779 3662 auctoritati
795 3651 807 3672 ,
826 3613 925 3661 haec
939 3612 1292 3679 protulitOcha-

277 3712 383 3745 mus
392 3735 410 3758 ,
435 3696 515 3748 sed
538 3706 590 3746 ut
614 3696 904 3757 ostenderet,
936 3701 1092 3746 minus
1122 3695 1289 3746 efficax

1375 1884 1703 1938 argumentum
1733 1874 1844 1923 inde
1873 1873 2085 1935 desumi,
2121 1874 2302 1923 defectu
2326 1891 2406 1923 ex-

1374 1959 1581 2006 trinsecae
1612 1959 1895 2006 auctoritatis
1915 1995 1928 2018 ,
1961 1974 2041 2006 seu
2071 1957 2292 2006 solemnis
2318 1956 2406 2006 Ec-

1374 2041 1521 2089 clesiae
1546 2042 1712 2107 judicii
1733 2077 1746 2103 ‚
1775 2059 1869 2107 quo
1899 2044 1950 2088 in
1980 2041 2140 2089 album
2174 2041 2404 2088 librorum

1374 2126 1710 2174 canonicorum
1762 2124 2044 2173 referrentur
2062 2161 2076 2182 ‚
2125 2133 2263 2188 prout
2303 2125 2405 2171 ani-

1376 2208 1709 2256 madvertimus
1728 2243 1742 2267 ,
1766 2224 1877 2255 cum
1906 2206 2266 2272 explanaremus
2299 2205 2405 2255 iuo-

1376 2309 1482 2339 rum
1517 2291 1721 2338 duorum
1752 2290 1941 2338 Pati-um
1969 2289 2127 2337 effata.

1441 2373 1512 2436 (2)
1552 2372 1653 2424 cfr.
1677 2375 1728 2419 in
1756 2369 1911 2436 Praef,
1936 2369 2276 2435 saper-librum
2302 2369 2402 2417 To-

1376 2453 1469 2503 biae
1490 2492 1504 2511 ‚
1553 2455 1665 2504 edit.
1724 2454 1875 2520 Lugd.
1938 2452 2066 2521 1590
2093 2491 2106 2514 ‚
2163 2463 2281 2501 tom.
2328 2467 2362 2499 n
2387 2488 2400 2511 ,

1377 2538 1469 2586 col.
1512 2534 1657 2604 1495.

1451 2617 1516 2681 (3)
1553 2617 1724 2665 Scribit
1744 2619 1873 2665 >enim
1890 2651 1903 2676 ,
1927 2616 2018 2663 loc.
2038 2617 2123 2664 cit.
2144 2615 2256 2664 edit.
2280 2614 2405 2680 Lug-

1377 2701 1494 2749 dun.
1522 2697 1651 2748 1586
1673 2734 1688 2761 ,
1721 2709 1839 2747 tom.
1862 2714 1908 2758 ι,
1930 2716 2034 2763 pag.
2054 2695 2119 2748 65
2143 2736 2154 2758 ‚
2187 2699 2245 2747 de
2274 2699 2406 2747 libris

1376 2778 1648 2847 Sapientiae
1684 2787 1731 2829 et
1762 2779 2128 2842 Ecclesiastici,
2154 2799 2271 2849 quos
2297 2782 2405 2847 plu-

1376 2883 1447 2912 res
1470 2864 1736 2913 tribuebant
1761 2863 2021 2913 Salomoni.
2040 2865 2108 2914 De
2124 2869 2274 2931 primo
2294 2883 2401 2915 vero

1377 2948 1576 2996 affirmat
1607 2963 1622 2995 ε
1647 2944 1798 3012 Apud
1818 2946 2052 2996 Hebroeos
2072 2965 2313 3013 nusquam
2337 2957 2406 2996 est

1376 3029 1641 3079 secundum
1688 3028 2086 3095 Hieronymum,
2122 3031 2311 3090 scilicet
2348 3033 2405 3078 in

1377 3129 1577 3161 numero
1611 3111 1998 3161 authenticorum
2034 3111 2286 3161 librorum.
2307 3110 2404 3160 Ad-

1374 3198 1600 3262 jicitvero
1620 3233 1631 3253 ‚
1663 3197 1714 3242 in
1736 3195 1826 3241 hoc
1857 3194 1978 3242 libro
2004 3197 2075 3260 agi
2107 3194 2166 3242 de
2196 3201 2403 3242 tractatu

1377 3277 1662 3327 Judaeomm
1678 3312 1693 3336 ,
1720 3293 1877 3342 quem
1901 3277 2121 3341 fhcerum
2165 3264 2231 3324 ad
2259 3275 2406 3324 Chri-

1377 3372 1503 3411 3tum
1529 3361 1863 3410 occidendum.
1892 3360 2119 3409 Dealtero
2155 3377 2262 3408 vero
2282 3360 2402 3408 scri-

1377 3446 1446 3494 bit
1477 3464 1492 3495 :
1529 3443 1767 3509 Quamvis
1805 3444 1869 3490 eit
1895 3442 2075 3509 plenus
2114 3442 2292 3491 morali
2323 3458 2402 3489 sa-

1371 3529 1568 3595 pientia
1587 3564 1600 3588 ,
1630 3535 1675 3574 et
1703 3526 1810 3574 ideo
1838 3526 1898 3573 ab
1938 3523 2157 3575 Ecclesia
2192 3532 2405 3590 receptus

1379 3610 1445 3660 ad
1470 3608 1722 3674 leyendum
1738 3644 1754 3670 ,
1781 3623 1883 3656 non
1911 3617 2071 3656 tamen
2099 3606 2405 3656 authenticus

1377 3693 1442 3743 ad
1473 3692 1781 3760 probandum
1827 3707 1883 3739 ea
1902 3726 1918 3754 ‚
1961 3708 2069 3757 quw
2107 3691 2310 3740 veniunt
2345 3688 2404 3735 in
