2502 4134
2102 132 2221 191 475

421 156 578 195 PART.
627 158 712 193 111.
758 155 911 194 SECT.
961 159 1000 193 1.
1047 157 1170 194 CAP.
1218 158 1281 192 11.
1330 157 1398 192 ΒΕ
1441 156 1570 192 RA‘r.
1619 153 1735 191 CUM
1781 154 1889 189 Fu).

106 309 328 360 ‚ventus
357 309 416 358 et
437 297 669 376 adjutus
691 344 706 373 ,
741 320 813 358 ex
844 300 1090 381 imperio
1114 297 1430 358 voluntatis
1446 342 1461 371 ,
1495 319 1528 355 a
1552 295 1733 376 gratia
1757 295 1899 353 item
1922 293 2186 355 excitatae
2201 340 2219 370 ‚

112 390 455 454 veritatibus
496 392 774 453 divinitus
800 392 1069 454 revelatis
1093 437 1108 466 ,
1145 391 1221 451 ob
1266 391 1370 450 Dei
1407 391 1586 472 ipsius
1618 388 1932 451 revelantis
1962 390 2220 449 auctori-

104 499 330 560 vtatem3
368 509 482 568 quo
511 489 608 564 fit,
646 499 712 546 ut
753 487 896 548 fides
924 487 1098 569 plane
1133 485 1590 568 supernaturalis
1621 485 1695 543 sit
1728 486 1791 543 10
1814 505 1884 542 ex·
1910 487 2224 563 principio

114 604 242 642 eam
270 583 542 663 gignente
566 628 581 655 7
615 604 828 665 nempe
866 604 937 642 ex
967 581 1182 662 gratia,
1220 601 1346 662 quae
1386 579 1729 661 supervenit
1767 588 2026 648 naturae,
2061 600 2220 660 quae-

113 699 226 758 que
261 699 495 758 prorsus
525 679 772 757 gratuita
805 689 893 736 est
931 677 1144 758 (1);20
1175 698 1248 737 ex
1279 677 1525 754 objecto,
1565 674 1718 755 quod
1750 674 2121 733 constituitur
2153 696 2222 734 ex

114 771 384 831 omnibus
419 783 478 830 et
515 771 648 830 solis
697 770 1071 847 veritatibus,
1113 793 1255 852 quas
1292 773 1444 830 Deus
1487 769 1711 828 homini
1744 769 2067 850 patefacere
2095 769 2224 850 dig-

112 879 284 926 natus
324 878 410 926 est
445 867 616 927 modo
659 866 970 949 peculiari,
1010 866 1083 925 ab
1124 855 1307 948 eoque
1350 866 1524 946 plane
1565 866 1867 939 distinct0‚
1914 886 2030 946 quo
2066 866 2231 953 seipj

111 984 241 1020 sum
270 962 332 1020 in
372 972 596 1021 naturae
633 961 907 1044 operibus
933 962 1304 1035 manifestat3
1349 960 1416 1020 30
1441 982 1512 1034 eat
1539 963 1751 1020 motivo
1765 1004 1788 1031 ,
1826 958 1984 1041 quod
2014 971 2225 1020 vocant

104 1061 362 1138 formale
377 1082 398 1128 ,·
435 1059 708 1140 quodque
749 1059 908 1119 aliud
930 1082 1051 1117 non
1074 1070 1161 1119 est
1193 1070 1294 1117 aut
1316 1079 1439 1118 esse
1485 1069 1678 1139 potest
1708 1078 1884 1138 quam
1913 1056 2016 1116 Dei
2043 1056 2224 1138 ipsius

112 1152 426 1213 revelantis
455 1154 762 1212 auc-toritas
782 1200 800 1228 .,
827 1174 955 1235 quae
983 1152 1231 1215 includit
1247 1173 1538 1211 summam
1564 1157 1686 1230 ejus
1702 1151 2050 1232 sapientiam
2070 1196 2087 1226 ,
2113 1149 2222 1210 bo-

111 1248 356 1308 nitatem
372 1269 436 1308 ac
451 1250 826 1309 veracitatem
847 1294 863 1322 .,
890 1247 1100 1330 quibus
1124 1249 1248 1329 ipse
1265 1269 1372 1308 nec
1387 1246 1574 1328 decipi
1593 1266 1701 1305 nec
1721 1245 1986 1327 decipere
2003 1257 2218 1328 potest„-

111 1343 179 1400 40
215 1364 286 1400 eat
321 1344 440 1420 fine
483 1342 761 1417 demum,
805 1342 880 1401 ad
919 1365 1094 1424 quem
1142 1343 1344 1415 datur,
1390 1343 1490 1422 qui
1534 1340 1795 1399 consistit
1829 1340 1892 1399 in
1937 1362 2222 1421 superna-

112 1435 287 1494 turali
310 1434 588 1495 beatitate
608 1481 624 1507 ,
651 1457 749 1496 seu
769 1438 833 1494 in
850 1436 1120 1498 intuitiva
1144 1437 1250 1495 Dei
1269 1437 1492 1496 visione
1512 1457 1577 1494 ac
1602 1435 1876 1494 fruitione
1897 1481 1914 1509 ,
1941 1434 2017 1494 ad
2044 1457 2223 1517 quam

109 1530 531 1611 assequendam
564 1530 678 1590 fide
718 1530 896 1590 homo
925 1542 1286 1613 praeparatur
1319 1552 1436 1590 una
1473 1552 1606 1589 cum
1643 1529 1879 1611 reliquis
1908 1530 2223 1597 virtutibus

108 1625 646 1707 supernaturalibus
662 1672 678 1701 ,
706 1648 835 1708 quae
857 1625 933 1684 ab
959 1647 1031 1686 ea
1052 1626 1231 1687 veluti
1247 1650 1276 1684 a
1303 1625 1494 1685 radice
1509 1647 1574 1685 ac
1594 1625 1980 1685 fundamento
1994 1626 2220 1706 'depen-

108 1720 253 1780 dent
276 1722 387 1800 (2).
422 1723 635 1780 Contra
670 1743 808 1781 vero
834 1724 1024 1790 rati0,
1056 1743 1127 1780 ex
1158 1744 1270 1802 qua
1293 1720 1575 1779 naturalis
1597 1721 1833 1781 scientia
1862 1721 2183 1802 acquiritur
2201 1767 2217 1795 ‚

113 1816 176 1873 10
211 1815 434 1874 homini
472 1817 641 1874 insita
681 1827 768 1875 est
795 1815 869 1875 ab
910 1817 1030 1897 ipsa
1077 1816 1490 1875 constitutione
1534 1837 1670 1890 sua,
1717 1836 1849 1874 cum
1887 1815 1981 1875 hic
2011 1828 2221 1876 natura

107 1931 208 1968 sua
232 1910 307 1968 sit
343 1931 448 1969 ens
473 1910 854 1990 intelligentia
885 1931 950 1969 ac
975 1911 1200 1970 ratione
1236 1910 1490 1969 maxime
1516 1911 1866 1992 praeditum3
1902 1912 1971 1969 2⁰
1994 1909 2219 1989 objecta

108 2005 287 2066 habet
323 2006 458 2065 huic
498 2006 897 2087 intelligentiae
941 2006 1114 2088 plane
1155 2017 1539 2066 consentanea
1576 2007 1801 2089 sibique
1845 2009 2079 2090 propria
2102 2053 2119 2082 .,
2158 2006 2220 2067 id

107 2101 266 2182 quod
306 2123 337 2160 a
379 2100 548 2160 nobis
585 2103 647 2160 in
677 2103 868 2184 primo
903 2104 1092 2184 capite
1138 2102 1407 2186 pluribus
1449 2103 1812 2165 vindicatum
1857 2114 1978 2176 θεὶς
2022 2103 2088 2162 30
2120 2123 2219 2162 co·-

109 2196 394 2275 gnitiones
440 2197 659 2256 ordinis
713 2198 800 2256 sui
835 2198 1081 2280 acquirit
1122 2220 1229 2279 per
1267 2199 1602 2258 exercitium
1642 2198 2038 2279 intelligentiae
2065 2218 2214 2272 suaet,

110 2290 177 2348 40
203 2311 311 2349 nec
350 2292 592 2352 tandem
619 2313 679 2351 se
719 2292 937 2351 attollit
969 2294 1080 2351 nisi
1111 2293 1185 2353 ad
1223 2292 1639 2353 abstractivam
1679 2295 1787 2354 Dei
1827 2293 2218 2374 cognitionem

109 2405 174 2443 ac
194 2386 526 2446 naturalem
541 2408 800 2446 amorem
818 2387 927 2467 (3).
945 2388 1110 2448 Fides
1125 2389 1299 2467 igitur
1315 2410 1380 2447 ac
1407 2390 1556 2448 ratio
1577 2436 1594 2465 .,
1618 2410 1684 2448 ac
1700 2388 1948 2472 proinde
1969 2389 2209 2449 scientia

107 2490 314 2540 natura
338 2503 437 2541 sua
458 2482 531 2541 ab
559 2483 808 2543 invicem
832 2494 956 2542 toto
977 2483 1123 2544 coelo
1147 2483 1644 2545 discriminantur.

194 2576 327 2636 196.
372 2579 624 2637 Rursum
655 2599 670 2636 z
711 2579 760 2637 si
787 2577 930 2638 fides
960 2600 1025 2638 ac
1054 2579 1291 2639 scientia
1318 2579 1702 2640 essentialiter
1735 2602 1858 2640 non
1882 2579 2217 2661 distingue-

176 2798 238 2859 (1)
276 2797 385 2847 Haec
412 2799 521 2848 fidei
547 2799 779 2848 catholicae
800 2801 1009 2849 doctrina
1024 2811 1116 2860 est,

74 2932 79 2951 ,
105 2894 208 2944 quae
238 2881 488 2929 adstruitur
514 2882 728 2930 adversus
743 2881 1026 2948 Pelagianos,
1050 2885 1118 2930 uti

107 2961 390 3010 ostendimus
419 2965 468 3010 in
492 2973 622 3011 tract.
641 2961 722 3011 De
737 2965 924 3027 qratia,
944 2973 989 3012 et
1002 2981 1116 3011 con-

110 3050 194 3088 stat
220 3052 433 3107 praeterea
470 3063 522 3093 ex
559 3063 655 3093 non
691 3047 850 3110 paucis
889 3046 1116 3094 damnatis

107 3126 493 3186 propositionibus
542 3126 637 3192 Baji
666 3164 678 3186 ‚
734 3130 961 3192 praecipue
1006 3144 1116 3176 vero

107 3219 239 3267 prop.
276 3220 291 3251 ι
317 3242 331 3263 ,
366 3221 424 3265 2,
453 3206 611 3271 3,,4,
643 3206 705 3268 5,
742 3225 804 3274 7,
834 3225 887 3274 9.

177 3285 240 3345 (2)
275 3285 372 3334 Cfr.
414 3285 583 3339 Suarez
608 3328 621 3348 ‚
666 3301 794 3339 tract.
833 3287 906 3338 De
933 3287 1118 3354 triplici

106 3368 281 3414 virtute
292 3366 571 3434 theologica,
587 3383 720 3422 tract.
740 3372 817 3421 De
825 3372 922 3437 fide
935 3373 1056 3438 disp.
1074 3389 1110 3430 1,

106 3457 215 3496 sect.
256 3463 272 3495 1
310 3459 355 3497 et
386 3464 447 3513 23
481 3470 661 3502 necnon
692 3454 885 3521 Bolgeni
906 3493 918 3514 ‚
951 3452 1113 3503 L'eco-

106 3530 270 3577 nomia
319 3529 438 3580 della
489 3527 598 3595 sede
644 3537 880 3585 cristiana
901 3574 916 3599 ,
964 3535 1112 3586 *Bres-

108 3612 174 3657 cia
210 3627 334 3679 ¹79⁰
357 3650 370 3670 ,
403 3630 503 3679 cap.
532 3632 546 3661 ι
565 3653 578 3675 ,
608 3628 690 3666 art.
719 3635 769 3664 n.

1268 2798 1340 2863 (3)
1370 2799 1476 2847 Huc
1491 2801 1629 2849 etiam
1648 2801 1841 2849 refertur
1857 2818 1988 2866 prop.
2003 2798 2069 2863 34
2085 2800 2185 2866 Baji
2198 2837 2212 2860 ,

1201 2886 1282 2950 qui
1323 2893 1577 2950 utrumque
1619 2884 1831 2933 ordinem
1867 2883 2211 2942 confundebat,

1200 2965 1360 3016 dicens
1404 2983 1417 3015 ε
1466 2965 1734 3014 Discinctio
1778 2965 1862 3014 illa
1905 2967 2084 3014 amorio
2127 2967 2217 3029 (ac

1199 3049 1392 3114 proinde
1424 3048 1623 3114 duplicis
1658 3050 1931 3114 cognitionis
1963 3048 2049 3098 Dei
2080 3059 2216 3097 natu-

1199 3131 1304 3179 ralis
1321 3147 1376 3178 ac
1396 3130 1803 3195 supernaturalis),
1820 3128 2059 3177 naturalis
2072 3164 2089 3190 ,
2123 3146 2214 3193 quo

1199 3211 1328 3262 Deus
1373 3220 1568 3261 amatur
1610 3221 1666 3260 ut
1708 3221 1875 3261 auctor
1913 3221 2102 3260 naturoe
2116 3247 2131 3271 ,
2171 3220 2216 3259 et

1195 3294 1401 3358 qratuiti
1412 3330 1430 3355 ‚
1463 3310 1556 3358 quo
1593 3293 1729 3342 Deus
1757 3302 1950 3342 amatur
1978 3302 2032 3341 ut
2061 3292 2211 3340 beati-

1192 3376 1395 3439 ficator,
1428 3392 1557 3423 vana
1593 3385 1662 3423 est
1698 3384 1743 3424 et
1778 3376 2136 3435 commentitia,
2169 3383 2215 3422 et

1196 3455 1262 3502 ad
1295 3454 1592 3504 illudendum
1625 3458 1778 3505 sacris
1810 3454 2008 3505 Litteris
2033 3463 2078 3502 et
2095 3453 2210 3519 plu-

1197 3538 1337 3584 rimis
1354 3546 1562 3586 veterum
1586 3539 1871 3587 testimoniis
1898 3537 2181 3602 excoqitaia.
