2502 4134
259 119 377 180 316
856 141 1053 182 ruer.
1101 145 1171 182 »a
1214 145 1366 184 roms
1409 148 1790 189 rnnotomffls,

258 285 552 369 primaevae
579 283 842 344 Ecclesiae
866 284 1009 346 fides
1031 330 1048 362 ,
1085 285 1415 370 quibusque
1437 290 1755 354 certissime
1782 306 2011 355 constat
2045 295 2120 357 de
2152 310 2385 380 recepta

257 382 462 464 priscis
507 378 620 437 illis
659 379 990 441 christianae
1032 382 1318 442 societatis
1359 383 1609 444 exordiis
1649 386 1854 448 eadem
1890 390 2215 469 catholicae,
2261 416 2391 476 quoe

258 497 418 535 nunc
457 473 724 551 obtinet,
768 475 907 536 fidei
949 477 1252 554 doctrina,
1297 491 1597 560 superest,
1643 492 1745 557 ut,
1785 497 2097 567 postquam
2134 488 2209 548 de
2248 490 2393 547 isto-

259 593 391 630 rum
441 584 963 632 monumentorum
1013 575 1069 634 vi
1110 585 1170 634 et
1214 575 1560 635 auctoritate
1609 576 1990 640 disseruimus
2037 596 2272 663 agentes
2318 584 2393 644 de

259 666 769 748 inscript-ionibus,
807 673 930 748 jam
978 669 1367 750 peculiaribus
1411 672 1734 759 exemplis,
1772 695 1843 733 ex
1883 677 2143 758 qualibet
2177 701 2393 741 monu-

256 775 599 823 mentorum
635 764 814 824 classe
849 767 1084 848 petitis,
1128 788 1255 826 rem
1294 779 1558 827 nostram
1601 769 1979 832 illustremus.

339 859 484 918 475.
535 862 618 919 Ex
644 861 868 942 pictura
905 884 1045 921 sane
1086 874 1261 944 atque
1301 863 1636 946 sculptura,
1676 878 1742 924 ut
1778 866 1851 925 ab
1889 867 1979 927 his
2013 868 2391 952 incipiamus,

257 954 332 1015 ad
369 977 512 1038 quas
553 958 812 1017 revocari
854 969 1100 1040 possunt
1140 951 1291 1018 vitra
1317 1005 1332 1034 ,
1369 981 1545 1042 opera
1595 960 1930 1037 tessellata,
1977 985 2257 1044 gemmae,
2306 966 2400 1025 lu-

256 1074 449 1113 cernae
471 1098 487 1129 ,
536 1055 887 1138 sarcophaga
908 1101 924 1131 ,
968 1068 1027 1115 et
1062 1056 1125 1115 id
1161 1077 1341 1136 genus
1379 1059 1666 1117 artificum
1694 1071 1752 1118 et
1792 1059 2098 1122 fabrorum
2131 1061 2359 1122 labores
2380 1108 2400 1139 ,

255 1150 358 1232 qui
390 1150 666 1229 injuriam
703 1153 985 1235 temporis
1026 1164 1483 1235 nostrorumque
1516 1153 1773 1213 hostium
1800 1156 2212 1239 importunum
2249 1159 2405 1218 furo-

254 1268 381 1306 rem
420 1261 804 1330 superarunt,
846 1249 1014 1331 plura
1056 1251 1180 1308 erui
1223 1272 1392 1332 posse
1427 1251 1641 1310 veteris
1681 1251 2149 1312 Christianorum
2186 1253 2394 1312 Tradi-

257 1343 431 1402 tionis
459 1344 847 1420 documenta,
892 1367 1068 1405 nemo
1099 1358 1188 1405 est
1228 1347 1365 1428 qui,
1407 1348 1453 1405 si
1490 1347 1586 1407 vel
1618 1347 1828 1409 leviter
1857 1348 2051 1408 oculos
2083 1351 2393 1428 conjecerit

254 1443 318 1499 in
353 1462 530 1523 opera
558 1441 744 1518 Bosii,
783 1442 1112 1522 Arringhii,
1148 1443 1389 1501 Bottarii
1413 1489 1428 1519 ,
1460 1444 1727 1519 Victorii,
1772 1446 1949 1527 Lupi,
1991 1445 2233 1523 Maffeji,
2267 1444 2394 1504 Bol-

254 1537 437 1612 detti,
462 1549 941 1621 ceterorumque,
978 1539 1080 1620 qui
1101 1539 1237 1598 data
1266 1562 1440 1622 opera
1477 1552 1862 1600 monumenta
1897 1541 1995 1599 illa
2031 1541 2393 1621 collegerunt

255 1646 315 1695 et
365 1635 813 1717 expenderunt,
858 1636 1101 1694 inficiari
1148 1645 1341 1717 queat.
1393 1637 1476 1694 Ex
1527 1636 1616 1694 his
1655 1637 1814 1696 enim
1852 1636 2389 1718 deprehendimus,

255 1753 592 1814 supremam
626 1733 781 1791 Petri
814 1733 875 1790 in
912 1730 1225 1791 Ecclesiam
1260 1741 1623 1813 potestatem
1653 1733 1960 1807 constitui,
1991 1743 2050 1792 et
2076 1732 2263 1791 everti
2292 1752 2395 1813 pa-

252 1827 538 1888 radoxum
582 1827 655 1888 de
691 1827 914 1909 bicipiti
956 1826 1219 1887 Ecclesiae
1261 1828 1449 1909 capite
1487 1829 1659 1886 Petro
1699 1838 1759 1887 et
1791 1827 2018 1911 Paulo,
2044 1826 2291 1910 perinde
2330 1847 2396 1886 ac

254 1923 302 1983 si
340 1924 554 2007 aequali
593 1935 883 2007 potestate
914 1923 1089 1983 ambo
1123 1923 1391 2006 Apostoli
1434 1924 1772 1983 societatem
1810 1923 2187 1982 christianam
2217 1923 2395 1982 rexis-

253 2033 404 2082 sent.
458 2022 526 2080 In
571 2043 789 2080 musaeo
835 2019 1124 2102 siquidem
1165 2019 1504 2080 Florentino
1540 2040 1701 2079 aenea
1734 2019 1972 2079 lucerna
2014 2030 2346 2079 asservatur
2372 2063 2388 2093 ,

254 2140 368 2200 qua
403 2116 670 2177 navicula
703 2116 1016 2176 exhibetur
1046 2115 1304 2177 Ecclesiae
1327 2114 1659 2198 symbolum
1690 2116 1956 2175 referens
1981 2114 2138 2198 apud
2170 2126 2399 2175 veteres

253 2214 616 2275 Christianos
645 2225 994 2296 usurpatum
1017 2257 1033 2287 ,
1061 2213 1123 2271 in
1156 2234 1269 2295 qua
1301 2214 1506 2271 Petrus
1535 2213 1596 2270 in
1626 2212 1812 2295 puppi
1842 2211 2040 2285 sedet,
2078 2222 2137 2270 et
2168 2209 2402 2271 clavum

253 2322 501 2384 tractat,
539 2309 684 2369 dum
715 2311 776 2368 in
812 2332 984 2392 prora
1018 2319 1135 2368 stat
1170 2307 1380 2367 Paulus
1409 2330 1477 2367 eo
1510 2319 1710 2387 gestu,
1748 2306 1848 2366 illo
1885 2328 2021 2381 ore,
2064 2327 2181 2387 quo
2212 2305 2393 2366 verba

252 2406 468 2467 faciens
501 2418 697 2466 orator
724 2407 797 2465 sit
827 2403 1283 2488 exprimendus,
1314 2402 1527 2486 quibus
1564 2415 1767 2486 aperte
1813 2403 2169 2483 significatur
2194 2404 2399 2460 Petrus

254 2502 410 2564 solus
463 2503 651 2567 veluti
703 2524 1014 2585 supremus
1070 2500 1336 2560 Ecclesiae
1384 2511 1619 2576 rector,
1671 2502 1773 2582 qui
1827 2506 1951 2579 ejus
2004 2495 2399 2579 gubernacula

254 2611 458 2663 teneat
501 2600 614 2681 (l).
668 2600 792 2658 Hoc
833 2599 1028 2681 ipsum
1071 2598 1454 2658 confirmatur
1505 2618 1579 2657 ex
1627 2597 1814 2659 vitreo
1862 2595 2191 2677 fragmento
2237 2591 2395 2676 apud

324 2850 393 2917 (l)
412 2846 1087 2914 Cfr.Mamachius,Antiquit.
1105 2847 1286 2897 Christ.
1367 2846 1590 2913 yionevol
1610 2847 1762 2914 qrado
1787 2868 1804 2899 .-
1822 2850 1846 2896 e
1871 2849 1928 2896 in
1947 2847 2106 2914 forma
2138 2845 2194 2894 di
2220 2844 2391 2904 barca,

257 2944 377 2984 tom.
406 2952 435 2983 v
452 2972 465 2995 ,
490 2952 593 3000 pag.
620 2950 721 3001 995
755 2933 942 2981 Lamius
960 2970 973 2993 ,
1010 2929 1081 2979 De
1106 2929 1287 2980 erudit.
1369 2949 1459 2981 con
1481 2928 1539 2982 S.
1557 2930 1711 2979 Paolo
1734 2933 1790 2978 in
1811 2939 1908 2978 atto
1939 2930 1994 2977 di
2010 2929 2240 2996 predicar
2268 2925 2396 2974 dalla

254 3014 475 3082 Apostol.
506 3035 611 3082 cap.
641 3014 706 3080 4,
748 3033 851 3081 pag.
884 3014 943 3064 61
967 3031 980 3075 ;
1009 3014 1044 3061 F
1048 3015 1256 3078 ogginius
1271 3049 1286 3074 ‚
1363 3030 1514 3083 prora
1530 3053 1547 3076 ‚
1573 3030 1598 3061 e
1622 3013 1680 3064 S.
1701 3013 1869 3062 Pietro
1891 3012 1976 3061 che
1993 3011 2119 3059 siede
2139 3012 2193 3057 in
2210 3025 2396 3075 poppa,

257 3097 330 3149 De
366 3100 580 3148 Romano
613 3098 670 3149 D.
714 3096 852 3147 Petri
880 3100 1088 3157 itinere,
1137 3096 1288 3144 Exer-
1372 3116 1397 3147 e
1422 3098 1496 3146 σιὰ
1525 3096 1755 3163 reqqendo
1782 3095 1823 3144 il
1847 3097 2042 3143 timone.
2068 3091 2194 3157 Quel
2222 3108 2396 3139 monu-

255 3185 336 3231 cit.
361 3199 443 3231 20.
472 3183 541 3231 De
567 3184 656 3231 hac
678 3186 776 3248 ipsa
810 3181 1004 3230 lucerna
1034 3178 1247 3244 Mass‘ejus
1266 3214 1281 3239 ‚
1368 3190 1523 3231 mento
1545 3179 1690 3248 parla
1714 3180 1807 3246 ριίὶ
1836 3176 2110 3241 d’unjibro.
2133 3175 2286 3240 Hujus
2309 3175 2400 3222 loci

254 3266 307 3312 in
322 3281 401 3329 op.
423 3262 619 3312 Verona
634 3263 900 3324 illustrata,
921 3262 1103 3311 Verona
1123 3260 1248 3326 1732
1267 3296 1281 3320 ‚
1369 3268 1517 3316 versio
1546 3265 1688 3313 latina
1719 3262 1808 3326 legi
1841 3270 1989 3327 pfflest
2022 3260 2080 3308 ad
2115 3258 2290 3307 calcem
2322 3275 2402 3305 vo-

254 3356 376 3412 Part·
403 3363 454 3394 ¹¹¹
474 3382 488 3405 9
513 3363 616 3412 cap.
639 3348 668 3395 3
690 3384 702 3406 ,
736 3363 840 3412 pag.
872 3362 961 3412 ¹07
979 3382 992 3406 ‚
1014 3342 1244 3393 scribebat
1267 3358 1281 3390 2
1370 3350 1580 3398 luminis.
1617 3346 1684 3394 Ita
1715 3344 1905 3412 quidem
1926 3379 1939 3403 ‚
1982 3341 2139 3391 subdit
2176 3339 2399 3404 Guadag-

253 3426 543 3480 Sovvienmi
586 3428 737 3476 d'una
781 3428 979 3476 lucerna
1023 3427 1189 3473 amica
1228 3423 1284 3472 di
1368 3438 1506 3492 nius,
1538 3431 1629 3480 100,
1657 3430 1738 3478 εἰς,
1767 3426 1891 3475 nihil
1922 3444 2002 3491 pro
2037 3425 2240 3473 Romani
2274 3422 2398 3470 Pon..

258 3510 476 3572 metallo,
530 3519 766 3559 asservata
809 3510 872 3559 da
918 3527 991 3557 me
1024 3508 1118 3574 ρίὰ
1162 3505 1285 3555 volte
1369 3518 1504 3567 fineis
1538 3512 1725 3582 juribus
1766 3509 1922 3560 afferri
1965 3508 2054 3557 hoc
2092 3513 2398 3557 monumento

253 3593 383 3643 nella
401 3593 605 3659 qalleria
635 3592 711 3640 del
727 3610 861 3658 yrun
882 3592 1030 3641 Duca
1049 3627 1061 3647 ,
1092 3606 1117 3638 e
1151 3589 1283 3637 lavo·
1367 3598 1667 3668 ponderosius
1698 3602 1864 3660 potest,

256 3686 365 3728 rata
387 3679 579 3746 qnando
604 3677 737 3727 Parti
753 3694 897 3725 erano
924 3691 1105 3726 ancora
1131 3673 1187 3721 di
1205 3690 1286 3722 ra-
