2502 4134
285 112 407 174 404
911 134 1110 171 ruer.
1158 134 1227 170 nn
1272 134 1425 172 nocis
1469 135 1847 173 mnotocicis.

284 274 531 359 qualitas
578 272 843 332 sufficere
883 293 1006 332 non
1046 271 1223 332 debet
1261 273 1339 333 ad
1375 271 1659 332 moralem
1710 274 2054 354 pariendam
2098 273 2414 340 certitudi-

288 369 477 431 nem?
516 368 620 427 His
656 367 986 446 adjicienda
1023 366 1302 427 miracula
1326 413 1341 442 ,
1375 388 1508 450 quae
1543 367 1657 448 ipsi
1685 366 1761 425 ad
1782 367 1959 428 fidem
2002 370 2328 431 faciendam
2353 368 2427 428 de

288 464 536 524 veritate
559 461 648 521 sui
683 463 1006 522 testimonii
1029 508 1047 538 ‚
1072 462 1229 545 quod
1255 462 1431 544 paulo
1456 472 1595 521 ante
1626 460 2050 523 adnotabamus
2072 510 2089 540 ‚
2118 465 2426 525 innumera

291 580 444 642 pene
490 569 828 641 patrarunt.

1084 747 1500 802 PROPOSITIO
1540 747 1635 803 IV'.

329 881 528 940 Potest
554 885 798 960 pariter
847 885 1126 937 humana
1165 882 1323 938 ratio
1359 889 1513 937 cerco
1553 897 1894 956 coqnoscere
1952 897 2102 936 veroe
2163 877 2391 937 Christi

1001 978 1283 1034 Ecclesioe
1324 977 1729 1033 existentiam.

376 1164 514 1225 105.
567 1165 637 1222 Et
678 1163 802 1223 haec
851 1163 1175 1244 propositio
1214 1162 1481 1245 sequitur
1518 1184 1588 1222 ex
1631 1162 2042 1245 praecedente,
2084 1173 2260 1246 atque
2301 1184 2435 1224 cum

289 1283 355 1322 ea
397 1272 486 1321 est
535 1259 862 1318 arctissimo
913 1279 1072 1317 nexu
1096 1261 1445 1318 consociata.
1477 1260 1661 1336 Nam,
1700 1259 1746 1317 si
1782 1269 1978 1340 potest
2002 1257 2262 1319 humana
2287 1260 2435 1319 ratio

289 1368 449 1416 certo
498 1374 841 1434 cognoscere
894 1354 1117 1413 motiva
1156 1352 1596 1427 credibilitatis„
1646 1374 1710 1412 ac
1752 1375 1858 1434 per
1906 1374 1973 1412 ea
2019 1355 2434 1414 certitudinem

290 1451 520 1532 assequi
547 1449 620 1509 de
649 1448 960 1508 existentia
987 1449 1202 1512 divinae
1234 1448 1609 1508 revelationis
1632 1493 1649 1522 ,
1692 1449 1911 1530 poterit
1937 1449 2197 1530 profecto
2226 1449 2435 1510 eadem

299 1545 654 1607 certitudine
694 1544 1069 1603 existentiam
1099 1565 1443 1624 cognoscere
1481 1544 1740 1604 Ecclesiae
1763 1589 1777 1617 ,
1824 1545 2112 1603 societatis
2157 1566 2372 1627 nempe
2401 1567 2434 1604 a

292 1643 527 1703 Christo
564 1641 850 1721 institutae
884 1641 958 1700 ad
1015 1639 1460 1707 custodiendam
1496 1640 2434 1722 conservandamquerevelatio-

292 1759 435 1798 nem
484 1754 692 1804 suam‚·
721 1757 791 1795 ex
820 1740 944 1813 ejus
988 1746 1187 1794 autem
1229 1733 1524 1794 essentiali
1555 1734 1973 1793 constitutione
2001 1756 2067 1793 ac
2092 1737 2247 1795 notis
2267 1782 2282 1810 ,
2309 1757 2437 1819 quae

292 1854 365 1893 ex
406 1832 506 1891 illa
549 1829 856 1912 profluunt
877 1875 892 1903 a
928 1851 1058 1889 eam
1094 1829 1425 1889 discernere
1450 1851 1482 1888 a
1513 1830 1717 1911 quavis
1744 1830 1939 1910 spuria
1969 1830 2238 1891 societate
2260 1876 2276 1906 .,
2308 1853 2438 1913 quae

293 1926 559 1989 Ecclesiae
597 1925 707 1984 sibi
742 1946 963 1984 nomen
1002 1936 1263 2006 usurpet.
1865 2004 1871 2009 X
2183 2003 2187 2006 q

383 2023 521 2081 106.
572 2023 723 2079 Sane
776 2020 1043 2079 Christus
1094 2021 1176 2078 ita
1218 2042 1386 2080 suam
1431 2019 1635 2080 debuit
1675 2015 1987 2080 Ecclesiam
2028 2019 2320 2101 condere,
2368 2033 2434 2080 ut

306 2117 479 2177 facile
524 2115 781 2195 dignosci
819 2115 1004 2195 possit
1034 2137 1066 2173 a
1107 2116 1332 2174 Satanae
1376 2115 1675 2196 synagogis
1705 2126 1880 2196 atque
1905 2115 1978 2173 ab
2012 2115 2288 2176 humanae
2311 2138 2438 2176 ma-

295 2212 437 2272 litiae
487 2232 552 2269 ac
592 2209 878 2291 superbiae
924 2212 1358 2282 monumentis3
1412 2210 1671 2292 alioquin
1713 2200 1973 2269 excusari
2015 2221 2294 2292 possent,
2339 2214 2438 2294 qui

296 2329 359 2368 se
386 2308 450 2365 in
477 2311 600 2385 ejus
643 2307 837 2364 sinum
879 2306 1138 2386 recipere
1173 2305 1571 2366 detrectarent
1613 2304 1721 2364 sub
1755 2305 2041 2379 obtenta,
2085 2306 2242 2388 quod
2300 2328 2436 2368 vera

301 2402 551 2464 Ecclesia
588 2424 620 2461 a
662 2402 873 2484 spuriis
929 2400 1177 2461 coetibus
1222 2401 1501 2483 distingui
1545 2412 1819 2482 nequeat.
1864 2404 2139 2461 Attamen
2177 2401 2439 2461 Christus

302 2499 526 2559 cunctis
560 2497 840 2580 praecepit
865 2484 1203 2556 hominibus
1251 2496 1414 2557 illam
1451 2497 1713 2578 ingredi,
1766 2499 2006 2579 ejusque
2044 2497 2222 2557 fidem
2262 2498 2437 2578 profi·

301 2595 413 2655 teri
440 2614 507 2653 ac
537 2592 829 2652 mandatis
859 2591 1265 2674 obtemperare
1291 2592 1399 2651 sub
1433 2593 1912 2653 interminatione
1961 2605 2190 2653 aeternae
2217 2615 2428 2675 poenae.

303 2691 446 2750 Eam
482 2688 851 2771 comparavit
899 2689 1122 2749 civitati
1155 2692 1218 2746 in
1252 2700 1456 2748 monte
1485 2690 1818 2748 constitutae
1840 2734 1855 2763 ,
1892 2710 2019 2770 quae
2049 2690 2311 2748 omnium
2337 2709 2437 2769 pa·

303 2796 427 2846 teat
469 2784 794 2866 adspectui.
842 2781 984 2857 Quae
1019 2782 1260 2865 quidem
1300 2784 1527 2866 aliaque
1559 2784 1847 2862 ejusmodi
1883 2797 2084 2867 aperte
2119 2783 2436 2844 ostendunt

305 2880 618 2941 Ecclesiam
643 2881 721 2938 ita
751 2879 1131 2957 constitutam
1153 2926 1169 2954 .,
1194 2890 1261 2938 ut
1285 2878 1450 2939 facile
1473 2900 1538 2938 ac
1560 2890 1687 2938 tuto
1708 2878 1783 2939 ab
1803 2879 2073 2939 omnibus
2098 2881 2208 2939 rite
2235 2881 2434 2939 animo

304 2976 655 3059 comparatis
686 2975 954 3055 cognosci
1001 2977 1189 3057 possit
1216 2987 1392 3058 atque
1423 2974 1697 3035 discerni.

390 3072 531 3131 107.
582 3072 648 3131 Id
691 3072 886 3153 ipsum
928 3090 1069 3132 vero
1106 3092 1178 3130 ex
1222 3071 1506 3153 principio
1549 3069 1649 3130 illo
1696 3070 2133 3148 constabilitur,
2179 3071 2337 3154 quod
2374 3073 2435 3131 in

310 3166 501 3248 prima
547 3166 909 3226 tractationis
943 3166 1117 3244 hujus
1151 3179 1319 3247 parte
1360 3167 1605 3226 firmiter
1643 3167 2075 3244 constituimuS,
2108 3167 2183 3228 de
2219 3168 2437 3227 identi-

308 3273 431 3322 tate
468 3262 879 3323 christianismi
919 3275 979 3323 et
1030 3263 1325 3323 catholicae
1363 3263 1665 3339 Ecclesiae,
1708 3263 1852 3323 adeo
1898 3275 1963 3322 ut
2008 3263 2217 3324 iisdem
2259 3264 2435 3347 plane

312 3359 548 3418 motivis
568 3359 749 3418 simus
766 3358 1065 3435 catholici,
1089 3357 1304 3441 quibus
1333 3359 1635 3419 christiani
1655 3360 1979 3440 sumus(1).
2016 3361 2232 3421 Motiva
2253 3362 2434 3443 siqui-

381 3550 448 3613 (1)
481 3549 574 3598 Cfr.
600 3567 702 3617 quae
722 3553 985 3616 scripsimus
1006 3554 1058 3599 in
1081 3552 1220 3618 hujus
1238 3563 1331 3601 tra·
1415 3551 1603 3602 Bossuet
1623 3588 1636 3611 ,
1672 3551 1974 3601 Instruction
1996 3554 2238 3620 pastorale
2263 3571 2351 3602 sur
2369 3552 2435 3602 les

309 3640 459 3681 eratus
485 3642 605 3698 part.
645 3650 691 3693 ι,
739 3650 874 3698 prop.
918 3650 953 3683 ι.
980 3633 1079 3683 cfr.
1119 3644 1331 3698 praeterea
1408 3651 1669 3701 promosset
1701 3634 1758 3683 de
1791 3634 2036 3701 l’E'qliae,
2073 3655 2198 3703 pour
2226 3645 2435 3687 monstror
