2502 4134
242 110 355 168 166

854 131 1050 168 TRACT.
1100 133 1170 170 DE
1213 131 1365 170 LOCIS
1409 133 1780 172 THEOLOGICIS·

237 278 471 335 Norunt
509 275 801 356 siquidem
843 275 1055 334 eruditi
1094 275 1236 348 viri,
1283 274 1357 333 ab
1395 277 1521 357 ipso
1556 277 1676 337 fere
1727 297 1850 337 aevo
1895 276 2212 358 apostolico
2244 277 2379 335 lati-

237 394 378 431 nam
418 371 747 430 versionem
790 368 1140 428 adornatam
1175 370 1349 429 fuisse
1378 392 1449 430 ex
1490 373 1616 432 Vet.
1654 372 2000 432 Testimenti
2043 393 2224 453 graeca
2251 394 2379 433 ver·

236 468 398 526 sione
428 465 797 546 septuaginta
842 465 1237 546 interpretum
1266 465 1397 545 (1),
1438 478 1497 525 et
1535 489 1606 525 ex
1646 487 1827 547 graeeo
1866 478 2033 526 textu
2069 467 2218 526 Novi
2239 467 2383 526 Tes-

238 562 487 621 tamenti
533 560 645 639 (2).
703 562 841 620 Haee
888 583 1063 642 porro
1119 561 1312 619 versio
1358 562 1685 642 primatum
1730 583 1963 644 semper
2018 560 2276 620 obtinuit
2316 560 2383 619 in

242 655 522 730 Ecclesia,
577 678 755 736 quam
803 658 860 715 S.
913 658 1304 737 Hieronymus
1358 657 1750 716 Communem
1785 669 1845 717 et
1895 659 2214 739 Vulyatam
2251 655 2382 734 (3),

239 754 298 811 S.
328 751 679 831 Augustinus
697 752 924 812 Itala-m
950 752 1065 831 (4),
1088 753 1146 811 S.
1171 751 1482 831 Gregorius
1510 753 1590 810 Μ.
1620 751 1832 833 aliique
1867 752 2124 812 Veterem
2153 772 2386 810 nuncu-

242 860 495 931 parunt,
530 860 594 907 ut
635 870 766 908 eam
795 848 870 907 ab
912 849 1239 908 innumeris
1267 871 1450 931 prope
1488 848 1686 907 latinis
1717 848 2080 907 versionibus
2114 868 2385 909 secerne·

240 956 378 1004 rent
400 989 415 1017 ,
468 966 599 1025 quae
638 967 744 1027 per
765 944 927 1004 illam
958 956 1191 1004 aetatem
1214 966 1245 1002 a
1271 945 1515 1026 privatis
1537 942 1878 1002 hominibus
1902 942 2242 1025 prodierant
2268 943 2380 1023 (5).

243 1042 408 1098 Hanc
459 1039 901 1100 translationem
943 1041 1189 1098 summis
1238 1040 1505 1100 Ecclesiae
1554 1043 1754 1099 Patres
1800 1039 2104 1121 praeconiis
2148 1038 2390 1099 extule-

240 1146 384 1194 runt
403 1180 420 1210 ,
445 1136 770 1218 praesertim
798 1158 939 1197 vero
958 1139 1014 1195 S.
1042 1136 1393 1216 Augustinus
1413 1181 1427 1210 ,
1463 1136 1565 1217 qui
1585 1157 1715 1195 eam
1738 1136 1894 1195 etian
1922 1134 2164 1218 reliquis
2193 1134 2391 1193 omni-

242 1230 352 1290 bus
371 1253 439 1291 eo
453 1232 695 1291 nomine
711 1231 1144 1314 praeferendam
1160 1232 1386 1290 censuit
1402 1277 1418 1304 .,
1439 1231 1598 1313 quod
1619 1243 1770 1290 esset
1789 1233 2109 1290 verborum
2125 1233 2396 1290 tenacior

243 1349 383 1385 cum
405 1331 851 1408 perspicuitate
874 1331 1179 1387 sententie&
1207 1327 1320 1405 (6).
1359 1330 1547 1407 Atque
1577 1326 1658 1385 ita
1683 1326 1926 1408 quidem
1949 1347 2011 1386 se
2035 1347 2126 1385 res
2150 1324 2386 1399 habuit,

246 1422 433 1482 donec
478 1424 537 1482 S.
588 1425 985 1504 Hieronymus
1025 1443 1245 1483 novam
1288 1442 1362 1481 ex
1407 1421 1686 1482 hebraico
1728 1422 1890 1482 fonte
1931 1421 2219 1480 librorum
2255 1420 2384 1479 Vet.

247 1519 404 1577 Test.
440 1520 771 1581 versionem
798 1518 1109 1578 adornavit
1127 1562 1142 1592 ,
1166 1537 1295 1598 quae
1316 1538 1451 1576 eum
1474 1518 1537 1575 in
1558 1517 1681 1578 dies
1708 1517 2039 1600 principem
2064 1515 2174 1574 sibi
2195 1514 2394 1573 locum

248 1614 611 1689 vindicaret,
651 1614 810 1696 apud
853 1614 1196 1694 Gregorium
1226 1616 1305 1672 M.
1354 1614 1625 1694 Vulyatoe
1651 1635 1817 1672 novoe
1850 1612 2393 1674 denominationem

248 1720 420 1768 nacta
455 1720 543 1769 est
567 1756 583 1784 ,
624 1710 1064 1792 comparatione
1102 1708 1257 1767 illius
1298 1710 1511 1769 veteris
1554 1709 1814 1789 Vulgatae'
1842 1731 1943 1770 seu
1981 1709 2140 1768 Italae
2175 1707 2393 1771 versio-

250 1806 341 1864 nis
372 1804 481 1885 (7).
523 1807 734 1864 Verum
757 1818 818 1866 et
850 1805 978 1864 haeo
1002 1807 1126 1887 ipsa
1149 1826 1305 1867 nova
1332 1803 1574 1885 Vulgata
1602 1808 1813 1864 veteris
1848 1806 2116 1886 Vulqatoe
2149 1803 2390 1864 nomine

322 1982 390 2047 (1)
426 1981 525 2032 Cfr.
573 1983 849 2044 Michaelis,
893 1985 1171 2033 Introduct.
1212 2001 1279 2032 αιι

250 2062 492 2112 Nouveau
538 2065 755 2116 Testam.
792 2078 908 2117 tom.
948 2083 1008 2127 2,
1053 2068 1279 2132 premiere

249 2155 368 2209 part.
398 2157 511 2198 sect.
547 2144 614 2210 24
640 2158 685 2196 et
713 2147 778 2197 25
801 2186 814 2210 ‚
852 2151 933 2215 qui
963 2150 1052 2197 hoc
1079 2148 1278 2198 ostendit

249 2245 348 2277 non
381 2230 534 2277 solum
563 2248 617 2279 ex
649 2235 929 2297 argumentis
969 2235 1169 2282 externis
1198 2249 1278 2279 ve-

248 2327 357 2358 rum
385 2311 524 2358 etiam
552 2328 611 2359 ex
645 2309 872 2374 internis3
905 2331 994 2363 neo
1019 2331 1115 2361 non
1143 2310 1280 2361 Sera-

251 2393 381 2450 rius,
423 2391 621 2458 Proleq.
650 2393 816 2443 biblio.
855 2413 958 2460 cap.
1002 2403 1091 2461 19,
1122 2413 1173 2461 q.
1216 2392 1279 2454 8,

253 2483 301 2521 et
348 2471 547 2544 Brianus
592 2475 837 2525 Waltonus
860 2515 874 2539 ,
930 2473 1117 2542 Polyql.
1173 2476 1283 2525 Pro-

253 2554 346 2621 leg.
376 2573 404 2602 x
423 2593 437 2616 ‚
466 2574 516 2605 n.
556 2574 598 2606 1.

319 2636 385 2699 (2)
422 2636 521 2688 Cfr.
564 2639 774 2701 Minius,
820 2640 1016 2689 Novum
1064 2641 1115 2689 T
1111 2648 1281 2690 estam.

252 2718 454 2784 Proleq.
477 2719 630 2770 Oxou.
660 2738 810 2789 1707,
839 2740 946 2788 pag.
977 2720 1038 2785 41
1075 2733 1120 2772 et
1147 2740 1281 2788 seqq.

253 2798 308 2847 'In
345 2818 398 2849 eo
437 2812 594 2852 tamen
630 2803 769 2852 nobis
806 2804 883 2852 hic
918 2815 1077 2852 auctor
1112 2822 1138 2852 a
1174 2822 1282 2853 vero

253 2882 477 2932 abludere
510 2884 724 2946 videtur,
756 2897 890 2951 prout
924 2887 1036 2934 alias
1069 2886 1284 2934 animad-

253 2968 471 3015 vertimus
491 3006 504 3028 ‚
537 2967 664 3033 quod
690 2970 878 3017 nonnisi
916 2970 1049 3016 initio
1079 2969 1221 3017 seculi
1251 2986 1283 3016 ιι

255 3056 423 3096 statuat
438 3048 556 3098 Novi
573 3050 695 3100 Test.
711 3054 971 3100 versionem
991 3051 1078 3099 sub
1089 3050 1141 3100 S.
1152 3051 1234 3099 Pio
1244 3066 1281 3114 1,

257 3130 306 3175 in
344 3147 438 3195 quo
467 3149 564 3179 non
596 3134 805 3198 indulget
839 3136 928 3181 nisi
963 3133 1279 3199 conjecturis;

258 3214 543 3259 eontrarium
580 3220 705 3263 tenet
750 3214 1020 3275 Michaelis,
1068 3216 1159 3264 loc.
1197 3218 1279 3264 cit.

258 3292 346 3339 cfr.
377 3296 518 3341 etiam
544 3294 779 3359 Sabatier,
813 3297 955 3347 Sacr.
988 3296 1123 3346 Bibl.
1153 3299 1283 3345 anti-

259 3390 366 3438 quoe
404 3391 523 3422 vers.
559 3393 643 3423 seu
680 3379 833 3426 Vetus
862 3378 1075 3441 Italica,
1122 3380 1281 3445 praefi,

262 3466 385 3505 tom.
419 3474 467 3517 1,
502 3475 609 3522 pag.
646 3475 695 3505 11
733 3471 776 3507 et
809 3479 908 3527 seq.

329 3537 394 3601 (3)
431 3537 698 3588 Commeat.
729 3544 779 3588 in
807 3559 907 3608 cap.
937 3560 1021 3591 xm
1053 3542 1105 3593 S.
1125 3543 1287 3594 Matth.

264 3636 321 3681 v,
354 3617 419 3668 35
451 3631 496 3669 et
531 3623 581 3669 in
617 3619 780 3687 Epist.
812 3639 904 3685 ενι,
942 3624 1051 3673 edit.
1076 3622 1205 3675 Van.
1235 3625 1301 3673 ad

1366 1980 1616 2034 Samnium
1641 1993 1686 2032 et
1708 1982 1762 2031 F
1762 1983 1957 2032 retelam
1974 2019 1992 2046 ,
2023 2002 2077 2032 n.
2106 2000 2151 2034 2.

1434 2066 1504 2130 (4)
1540 2067 1623 2115 De
1636 2066 1840 2115 doctrin.
1856 2065 2017 2114 christ.
2034 2065 2116 2114 lib.
2133 2082 2183 2128 ιι,
2195 2081 2296 2131 cap.
2316 2082 2333 2114 1
2344 2063 2390 2114 5.

1366 2149 1501 2198 Itala
1516 2161 1792 2215 nuncupata
1810 2150 1924 2211 fuit,
1945 2147 2083 2216 juxta
2104 2148 2394 2198 Ferrandum

1367 2234 1620 2281 diaconum
1649 2235 1699 2280 in
1717 2228 1927 2279 Summa
1948 2230 2151 2288 biblica,
2183 2230 2272 2279 lib.
2307 2246 2389 2292 ιιι,

1368 2332 1470 2380 cap.
1503 2331 1521 2362 1
1543 2351 1555 2373 ‚
1593 2316 1700 2379 quia
1734 2313 1888 2362 Patres
1917 2315 2163 2379 praesertim
2197 2311 2302 2362 Itali
2338 2330 2393 2362 ea

1370 2396 1637 2444 utebantur.
1677 2394 1775 2443 Cfr.
1811 2399 1922 2444 item
1958 2394 2204 2456 Sahafier,
2237 2412 2314 2460 op.
2348 2404 2394 2443 et

1371 2477 1466 2526 loc.
1496 2480 1578 2526 cit.
1609 2495 1715 2543 pag.
1746 2479 1828 2527 31.

1438 2559 1510 2624 (5)
1548 2559 1733 2608 Etenim
1779 2559 1831 2609 S.
1873 2558 2064 2625 August.
2115 2557 2197 2606 De
2239 2557 2390 2607 doctr.

1370 2641 1539 2690 christ.
1569 2641 1652 2690 lib.
1685 2659 1750 2700 ιι,
1788 2659 1892 2707 cap.
1941 2656 1992 2689 ιι
2013 2677 2028 2700 ,
2057 2657 2108 2688 ιι.
2153 2637 2213 2689 16
2237 2657 2252 2688 ε
2289 2639 2394 2708 Qui

1369 2719 1681 2786 Scripturas,
1713 2724 1893 2788 inquit,
1918 2738 1977 2769 ex
2009 2721 2199 2771 hebraea
2221 2721 2394 2787 linqua

1368 2806 1425 2852 in
1450 2820 1657 2868 qraecam
1693 2812 1967 2864 verterunt,
2000 2805 2253 2852 numerari
2276 2820 2390 2870 pos-

1368 2894 1511 2946 sunt,
1556 2884 1704 2934 latini
1742 2894 1903 2933 autem
1945 2888 2227 2952 interpretes
2261 2885 2392 2934 nullo

1369 2968 1522 3016 modo.
1566 2966 1636 3016 Ut
1678 2970 1811 3015 enim
1851 2970 2024 3033 cuique
2050 2971 2237 3034 primis
2271 2968 2395 3033 fidei

1369 3049 1659 3115 temporibus
1676 3051 1731 3097 in
1750 3067 1925 3099 manus
1950 3053 2086 3100 venit
2101 3050 2250 3098 codex
2264 3065 2394 3115 Ψω-

1368 3149 1452 3181 cus
1468 3168 1484 3194 ,
1531 3140 1575 3179 et
1614 3131 1971 3197 aliquantulum
2008 3131 2256 3197 facultatis
2295 3131 2396 3179 sibi

1368 3217 1618 3279 utriusque
1662 3214 1843 3279 linquoe
1893 3214 2064 3263 habere
2104 3214 2391 3275 videbatur,

1369 3315 1521 3347 ausus
1544 3305 1612 3346 est
1635 3299 1968 3363 interpretari.

1441 3380 1505 3444 (6)
1525 3379 1603 3428 De
1618 3379 1837 3427 doctrina
1852 3379 2014 3427 christ.
2030 3379 2112 3428 lib.
2128 3396 2181 3442 11,
2201 3396 2296 3444 cap.
2319 3395 2335 3428 1
2346 3378 2393 3429 5.

1446 3462 1511 3525 (7)
1548 3460 1647 3510 Cfr.
1682 3461 1782 3510 Jos.
1818 3461 2121 3513 Blanchinius
2141 3500 2155 3523 ‚
2201 3480 2276 3528 op.
2315 3463 2395 3509 eit.

1377 3542 1528 3607 Proef.
1556 3559 1723 3607 ρεπεν.
1754 3561 1859 3608 pag.
1892 3539 1995 3593 28.
