2502 4134
275 127 353 188 86

867 149 1063 188 TRACT.
1114 153 1182 188 DE
1225 151 1378 189 LOCIS
1423 154 1798 194 THEOLQGICIS.

274 312 416 352 nare
439 312 562 349 non
585 290 949 351 valuerunt?
975 292 1463 374 Quandoquidem
1489 308 1717 355 constat
1744 319 1824 359 ex,
1843 297 2011 358 dietis
2038 345 2053 373 7
2081 299 2222 358 alios
2245 321 2275 358 a
2298 321 2404 359 ve-

277 386 500 446 teribus
524 385 688 445 velut
708 386 1018 469 inspiratos
1051 387 1333 447 admissos
1364 389 1537 450 fuisse
1555 436 1572 467 .,
1599 392 1698 473 qui
1728 392 1973 474 posthac
2001 416 2070 454 ex
2100 394 2208 453 hoc
2229 415 2406 453 censu

276 483 475 561 rejecti
502 493 677 557 sunt,
722 482 862 542 alios
898 506 1035 544 vero
1071 506 1102 543 e
1142 505 1422 543 converso
1462 486 1635 546 fuisse
1680 501 1999 571 expunctos
2021 536 2036 565 ,
2071 492 2169 571 qui
2205 501 2407 549 tamen

275 589 477 660 postea
522 589 806 660 tanquam
844 579 1115 662 inspirati
1159 591 1299 638 sunt
1336 579 1558 655 habiti3
1596 604 1788 665 neque
1829 584 1952 645 haec
1980 596 2261 667 poterunt
2301 609 2409 644 un-

277 695 456 757 quam
481 684 616 757 apte
637 675 931 734 conciliari
959 677 1071 734 nisi
1097 674 1359 736 Ecclesiae
1385 678 1728 738 auctoritate
1757 681 2085 741 accedente.
2123 681 2184 740 Id
2215 682 2411 764 ipsum

277 771 563 851 contingit
600 771 1024 831 recentioribus
1049 817 1065 846 ,
1111 793 1328 854 nempe
1384 773 1849 854 protestantibus
1877 820 1894 842 ,
1954 799 2191 837 excusso
2231 776 2415 837 semel

277 867 636 927 auctoritatis
651 872 792 947 jugo
811 893 825 942 ς
850 890 991 926 narn
1014 889 1185 949 sapor
1205 867 1331 944 ille7
1354 891 1471 951 quo
1492 869 1719 929 illectus
1740 881 1828 929 est
1847 871 2132 933 Lutherus
2148 886 2213 933 ut
2230 874 2415 934 veluti

276 967 674 1025 stramineum
699 965 756 1023 S.
793 963 996 1023 Jacobi
1022 964 1329 1046 epistolam
1359 964 1696 1047 repudiaret
1719 966 1808 1045 (l)
1829 1012 1843 1040 7
1877 966 2065 1027 effecit
2084 1013 2100 1043 ⁷
2134 981 2199 1028 ut
2230 968 2418 1030 Calvi-

279 1082 392 1121 nus
416 1060 687 1120 eamdem
711 1071 996 1142 tanquam
1030 1060 1293 1121 divinam
1317 1061 1656 1143 suspiceret.
1689 1061 1905 1122 Eodem
1933 1052 2139 1147 sapore
2161 1051 2419 1146 permoti

251 1234 254 1237 ⁴
282 1157 600 1217 Lutherani
629 1155 810 1215 libros
851 1156 1426 1216 deutero-canonicos
1458 1179 1661 1216 omnes
1688 1159 1839 1218 Novi
1878 1160 2035 1218 Test.
2067 1159 2248 1219 veluti
2276 1182 2421 1243 apo-

198 1296 201 1298 ψ
283 1253 531 1335 cryphos
574 1256 905 1331 rejecerunt
933 1299 948 1326 ,
996 1275 1140 1334 quos
1185 1263 1386 1312 contra
1420 1252 1748 1330 Calviniani
1802 1266 2087 1337 tanquam
2136 1256 2421 1318 divinitus

283 1350 598 1432 inspiratos
618 1395 634 1424 .,
661 1348 869 1408 eodem
893 1348 1054 1407 ducti
1075 1370 1281 1430 sapore
1297 1395 1312 1424 ,
1339 1347 1598 1431 amplexi
1622 1362 1779 1410 sunt.
1801 1350 1972 1410 Nulla
2001 1351 2177 1431 igitur
2199 1354 2424 1414 ratione

286 1446 560 1506 constitui
598 1455 795 1527 potest
838 1444 1134 1503 inhaerens
1173 1445 1460 1523 ejusmodi
1512 1446 1687 1505 sacris
1731 1445 1914 1505 Libris
1963 1448 2289 1528 proprietas
2323 1470 2428 1508 seu

290 1542 539 1626 qualitas
574 1552 677 1600 aut
716 1562 890 1622 sapor
920 1541 1005 1598 uti
1040 1541 1339 1601 criterium
1369 1552 1603 1616 tutum7
1644 1564 1760 1623 quo
1795 1541 2108 1623 Scripturae
2131 1543 2428 1625 inspiratae

292 1662 326 1700 a
361 1662 484 1699 non
521 1638 819 1719 inspiratis
849 1635 1131 1717 distingui
1171 1648 1348 1718 atque
1388 1637 1707 1696 internosci
1747 1639 1990 1719 possint.
2021 1639 2146 1697 Huc
2168 1638 2426 1715 accedit,

293 1758 602 1893 niunquam
630 1746 1028 1818 praeterquam
1055 1734 1367 1817 posteriori
1393 1733 1503 1793 hac
1528 1746 1695 1794 aetate
1716 1734 1939 1816 idque
1966 1756 1999 1793 a
2028 1734 2161 1794 solis
2195 1735 2431 1796 haereti-

403 1842 856 1915 .provocatum
891 1830 1066 1890 fuisse
1105 1830 1178 1890 ad
1209 1830 1478 1890 fictitium
1515 1829 1675 1889 hunc
1708 1852 2015 1912 saporem
2058 1843 2124 1891 ut
2158 1836 2279 1911 ejus
2320 1853 2432 1914 ope

295 1855 455 1990 inster
494 1927 694 1988 Libros
722 1949 911 1987 sacros
949 1938 1009 1986 et
1043 1949 1166 1986 non
1195 1947 1385 1986 sacros
1414 1928 1579 1986 fieret
1608 1926 1878 1986 discretio
1910 1926 2019 2007 (2).

388 2024 526 2103 137.
575 2027 957 2105 Quocumque
990 2023 1168 2103 igitur
1207 2045 1268 2081 se
1300 2034 1537 2083 vertant
1566 2023 1961 2082 protestantes
1982 2067 1997 2097 .,
2030 2033 2130 2081 aut
2156 2021 2435 2082 devenire

300 2120 543 2180 tandem
572 2119 793 2180 debent
821 2120 898 2179 ad
923 2118 1187 2179 Ecclesiae
1220 2118 1516 2178 catholicae
1552 2118 1958 2177 auctoritatem
1979 2162 1995 2193 ,
2027 2129 2094 2177 ut
2115 2118 2268 2177 hanc
2289 2118 2437 2176 diri-

305 2227 476 2276 mant
514 2215 974 2277 controversiam
996 2260 1012 2291 .,
1044 2226 1147 2274 aut
1170 2200 1490 2274 necessario
1520 2214 1726 2274 incerti
1746 2257 1764 2289 .,
1795 2212 1959 2272 dubii
1991 2236 2057 2272 ac
2090 2213 2454 2274 fluctuantes

1422 2437 1483 2469 ne
1513 2419 1604 2469 l'ai
1614 2421 1806 2486 jamnis
1834 2423 2092 2486 ἐρνοτιυέθ,
2130 2428 2176 2468 et
2205 2436 2328 2468 ceux
2358 2422 2445 2485 qui

1424 2503 1472 2551 la
1495 2512 1754 2551 ressentent
1770 2520 1831 2551 ne
1846 2512 1953 2551 eom
1966 2505 2025 2550 πί
2036 2503 2206 2568 (liques
2228 2501 2439 2565 d'envie,

1424 2589 1485 2635 ni
1503 2586 1616 2652 plus
1636 2589 1751 2653 pre-3
1779 2587 1836 2634 de
1866 2585 1912 2634 la
1944 2587 2088 2634 verite
2105 2619 2121 2645 ,
2142 2586 2354 2651 puisque
2382 2582 2474 2633 les‘

379 2424 451 2489 (1)
487 2423 588 2475 cfr.
651 2422 864 2473 Moehler
894 2461 908 2484 ‚
972 2404 1286 2487 Synibolique
1315 2457 1329 2484 ‚

308 2519 426 2557 tom.
464 2524 533 2567 11,
575 2505 602 2572 §
639 2503 721 2570 41.
764 2506 901 2572 Bayle
946 2508 1069 2571 ipsi,
1108 2506 1337 2554 Diction.

316 2601 402 2639 art.
426 2589 642 2650 Luther,
665 2607 783 2638 rem.
812 2589 867 2637 N.
890 2607 984 2650 non
1016 2606 1163 2654 pauca
1198 2607 1339 2638 anec-

318 2672 428 2721 dota
445 2672 583 2721 refert
599 2675 720 2722 circa
738 2673 931 2722 Lutheri
949 2673 1141 2722 effatum
1173 2673 1230 2721 de
1247 2675 1343 2738 epi-

319 2752 438 2804 stola
472 2754 500 2803 J
504 2755 654 2804 acobi.

1427 2672 1770 2720 Mahometans
1815 2671 2110 2737 l’eprouvent
2152 2672 2292 2718 aussi
2332 2669 2446 2718 bien

1425 2771 1516 2818 que
1547 2753 1613 2802 les
1641 2752 1902 2815 clu-eciem&
1928 2763 1974 2801 et
2001 2769 2179 2801 comme
2204 2761 2319 2801 cette
2337 2768 2447 2800 een-

394 2837 462 2902 (2)
503 2837 722 2902 Apposite
755 2835 1021 2896 Michaelis,
1056 2832 1248 2883 Introd.
1276 2851 1343 2882 au

323 2919 562 2969 Nouveau
590 2918 640 2966 T
637 2926 808 2967 estam.
840 2921 1100 2984 quatrieme
1126 2917 1237 2966 edit.
1254 2917 1344 2966 Ge·

325 3005 441 3051 neve
493 2998 620 3049 1822
648 3038 661 3060 ‚
709 3012 823 3050 tom.
866 3017 882 3048 1
900 3037 913 3060 ‚
960 3002 1181 3065 premiere
1223 3009 1341 3064 part.

327 3085 463 3149 chap.
491 3084 519 3132 3
541 3121 554 3143 ,
589 3093 703 3132 sect.
733 3098 763 3131 2
787 3120 801 3143 ,
831 3101 937 3148 pag.
973 3080 1074 3130 215
1094 3120 1106 3141 ‚
1139 3081 1196 3130 de
1224 3084 1346 3148 ejus-

331 3166 460 3214 modi
497 3169 677 3214 criterio
712 3165 872 3214 scribit
911 3182 925 3214 e
968 3163 1079 3213 Une
1105 3166 1348 3213 aensation

329 3251 590 3296 inter-ieme
617 3249 697 3296 des
725 3250 853 3315 effeta
881 3248 947 3295 du
975 3245 1284 3312 St.-Esprie,
1307 3256 1351 3296 et

330 3330 378 3379 la
409 3333 681 3379 conviction
716 3331 773 3379 de
800 3330 992 3380 l'atilite
1025 3329 1083 3377 de
1109 3344 1185 3377 ces
1209 3331 1352 3377 ecrite

327 3431 458 3479 pour
480 3412 733 3461 ameliorer
759 3412 802 3460 le
835 3430 964 3461 coeur
994 3420 1039 3459 et
1069 3428 1190 3460 nous
1207 3413 1350 3477 puri-

329 3498 451 3561 fier,
479 3504 584 3544 sont
610 3495 689 3544 des
716 3496 910 3543 criteree
928 3496 1067 3543 aussi
1088 3495 1352 3542 incer-taine

336 3596 427 3643 que
455 3577 497 3626 Ie
519 3577 793 3643 precedent.
820 3577 992 3644 Quam
1013 3577 1044 3625 ὰ
1063 3584 1176 3624 cette
1191 3592 1353 3626 sema-

335 3663 438 3709 tion
466 3662 724 3709 interieure
737 3699 753 3721 ,
767 3662 824 3725 J'e
852 3660 956 3708 dois
989 3675 1167 3708 avouer
1188 3676 1278 3723 que
1290 3661 1352 3721 je

1426 2837 1585 2883 sation
1626 2836 1884 2882 interimere
1926 2843 1994 2883 est
2031 2836 2078 2882 la
2112 2833 2239 2882 seule
2264 2851 2447 2900 precave

1428 2932 1515 2963 sur
1538 2915 1738 2981 laquelle
1764 2917 2015 2965 Mahomet
2042 2919 2114 2973 ag't
2132 2917 2284 2982 fonde
2302 2934 2355 2965 sa
2375 2933 2447 2964 re-

1430 2998 1583 3063 liqion
1597 3036 1613 3061 ,
1648 3017 1737 3064 que
1764 3008 1867 3048 tant
1892 3001 1947 3048 de
1969 3000 2171 3049 milliers
2196 3001 2450 3049 d'hommes

1431 3090 1513 3130 ont
1562 3081 1755 3147 adoptee
1774 3117 1790 3144 ‚
1844 3100 1965 3131 nous
2012 3084 2188 3131 devom
2230 3082 2450 3132 conclure

1431 3163 1592 3230 qu'elle
1612 3173 1681 3211 est
1706 3172 1983 3230 trompeuse.
1998 3164 2196 3212 L’autre
2213 3165 2450 3212 caractere

1436 3257 1505 3296 eet
1532 3247 1789 3313 kqalemem
1819 3249 2115 3314 insuffieant,
2141 3248 2351 3314 puisque
2393 3247 2451 3294 de

1429 3333 1586 3398 pieux
1615 3333 1893 3379 sentiment-3
1915 3339 2125 3397 peuvem
2156 3331 2250 3376 ecre
2277 3331 2453 3377 eaecitee

1427 3430 1529 3479 par
1555 3413 1633 3460 des
1665 3430 1894 3478 ouvraqes
1913 3420 2170 3478 puremeut
2193 3411 2451 3469 humaim,

1431 3512 1531 3563 par
1554 3494 1618 3543 les
1636 3499 1778 3543 ecrite
1794 3494 1874 3543 des
1883 3493 2205 3560 philosophe-9,
2222 3511 2284 3542 ou
2303 3495 2453 3541 meme

1429 3596 1526 3646 par
1547 3577 1631 3627 dee
1662 3577 1897 3626 doctrines
1909 3577 2104 3643 fondees
2129 3595 2214 3626 sur
2238 3576 2450 3625 l'erreur.
