2502 4134
291 94 410 154 420
490 89 494 92 ’

894 116 1087 155 TRACT.
1138 118 1206 154 ΒΕ
1250 117 1402 157 mols
1443 120 1821 161 annotoalcls.

298 262 373 323 ad
408 265 595 322 Deum
638 263 870 340 ipsum,
913 261 1013 342 qui
1052 281 1112 320 se
1150 261 1580 335 communicat,
1625 283 1745 322 non
1789 275 1985 324 autem
2022 266 2097 325 ad
2133 271 2416 328 unionem

297 359 578 430 refertur,
619 354 862 437 perinde
910 376 974 415 ac
1025 356 1074 414 si
1117 355 1311 432 anima
1358 356 1524 416 fieret
1567 357 2093 420 consubstantialis
2126 363 2277 435 Dec,
2319 375 2419 422 aut

295 455 449 511 Deus
499 471 634 509 cum
676 450 799 531 ipsa
867 454 1223 530 hypostatice
1262 450 1563 525 uniretur,
1607 472 1738 532 quae
1780 450 2031 513 absurda
2064 469 2241 532 sunt,
2288 469 2347 517 et
2385 479 2418 517 a

302 549 542 606 Patrum
566 566 631 603 ac
668 544 975 604 doctorum
1006 554 1207 605 mente
1233 591 1248 617 .‚
1287 544 1387 626 qui
1415 544 1576 604 illam
1601 546 1955 607 sententiam
1978 558 2252 622 tuentur,
2289 575 2419 612 om-

295 641 439 699 nino
467 639 864 701 abhorrentia.
912 642 1047 699 Haec
1081 641 1241 700 enim
1267 642 1646 721 quantumvis
1685 641 2000 700 arctissima
2029 644 2169 702 unio
2188 667 2419 729 semper

294 746 493 796 manet
535 748 594 796 et
633 747 722 796 est
767 736 1175 796 accidentalis,
1223 737 1592 817 Quapropter
1639 736 1934 795 immerito
1974 738 2278 814 nonnulli,
2315 744 2418 824 qui

297 832 658 904 timuerunt,
709 830 809 889 ubi
861 851 983 889 non
1023 842 1148 890 erat
1180 831 1392 904 timor,
1435 831 1497 888 in
1535 829 1845 890 adversam
1878 831 2027 891 forte
2067 836 2418 897 sententiam

298 926 528 1011 prolabi
569 927 670 987 visi
705 937 879 1000 sunt,
913 948 1034 985 non
1070 925 1244 985 aliam
1290 926 1410 986 fere
1449 928 1695 1006 gratiam
1722 929 2178 989 sanctificantem
2203 931 2418 995 admit-

240 1064 242 1066 -
296 1035 524 1097 tenteS,
572 1044 748 1104 quam
787 1044 919 1104 quae
955 1022 1219 1081 consistit
1260 1021 1321 1079 in
1362 1023 1561 1082 favore
1612 1022 1867 1105 quodam
1910 1023 2014 1084 Dei
2061 1046 2125 1084 ac
2158 1025 2418 1091 benevo-

291 1118 475 1179 lentia
513 1120 680 1197 juxta
706 1117 917 1200 placita
951 1117 1437 1177 Lutheranorum.

377 1214 514 1274 131.
566 1214 766 1295 Neque
791 1213 1013 1294 pariter
1037 1213 1283 1271 incusari
1310 1212 1669 1293 pantheismi
1702 1222 1980 1295 possunt,
2014 1237 2156 1297 quos
2185 1217 2247 1276 in
2272 1213 2416 1299 phi-

291 1310 554 1394 losophia
582 1310 790 1370 sectari
822 1308 1074 1368 delectat
1092 1318 1193 1367 aut
1219 1319 1468 1388 systema
1491 1308 1565 1368 de
1594 1309 1737 1368 ideis
1762 1310 1976 1369 innatis
2001 1355 2016 1386 ,
2049 1322 2150 1371 aut
2164 1324 2415 1393 systema

289 1406 652 1489 platonicum
692 1415 792 1464 aut
834 1403 1414 1463 malebranchianum
1451 1403 1562 1483 (l).
1598 1403 1894 1485 Quidquid
1925 1426 2099 1485 porro
2144 1406 2219 1465 de
2260 1411 2416 1485 ejus-

290 1501 454 1560 modi
480 1500 704 1583 placitis
729 1498 1146 1580 philosophicis
1172 1499 1280 1572 sit,
1316 1519 1567 1578 quorum
1591 1509 1856 1556 nostrum
1888 1520 2009 1557 non
2037 1512 2123 1570 est
2146 1500 2238 1560 hic
2261 1502 2413 1562 ferre

286 1596 570 1676 judicium
590 1642 605 1670 ,
647 1596 747 1678 qui
783 1594 1027 1681 professi
1052 1615 1287 1667 sumus,
1318 1613 1384 1651 ea
1409 1615 1514 1651 nos
1543 1588 1703 1651 haud
1730 1605 1990 1674 spectare
2009 1639 2025 1668 ,
2069 1594 2178 1654 nisi
2207 1607 2413 1677 quate·

288 1714 400 1752 nus
438 1692 781 1752 relationem
817 1689 1040 1749 habent
1080 1690 1154 1747 ad
1189 1687 1403 1762 fidem,
1444 1708 1566 1746 non
1595 1709 1903 1768 possumus
1936 1699 2136 1749 tamen
2167 1711 2263 1750 eos
2286 1714 2410 1751 non

353 1887 426 1952 (l)
464 1885 585 1936 Cum
624 1886 760 1935 nobis
796 1886 1086 1951 propositum
1135 1882 1195 1932 sit
1237 1901 1313 1932 eas

288 1979 473 2017 tantum
516 1969 862 2034 philosophicas
902 1967 1136 2015 doctrinas
1171 1967 1335 2015 attin--

287 2068 419 2116 gere,
447 2069 547 2117 quae
573 2050 747 2116 absque
777 2050 883 2097 fidei
906 2049 1147 2113 dispendio
1167 2047 1308 2095 susti-

287 2136 387 2181 neri
431 2144 709 2199 nequeunt‚
753 2133 832 2180 hic
877 2133 933 2180 ad
971 2149 1068 2180 rem
1102 2141 1304 2180 nostram

286 2216 699 2264 animadvertimus
723 2232 737 2263 ε
767 2223 814 2263 ιο
834 2214 1103 2263 Doctrinam
1125 2252 1137 2274 ,
1165 2233 1191 2262 a
1209 2232 1307 2262 non

285 2299 446 2363 paucis
481 2300 622 2346 etiam
656 2298 876 2361 theologis
913 2297 1024 2345 olim
1059 2299 1304 2361 praesertim

288 2378 530 2428 defensam
555 2415 568 2438 ,
600 2378 658 2427 de
685 2378 921 2444 aliquibus
948 2378 1063 2427 ideis
1090 2379 1306 2426 humanae

290 2465 434 2510 menti
459 2465 739 2527 congenitis,
776 2462 843 2510 nil
871 2461 1042 2511 habere
1074 2463 1200 2528 quod
1233 2462 1306 2512 vel

284 2545 447 2593 leviter
500 2545 778 2609 pantheismi
826 2562 1023 2592 errorem
1077 2544 1303 2606 redoleat;

285 2625 443 2675 Patres
477 2629 616 2675 etiam
651 2627 933 2693 quandoque
965 2626 1052 2675 Dei
1085 2629 1306 2692 cognitio-

286 2725 396 2756 nem
417 2707 690 2756 naturalem
719 2703 963 2771 dixerunst
996 2711 1077 2756 etsi
1096 2711 1302 2774 ipsorum

286 2789 387 2839 loca
417 2792 661 2840 commode
691 2781 912 2857 explicari
943 2801 1118 2857 queant
1146 2792 1203 2839 de
1234 2792 1303 2840 fa-

285 2874 458 2922 cillima
497 2893 550 2923 ac
581 2875 722 2923 veluti
756 2884 1010 2939 spontanea
1043 2872 1184 2939 hujus
1218 2893 1303 2923 no·-

288 2955 430 3004 tionis
470 2959 807 3022 acquisitione,
847 2961 975 3024 juxta
1014 2956 1064 3005 S.
1109 2956 1303 3006 Thomae

286 3041 639 3101 expositionem.
674 3048 726 3086 2⁰
751 3038 841 3104 Qui
865 3039 992 3087 ideas
1017 3039 1175 3087 saltem
1194 3043 1301 3088 uni-

283 3119 483 3168 versales
513 3121 782 3171 immediate
820 3140 845 3170 a
871 3121 968 3170 Deo
1001 3124 1099 3186 ipso
1131 3125 1322 3170 animae‘

288 3199 495 3249 exhiberi
542 3204 842 3260 defenderet,
892 3214 972 3252 aut
1018 3207 1203 3252 unicam
1250 3208 1301 3252 in

284 3292 443 3331 mente
460 3283 662 3333 hominis
682 3288 988 3336 universalem
1012 3287 1162 3335 ideam
1181 3290 1300 3335 exis-

287 3372 384 3413 tere
408 3375 637 3426 tueretur,
666 3385 768 3434 quae
798 3373 943 3417 instar
963 3370 1206 3435 cujusdam
1225 3387 1301 3418 su-

286 3450 434 3512 premi
461 3448 650 3497 luminis
671 3467 695 3496 a
720 3450 818 3499 Deo
842 3452 977 3499 inditi
1001 3454 1160 3500 ceteris
1187 3452 1299 3500 ideis

283 3530 585 3582 efformandis
614 3534 762 3582 Facem
791 3535 933 3583 veluti
958 3535 1203 3599 praeberet,
1228 3535 1295 3583 nil

283 3618 420 3665 etiam
451 3633 556 3664 cum
601 3616 891 3680 pantheismo
928 3617 1120 3667 haberet
1160 3634 1289 3667 eom-

1396 1900 1555 1932 mune.
1595 1882 1647 1931 3⁰
1675 1881 2011 1931 Malebranchii
2049 1883 2238 1932 demum
2269 1883 2411 1949 placi-

1395 1977 1531 2026 tum,
1582 1967 1799 2031 quodque
1842 1964 1984 2014 etiam
2025 1983 2049 2013 a
2088 1965 2410 2014 Thomassinio

1396 2044 1492 2115 jam
1526 2048 1672 2095 fuerat
1699 2047 1937 2096 defensum
1958 2084 1972 2106 ,
2007 2065 2100 2113 quo
2122 2065 2203 2096 res
2229 2050 2278 2095 in
2307 2050 2407 2112 ipso

1395 2129 1493 2178 Deo
1528 2146 1607 2177 nos
1642 2129 1792 2177 videre
1828 2128 2106 2188 contendit,
2146 2130 2317 2178 scilicet
2355 2131 2407 2178 in

1395 2213 1511 2260 ideis
1542 2213 1652 2275 ipsis
1689 2211 1944 2276 archetypis
1981 2210 2098 2270 Dei,
2141 2214 2177 2258 si
2210 2211 2299 2259 illae
2327 2229 2407 2260 ex·

1393 2293 1663 2359 plicationes
1696 2311 1784 2358 prae
1812 2293 1956 2342 oculis
1986 2293 2272 2356 habeantur,
2301 2296 2408 2360 qui-

1394 2377 1483 2425 bus
1511 2376 1885 2425 Malebranchius
1915 2379 2008 2441 ipse
2038 2394 2170 2425 suam
2206 2387 2408 2426 mentem

1395 2461 1574 2525 aperuit
1600 2497 1612 2519 ‚
1645 2476 1699 2507 ac
1732 2461 1981 2524 praesertim
2019 2475 2070 2507 eo
2108 2477 2243 2508 sensu
2267 2477 2360 2526 quo
2380 2478 2406 2508 a

1395 2540 1597 2591 Gerdilio
1632 2541 1721 2589 fuit
1751 2541 2043 2606 explanatum
2064 2579 2078 2602 ,
2117 2539 2407 2607 pantheismo

1394 2628 1604 2674 immune
1617 2631 1684 2672 est
1696 2639 1711 2687 ς
1729 2642 1816 2673 nec
1831 2642 2072 2689 possumus
2085 2625 2274 2675 effatum
2290 2623 2407 2673 illud

1394 2709 1600 2758 Cousinii
1639 2726 1734 2756 non
1777 2709 2070 2774 improbare,
2120 2710 2233 2757 dum
2278 2716 2407 2757 vocat

1393 2791 1796 2840 Malebranchium
1833 2790 1874 2839 Ie
1916 2789 2131 2856 Spinoza
2171 2791 2401 2837 cliretae‘en.

1392 2872 1607 2921 Attamen
1649 2889 1813 2937 magna
1842 2882 1964 2920 certe
1999 2872 2176 2920 cautela
2209 2887 2261 2918 ac
2291 2885 2405 2935 prae-

1390 2955 1565 3004 cisione
1584 2955 1798 3003 idearum
1828 2972 1941 3019 opus
1970 2962 2066 3012 est,
2097 2969 2186 3011 ne,
2215 2953 2296 3018 qui
2315 2952 2405 3000 tale

1390 3048 1584 3103 systema
1614 3047 1869 3095 sectantur,
1903 3035 2186 3101 pantheismo
2220 3035 2400 3083 aditum

1389 3122 1588 3187 aliquem
1617 3122 1843 3185 aperiant.
1872 3118 2005 3176 Certe
2031 3117 2400 3165 Malebranehius

1388 3220 1629 3270 nunquam
1650 3202 1833 3260 docuit,
1859 3216 1944 3248 nos
1959 3199 2166 3247 absolute
2181 3198 2265 3247 Dei
2286 3200 2400 3247 sub-

1389 3289 1600 3334 stantiam
1623 3322 1635 3344 ,
1669 3296 1745 3332 aut
1775 3286 1915 3348 ipsam
1938 3285 2181 3329 essentiam
2212 3282 2395 3339 videre,

1388 3371 1647 3436 quinimmo
1673 3365 1721 3414 id
1745 3384 1770 3413 a
1798 3382 1845 3413 se
1863 3365 2028 3429 repulit
2058 3364 2184 3428 (cfr.
2214 3363 2393 3414 Gerdil.

1389 3451 1596 3515 De'fimse
1614 3449 1671 3496 de
1680 3446 2021 3496 Malebranche
2030 3483 2046 3508 ,
2065 3465 2174 3512 opp.
2187 3457 2298 3494 tom.
2314 3462 2361 3492 iv
2379 3481 2394 3504 ,

1382 3551 1488 3599 pag.
1540 3529 1679 3595 164);
1717 3531 1840 3596 quod
1878 3536 2037 3578 tamen
2075 3528 2290 3578 nonnulli
2321 3544 2392 3576 re·

1383 3617 1607 3666 centiores
1644 3614 1730 3662 sibi
1763 3616 2051 3678 permittunt.
