2502 4134
2070 127 2184 187 367

301 159 459 196 PAR'r.
510 155 594 192 111.
638 153 773 193 SEGT
817 154 859 191 1.
907 152 1032 189 CAP.
1079 151 1117 190 l.
1162 151 1228 187 DE
1271 148 1397 190 ΕΔΤ.
1451 152 1578 195 AM·-
1628 150 1733 189 Fu),
1786 150 1966 188 SPEGT.

166 301 263 359 48.
314 299 401 358 Ad
422 299 531 374 2¹1¹,
557 299 706 355 Dist.
730 297 806 354 Ex
833 294 1059 354 defectu
1086 294 1349 354 exercitii
1374 305 1547 378 atque
1570 293 1916 356 evolationis
1940 292 2190 375 propriae

85 393 369 454 facultatis
402 391 699 450 rationalis
721 436 735 465 ,
776 402 998 458 trans.,·
1028 411 1100 449 ex
1132 388 1360 448 defectu
1395 390 1571 448 insito
1603 389 1857 448 facultati
1879 388 2013 469 ipsi,
2056 409 2184 467 neq,

86 490 230 548 Cum
276 487 570 569 loquimur
614 485 686 544 de
733 484 1038 558 facultate,
1087 505 1198 565 qua
1244 483 1426 564 pollet
1469 483 1728 543 humana
1774 483 1956 557 rati0,
2005 485 2192 541 Deum

83 582 461 664 cognoscendi
481 586 719 663 ejusque
746 580 1115 639 existentiam
1135 577 1614 653 demonstrandi,
1639 599 1768 637 eam
1797 578 2188 658 significamus

83 678 219 736 satis
256 677 566 737 exercitam
605 688 780 757 atque
825 674 1155 747 evolutam,
1197 672 1355 753 quod
1396 674 1462 730 fit
1514 693 1625 753 ope
1680 674 1965 733 societatis
2013 684 2190 753 atque

84 772 567 832 adminiculorum
589 816 605 846 ,
635 791 761 852 quae
793 772 854 828 in
886 770 1156 829 societate
1182 767 1586 849 reperiuntur,
1620 787 1860 849 quaeque
1891 779 2044 828 certe
2077 766 2192 827 sibi

85 889 421 950 comparare
461 866 619 927 haud
665 876 891 946 potest,
919 865 1022 946 qui
1051 874 1215 924 extra
1253 874 1577 922 ceterorum
1613 861 1919 921 hominum
1956 884 2190 923 consor-

86 965 233 1022 tium
262 963 520 1021 nutritur
548 972 607 1021 et
640 959 935 1020 adolescit.
964 959 1076 1031 Qui
1109 959 1170 1016 in
1205 956 1364 1019 silvis
1408 967 1579 1032 natus
1613 967 1796 1032 esset,
1836 957 1988 1017 illius
2023 979 2193 1018 exer·

87 1058 204 1116 citii
233 1068 293 1117 et
327 1056 675 1118 evolutionis
709 1053 938 1114 defectu
969 1074 1091 1111 non
1117 1050 1290 1110 modo
1315 1051 1420 1110 Dei
1450 1050 1752 1125 notitiam,
1782 1063 1848 1110 ut
1877 1051 2192 1114 liberaliter

85 1153 261 1210 etiam
301 1149 645 1212 adversariis
682 1147 926 1220 demUS,
966 1145 1069 1206 sed
1113 1166 1306 1227 neque
1347 1157 1672 1205 ceterarum
1715 1167 1911 1223 rerum
1950 1147 2026 1207 ad
2062 1149 2193 1211 vitae

85 1245 304 1304 cultum
333 1243 720 1325 spectantium
745 1241 1137 1321 cognitionem
1169 1252 1230 1300 et
1257 1240 1781 1322 usumvacquireret
1798 1284 1815 1316 ,
1849 1263 1991 1322 quas
2019 1264 2193 1303 nemo

84 1351 281 1399 tamen
316 1339 467 1398 dicet
493 1357 599 1418 per
626 1335 810 1396 solam
845 1336 1132 1396 rationem
1169 1334 1422 1395 obtineri
1461 1357 1581 1394 non
1614 1357 1805 1417 posse.
1835 1337 2019 1396 Nimis
2058 1359 2193 1418 ergo

84 1432 292 1516 probat
330 1431 439 1491 hoc
467 1431 846 1513 exemplum,
891 1453 958 1491 ac
993 1430 1144 1490 nihil
1188 1442 1498 1514 propterea
1533 1429 2174 1513 probat..

163 1527 261 1587 49.
311 1527 400 1586 Ad
432 1526 538 1601 3¹¹¹,
584 1530 747 1586 Dz'st.
787 1527 1190 1608 Praesupponit
1223 1526 1644 1587 demonstratio
1691 1548 1762 1586 ex
1799 1538 1966 1610 parte
1999 1508 2193 1604 illius,

83 1623 182 1703 qui
207 1643 334 1681 eam
360 1622 622 1694 conficit
652 1622 960 1682 veritatem
985 1622 1068 1681 rei
1090 1621 1562 1690 demonstrandae
1584 1622 1943 1702 hypothetice
1955 1665 1981 1696 ,
2007 1644 2193 1684 conc?
2153 1668 2189 1694 .,

82 1719 375 1785 absolute,
402 1739 528 1796 neq.
563 1718 669 1775 Hic
705 1718 863 1776 enim
897 1717 1135 1776 effectus
1162 1729 1250 1777 est
1279 1717 1814 1778 demonstrationiS.
1848 1718 1939 1778 Sic
1964 1710 2141 1779 etiam
2172 1741 2187 1778 ε

85 1833 155 1872 ex
178 1823 347 1893 parte
378 1811 530 1871 illius
550 1857 566 1887 ,
599 1813 665 1870 in
690 1816 849 1890 cujus
874 1813 1118 1892 gratiam
1142 1813 1210 1871 fit
1232 1808 1687 1888 demonstratio,
1728 1814 1940 1875 veritas
1968 1825 2198 1894 tenetur

84 1919 152 1966 ut
183 1908 680 1977 demonstranda,
717 1929 920 1975 conc.,·
955 1919 1022 1966 ut
1049 1909 1484 1978 demonstrata,
1522 1930 1650 1988 neq.
1679 1910 2006 1990 Antequam
2036 1911 2195 1969 enim

84 2002 321 2081 alicujus
369 2003 629 2062 veritatis
682 2002 1107 2062 demonstratio
1152 2004 1292 2078 fiat,
1347 2014 1539 2086 potest
1588 2007 1709 2081 ejus
1759 2003 2196 2087 qualiscumque

83 2097 289 2158 haberi
331 2098 614 2178 cognitiO,
657 2097 731 2159 de
777 2121 890 2182 qua
937 2098 1143 2181 aliquis
1190 2098 1400 2158 dubius
1445 2120 1511 2158 ac
1553 2099 1808 2158 incertus
1853 2100 2094 2175 existat,
2135 2111 2197 2161 at

86 2204 396 2274 postquam
432 2194 552 2254 vim
590 2194 1099 2254 demonstrationis
1143 2195 1434 2276 percepit,
1480 2215 1609 2254 eam
1639 2194 2070 2276 quodammodo
2092 2217 2191 2255 ra-

87 2288 244 2347 tione
285 2310 386 2347 sua
432 2289 731 2363 intuetur,
780 2290 1179 2365 convincitur,
1233 2301 1293 2348 et
1337 2288 1737 2348 omnimodam
1784 2290 2196 2351 certitudinem

88 2384 448 2465 assequitur,
484 2405 662 2466 quam
695 2396 869 2444 antea
906 2406 1029 2443 non
1063 2382 1354 2459 habebat,
1399 2395 1502 2443 aut
1538 2382 1746 2442 saltem
1787 2399 1909 2442 non
1942 2383 2198 2445 habebat

90 2576 244 2621 sertim
274 2573 332 2622 cl.
358 2572 427 2621 De
454 2572 640 2621 Maistre
662 2591 714 2622 ac
736 2574 793 2621 de
815 2573 990 2622 Bonald
1014 2591 1101 2622 nec

89 2672 184 2703 non
222 2658 451 2703 recentius
484 2653 723 2714 Rosmini,
762 2654 943 2721 Opusc.
971 2655 1097 2719 filos.

88 2738 171 2784 cit.
199 2746 312 2784 tom.
347 2753 390 2796 1,
417 2754 518 2801 pag.
543 2734 603 2802 57
626 2731 1098 2802 ets'eqq.etDmows-

88 2819 166 2879 ki,
201 2818 368 2868 Instit.
403 2817 581 2884 philos.
619 2830 734 2867 tom.
775 2836 843 2878 1‚.
872 2817 1098 2884 Psychol.

88 2915 198 2966 pag.
230 2900 327 2966 372
360 2911 405 2948 et
430 2919 562 2967 seqq.
592 2901 762 2966 aliique
794 2900 955 2948 validis
987 2917 1096 2948 sa-ne

91 2984 363 3046 argumentis
401 2999 503 3030 eam
547 2985 760 3032 evincere
803 2983 1097 3045 studuerint,

93 3077 187 3109 non
212 3066 344 3126 pauci
377 3073 531 3112 tamen
557 3066 675 3112 inter
707 3066 1002 3122 recentiores,
1030 3081 1101 3112 re-

94 3140 238 3205 ligiosi
279 3146 416 3193 etiam
457 3145 757 3211 philosophi,
801 3148 866 3193 uti
907 3145 1100 3209 Gallup-

95 3223 228 3285 pius,
269 3223 530 3287 Bonellius,
568 3237 659 3277 etc.
699 3227 1013 3292 refragantur,
1047 3242 1101 3274 ac

97 3307 343 3367 praesertim
361 3306 431 3358 Cl.
446 3309 704 3370 ‘Forichon‚
730 3313 781 3358 in
802 3328 878 3375 op.
896 3312 968 3358 Le
992 3326 1099 3357 ma-

95 3383 352 3434 terialismc
372 3396 415 3436 et
435 3388 482 3437 la
501 3391 811 3457 phrenoloqie
837 3391 1101 3440 combustus

97 3462 219 3511 dans
253 3464 377 3514 leurs
410 3469 732 3535 fundamenta,
775 3472 898 3527 Paris
939 3469 1095 3536 1840,

96 3562 199 3609 pag.
219 3544 319 3597 216
342 3559 385 3598 et
407 3567 535 3618 seqq.
551 3554 744 3604 Bonaldi
761 3553 882 3605 etde
898 3553 1098 3604 Lamen-

97 3630 199 3676 nais
213 3640 475 3694 argumenta
497 3621 730 3687 infirmare
749 3648 960 3688 conatur.
972 3637 1098 3686 Num

1182 2559 1322 2638 igitur
1350 2571 1404 2621 in
1434 2573 1684 2638 quaestione
1713 2572 1965 2621 admodum
1993 2572 2195 2639 implexa

1184 2656 1539 2704 fundamentum
1569 2655 1787 2703 realitatis
1818 2673 1872 2704 ac
1903 2657 2195 2704 certitudinis

1183 2738 1494 2786 humanarum
1527 2738 1843 2801 cognitionum
1875 2736 2089 2786 collocari
2115 2754 2198 2803 po-

1183 2822 1324 2869 terit?
1362 2820 1415 2868 3⁰
1439 2819 1566 2867 Licet
1592 2819 1917 2881 admittamus,
1947 2835 2196 2885 argumen-

1184 2912 1282 2949 tum
1327 2919 1378 2949 ex
1419 2904 1598 2968 origine
1637 2901 1834 2968 loquelae
1869 2901 2195 2967 depromptum

1182 2983 1359 3030 utiliter
1396 2999 1526 3047 posse
1565 2982 1705 3031 veluti
1739 2984 1790 3030 in
1819 2981 2077 3031 subsidium
2108 2982 2193 3032 ad·

1182 3066 1332 3112 vocari
1361 3064 1420 3112 ad
1450 3064 1652 3112 hominis
1669 3081 1824 3113 veram
1843 3066 2064 3129 originem
2089 3065 2196 3130 phi-

1183 3146 1417 3210 losophice
1439 3145 1736 3194 evincendam
1749 3183 1763 3206 ,
1783 3163 1880 3194 non
1906 3146 2021 3195 adeo
2038 3156 2195 3197 tamen

1185 3227 1482 3276 ineluctabile
1499 3227 1646 3276 videri
1672 3237 1846 3292 posset,
1874 3243 1928 3276 ac
1949 3227 2193 3278 adversarii

1183 3311 1463 3358 existimant.
1502 3308 1593 3358 Sed
1634 3310 1723 3358 hoc
1763 3312 1900 3358 etiam
1939 3327 2156 3380 concesso
2177 3346 2191 3371 ,

1182 3408 1298 3439 num
1333 3408 1427 3440 non
1452 3393 1537 3439 erit
1564 3409 1670 3439 vcra
1697 3390 2013 3456 philosophica
2044 3409 2097 3440 ac
2122 3408 2195 3439 ra-

1181 3474 1365 3537 tionalis
1387 3474 1711 3523 demonstratio
1738 3474 1797 3524 dc
1813 3476 2015 3539 supremi
2027 3473 2194 3523 Numi-

1182 3558 1254 3603 nis
1281 3557 1521 3605 existentia
1540 3592 1554 3615 ‚
1587 3555 1636 3603 id
1670 3556 1797 3622 quod
1829 3557 2192 3605 adversariorum

1180 3640 1404 3703 principia
1431 3639 1540 3687 satis
1569 3655 1647 3702 per
1672 3655 1721 3687 se
1747 3637 2058 3688 convelleret?
