2502 4134
253 97 367 157 156

850 124 1047 165 TRACT.
1096 128 1165 164 DE
1210 127 1362 167 mols
1404 129 1785 169 THEOLOGICIS.

248 261 418 323 homo
439 270 590 339 Dei,
617 268 703 326 ad
723 288 893 328 omne
917 291 1066 351 opus
1101 272 1328 330 honum
1361 276 1720 334 instructus,
1757 272 1979 348 Quibus
2010 271 2210 334 verbis·
2233 297 2346 358 qua
2377 303 2382 322 ²

249 368 385 419 tuor
419 363 711 444 praecipua
756 364 1009 425 doctoris
1046 366 1348 426 christiani
1380 369 1566 430 officia
1607 370 1942 452 complexus
1972 380 2059 429 est
2084 412 2102 443 ,
2141 369 2215 427 ad
2252 390 2381 451 quae

247 455 407 514 utilis
447 468 535 515 est
570 459 887 540 Scriptura.
937 465 1071 524 Haec
1114 485 1330 546 nempe
1370 478 1509 524 sunt
1546 468 1806 548 primum
1835 469 2034 526 docere
2069 466 2380 526 veritatem
2453 532 2464 541 ,Α

246 551 418 627 fidei,
442 555 765 615 secundum
786 561 1049 637 refellere
1073 582 1294 620 errores
1323 554 1456 620 fidei
1475 561 1854 622 adversantes
1878 608 1894 637 .‚
1925 563 2167 621 tertium
2187 560 2382 621 admo·
2419 610 2432 632 ,

249 647 573 707 nitionibus
598 663 656 710 et
684 655 1150 736 correptionibus
1169 658 1522 736 depravatos
1537 677 1726 717 mores
1750 661 2157 738 redinteyrare
2173 706 2190 728 ‚
2215 679 2384 738 quar-

246 752 377 801 tum
400 747 715 806 instituere
738 752 1157 830 adj-ustitiam
1174 796 1197 824 ,
1228 751 1300 810 ad
1330 754 1466 812 vitee
1495 753 1765 813 videlicet
1793 756 2237 814 sanctimoniam
2269 754 2383 835 (1).

247 840 316 898 In
344 846 779 904 commentariis
809 847 1061 929 proinde
1105 850 1221 907 suis
1259 848 1383 909 haec
1408 850 1778 931 potissimum
1818 872 1941 932 prae
1980 851 2157 910 oculis
2194 850 2381 910 habe—

243 933 334 994 bit
371 935 688 999 catholicus
729 956 1002 1024 exegeta,
1048 945 1123 1003 ad
1161 965 1287 1027 quae
1318 945 1539 1016 facilius
1582 968 1647 1006 ac
1685 946 2016 1028 praeclarius
2061 946 2383 1006 obtinenda

244 1045 463 1115 praesto
504 1036 613 1118 ipsi
653 1051 859 1116 erunt,
903 1040 1084 1100 veluti
1119 1053 1411 1123 oportuna
1454 1041 1711 1100 subsidia
1741 1088 1757 1116 .,
1811 1054 1937 1100 tum
1983 1042 2385 1123 antiquiorum

244 1127 578 1212 linguarum
618 1136 823 1194 notitia
856 1181 872 1209 7
921 1136 1131 1217 quibus
1174 1137 1307 1196 libri
1346 1139 1649 1221 utriusque
1684 1139 1917 1198 foederis
1957 1139 2178 1199 exarati
2210 1149 2382 1214 sunt,

246 1246 382 1285 cum
411 1227 584 1289 valde
607 1229 695 1290 hae
714 1232 1017 1292 conferant
1036 1232 1109 1291 ad
1130 1255 1335 1294 verum
1356 1235 1793 1317 Scripturarum
1811 1257 2049 1293 sensum
2068 1256 2388 1317 assequen-

249 1322 397 1382 dum
415 1324 535 1404 (2);
558 1336 688 1386 tum
714 1327 941 1388 assidua
962 1340 1297 1388 sanctorum
1322 1331 1563 1391 Patrum
1591 1332 1762 1392 lectio
1781 1380 1797 1409 ,
1825 1353 1934 1391 nec
1957 1353 2073 1390 non
2090 1332 2388 1412 potiorum

242 1422 636 1509 interpretum
674 1437 734 1484 et
759 1429 1160 1508 expositorum
1204 1427 1406 1488 crebra
1447 1429 1739 1503 evoluti03
1779 1452 2013 1489 morum
2044 1440 2103 1488 et
2133 1449 2382 1488 consue-

242 1518 520 1579 tudinum
551 1520 806 1581 hebraici
838 1524 1042 1605 populi
1078 1547 1201 1583 non
1240 1546 1402 1584 secus
1430 1546 1496 1584 ac
1537 1526 1786 1585 aliarum
1831 1527 2210 1606 antiquarum
2237 1544 2383 1603 gen-

248 1615 399 1674 tium
427 1617 676 1696 cognitio
696 1644 711 1691 ς
733 1620 939 1677 notitia
963 1619 1353 1699 chronologiae
1370 1632 1429 1680 et
1442 1622 1802 1705 geographiae
1820 1641 1994 1679 sacrae
2013 1645 2028 1693 ς
2046 1618 2182 1677 libri
2208 1620 2384 1678 etiam

241 1710 590 1772 thalmudici
613 1725 672 1772 et
694 1713 983 1774 rabbinici
1005 1762 1020 1791 7
1046 1718 1145 1798 qui
1166 1716 1434 1799 pluribus
1459 1720 1896 1799 Scripturarum
1921 1715 2176 1776 textibus
2194 1715 2386 1775 lucem

242 1806 452 1867 afferre
497 1822 743 1890 possunt
767 1857 783 1886 ,
822 1814 1149 1893 praesertim
1184 1813 1244 1872 in
1281 1812 1663 1873 allusionibus
1705 1814 1780 1873 ad
1814 1815 2023 1887 effata,
2060 1815 2207 1872 ritus
2241 1835 2386 1872 con-

241 1904 696 1988 suetudinesque
713 1907 933 1986 judaici
969 1909 1206 1991 populi3
1237 1909 1477 1970 demum
1514 1910 1824 1993 multiplex
1853 1931 2025 1970 sacrae
2066 1910 2381 1993 Scripturae

169 2007 176 2015 '
244 2022 468 2062 sensus,

325 2099 468 2158 239.
517 2101 611 2159 IV.
650 2101 719 2159 Et
745 2100 820 2160 ad
856 2101 963 2161 hos
1006 2101 1248 2184 quidem
1277 2102 1469 2161 varios
1508 2103 1825 2184 Scripturae
1854 2123 2056 2161 sensus
2082 2101 2384 2183 speciatim

241 2194 404 2277 quod
442 2196 693 2269 attinet,
742 2219 862 2257 non
906 2220 1000 2258 nie
1041 2198 1223 2278 fugit,
1274 2198 1595 2257 nonnullos
1625 2220 1698 2258 ex
1733 2196 2156 2258 recentioribus
2198 2199 2379 2257 etiam

242 2290 537 2351 catholicis
568 2315 628 2353 se
649 2298 777 2373 jam
797 2295 1058 2355 difficiles
1083 2294 1342 2377 praebere
1363 2296 1425 2355 in
1463 2295 1576 2354 illis
1610 2293 1995 2355 admittendis
2018 2293 2134 2374 (3).
2169 2295 2384 2354 Verum

313 2554 383 2619 (l)
420 2553 520 2604 Cfr.
541 2555 766 2606 Bernard.
784 2575 810 2606 a
829 2556 1021 2606 Piconio
1035 2595 1048 2619 ,
1070 2560 1121 2605 in
1141 2557 1272 2606 hunc

240 2636 315 2685 loc

312 2720 383 2785 (2)
422 2720 523 2772 Cfr.
556 2721 698 2774 Corn.
729 2742 754 2772 a
786 2722 996 2791 Lapide,
1033 2727 1084 2773 in
1108 2720 1272 2773 Prooe-

243 2805 343 2853 mio
372 2813 416 2852 et
439 2807 653 2854 encomio
680 2807 736 2858 S.
770 2807 1065 2874 Scriptura),
1091 2818 1205 2857 sect.
1234 2825 1270 2857 ι.

243 2886 317 2937 Cf.
345 2891 485 2938 etiam
518 2889 726 2940 Sei-arius
747 2928 761 2952 ,
794 2894 845 2939 in
874 2889 1065 2956 Proleq.
1107 2889 1269 2940 biblio.

244 2987 349 3037 cap.
373 2988 455 3021 21.

313 3053 379 3117 (3)
417 3053 543 3104 Jahn
560 3094 574 3115 ‚
606 3058 656 3105 in
675 3054 972 3107 Euchiridio
992 3055 1275 3104 hermeneu-

246 3137 355 3184 τίσω
392 3138 632 3200 qeneralic
672 3139 949 3188 tabularum
998 3137 1194 3187 Veteris
1233 3149 1278 3187 et

246 3216 380 3268 Novi
417 3219 745 3283 Testamenti,
780 3221 919 3271 Vien.
947 3219 1106 3285 1812,
1132 3218 1158 3286 §
1187 3223 1274 3285 14,

253 3298 316 3348 15
346 3310 393 3348 et
426 3297 486 3348 16
507 3339 520 3361 ‚
554 3320 825 3369 quanquam
865 3305 1080 3353 admittat
1120 3304 1278 3370 dupli-

248 3399 349 3432 cem
380 3401 595 3443 sensum,
624 3386 961 3435 inunediatum
991 3405 1071 3436 seu
1101 3387 1279 3435 littera-

248 3465 342 3515 lem
374 3477 418 3515 et
440 3466 717 3516 historicum
736 3487 788 3517 ac
807 3487 995 3518 sensum
1012 3468 1279 3518 med-iatum

250 3568 331 3600 seu
359 3551 668 3618 symbolicum
684 3590 698 3614 ,
731 3565 930 3604 coarctat
954 3565 1114 3605 tamen
1140 3557 1280 3604 nimis

250 3635 384 3683 istius
428 3653 566 3684 usum
587 3673 601 3696 ‚
654 3652 708 3684 ao
755 3654 940 3687 sensum
991 3640 1238 3704 mysticum
1264 3676 1278 3700 ,

1356 2575 1499 2624 quem
1539 2556 1695 2606 Patres
1737 2559 1985 2606 consectati
2026 2565 2164 2616 sunt,
2201 2555 2382 2603 videtur

1356 2640 1492 2704 plane
1525 2641 1803 2701 excludere3
1840 2642 1935 2687 imo
1965 2639 2175 2705 quaedam
2205 2638 2378 2697 habet,

1357 2739 1463 2789 quae
1498 2742 1662 2788 parum
1700 2723 1934 2771 abludunt
1963 2741 1988 2771 a
2021 2722 2382 2772 Protestantium

1358 2805 1560 2872 placitis.
1579 2806 1637 2854 At
1667 2806 1855 2854 ulterius
1877 2808 2015 2854 etiam
2036 2824 2297 2871 progressus
2315 2817 2383 2855 est

1360 2888 1538 2954 Arigler
1557 2927 1570 2949 ‚
1596 2891 1647 2936 in
1678 2888 2060 2938 Hermeneutica
2077 2888 2274 2938 Biblz'ca
2300 2906 2382 2954 qe·

1359 2970 1550 3033 meruli,
1583 2970 1723 3019 Vien.
1776 2968 1935 3030 1813,
1977 2973 2058 3037 qui
2097 2988 2193 3018 non
2232 2971 2382 3019 solum

1360 3071 1545 3104 sensum
1570 3056 1823 3121 mysticum
1850 3056 2045 3102 omnino
2070 3054 2251 3102 videtur
2270 3055 2382 3119 reji-

1362 3155 1488 3198 cere,
1526 3137 1604 3185 sed
1625 3135 1650 3202 §
1678 3152 1732 3185 ιο
1751 3148 1794 3185 et
1813 3154 1946 3203 seqq.
1968 3145 2238 3201 argumenta
2256 3152 2384 3183 ever-

1366 3233 1457 3270 tere
1491 3222 1690 3279 nititur,
1723 3219 1894 3283 quibus
1922 3219 2001 3267 ille
2029 3218 2204 3266 adstrui
2236 3218 2383 3280 solet3

1362 3307 1551 3370 insuper
1586 3303 1675 3350 hac
1718 3301 1825 3349 illac
1863 3300 2092 3348 nonnulla
2132 3299 2382 3365 interjicit,

1364 3405 1466 3455 quae
1485 3404 1594 3435 cum
1618 3401 1729 3433 sana
1752 3385 1963 3433 doctrina
1989 3383 2114 3431 haud
2140 3385 2388 3432 consistere

1367 3480 1576 3538 possunt.
1600 3468 1718 3518 Satis
1751 3469 1828 3516 hic
1858 3470 1916 3515 sit
1947 3470 2212 3533 speciminis
2242 3469 2386 3533 gratia

1365 3553 1654 3611 exscribere,
1692 3570 1794 3618 quae
1824 3550 1966 3600 habet
1999 3549 2025 3617 S
2061 3566 2118 3598 12
2152 3567 2166 3601 ε
2199 3549 2387 3599 Addix-

1365 3643 1479 3686 σακε
1497 3635 1681 3684 rationi
1710 3650 1960 3700 supremas
1982 3642 2148 3700 partes
2171 3632 2384 3697 deferre,
