2502 4134
2074 150 2189 209 109

395 181 552 221 PART.
600 181 665 218 11.
714 177 837 217 CAP.
887 176 975 214 111.
1023 179 1090 214 ΒΕ
1132 177 1289 214 SAGR.
1335 176 1626 213 SCRIPTUR.
1675 174 1858 211 INTER.

75 323 406 382 insistamus
454 319 762 401 exempIQ
814 316 1126 376 obscurum
1166 337 1303 376 sane
1344 326 1467 389 est.,
1511 327 1710 374 utrum
1739 324 2027 396 praecepto
2062 312 2190 388 illo,

73 415 567 499 quemadmodum
605 413 985 472 homicidium
1008 459 1023 485 s
1066 413 1145 471 sic
1172 411 1406 484 odium,
1445 412 1560 484 ira,
1592 412 1729 469 rixae
1752 455 1766 483 „
1804 421 1924 483 etc,
1955 408 2195 468 interdi-
2272 424 2275 425 ’

69 522 377 585 ceremur,
416 522 593 592 prout
631 511 820 590 reipsa
859 508 1123 567 Christus
1162 506 1462 588 exposuit7
1502 518 1561 565 et
1593 505 1785 567 Judaei
1820 504 2063 563 minime
2093 504 2195 562 in-

69 605 410 686 telligebant
443 606 556 685 (1).
594 604 780 664 Multo
815 625 954 663 vero
1000 602 1181 683 magis
1214 601 1307 662 lex
1328 647 1346 677 .,
1386 611 1562 683 prout
1594 621 1708 660 vox
1736 599 1935 659 isthaec
1971 599 2034 658 in
2063 620 2197 659 am·-

70 701 328 784 plissima
364 723 466 760 sua
502 701 919 781 significatione
960 710 1276 780 usurpatur
1295 744 1311 769 ‚
1343 697 1740 779 complectens
1769 694 2042 756 videlicet
2072 716 2199 757 non

68 808 356 879 praecepta
382 795 572 855 solum
596 795 836 854 moralia
858 840 874 869 ,
917 816 1121 855 verum
1145 793 1439 872 judicialia
1475 811 1708 874 quoque
1740 801 1806 877 ‘et
1842 810 2192 850 caeremona-

70 892 180 964 lia,
215 890 461 950 difficilis
493 891 783 950 censenda
823 901 945 963 est,
987 901 1275 971 quatenus
1316 889 1505 968 typica
1538 899 1663 947 erat
1694 896 1753 946 et
1781 883 2197 945 reconditiores

73 1009 273 1047 sensus
314 984 664 1045 includebat.
711 981 833 1043 Hac
874 985 1107 1043 ratione<
1134 995 1291 1042 recte
1329 982 1504 1041 simul
1555 990 2027 1071 componuntur,
2073 1001 2201 1061 quae

74 1080 182 1140 sibi
216 1081 468 1141 invicem
505 1078 873 1138 adversantia
915 1077 1108 1156 primo
1155 1075 1340 1135 veluti
1385 1076 1605 1133 intuitu
1649 1075 1722 1135 de
1760 1074 1862 1134 illa
1900 1074 2200 1156 praedicari

14 1251 17 1253 v
77 1176 373 1236 videntur.
416 1172 716 1232 Interdum
763 1172 922 1230 enim
943 1216 958 1244 7
990 1181 1057 1228 ut
1091 1191 1161 1229 ex
1204 1168 1470 1230 adductis
1500 1181 1663 1253 patet
1690 1171 2036 1230 testimoniis
2057 1216 2072 1244 ‚
2103 1170 2200 1231 lex

77 1271 288 1330 dicitur
323 1269 563 1337 lucida,
602 1270 854 1328 lucerna
869 1310 893 1339 ,
931 1268 1071 1336 lum,
1103 1268 1309 1326 lumen
1316 1307 1343 1340 ,
1382 1287 1455 1325 ex
1493 1266 1674 1326 altera
1704 1287 1841 1328 vero
1867 1276 2031 1346 parte
2059 1269 2200 1326 Pro-

76 1364 250 1446 pheta
285 1366 473 1422 lucem
507 1383 572 1421 ac
609 1364 814 1421 lumen
851 1383 884 1420 a
908 1363 1030 1421 Deo
1066 1360 1289 1440 flagitat
1318 1360 1393 1419 ad
1422 1366 1544 1439 ejus
1574 1362 1761 1442 legem
1798 1362 2194 1423 scrutandam.

74 1461 210 1533 Quae
248 1459 487 1540 quidem
521 1459 785 1540 apprime
814 1458 969 1516 inter
1010 1478 1070 1516 se
1106 1468 1473 1535 congruunt,
1516 1458 1564 1516 si
1607 1456 1870 1533 dicatur,
1909 1457 2098 1537 legem
2135 1459 2204 1519 in

75 1557 283 1615 litterae
318 1554 527 1613 cortice
547 1598 562 1628 ‚
588 1564 654 1625 *et
683 1563 856 1634 prout
889 1573 1159 1634 expresse
1192 1551 1413 1633 aliquid
1438 1553 1704 1635 praecipit
1742 1564 1843 1612 aut
1880 1564 2074 1628 vetat,
2108 1553 2204 1612 lu-

77 1673 215 1711 men
248 1672 311 1708 ac
341 1650 531 1709 lucem
564 1670 688 1708 esse
710 1694 724 1722 ,
756 1649 875 1707 imo
906 1647 1167 1707 lucidam
1194 1670 1431 1727 prorsus
1459 1660 1519 1707 et
1551 1649 1826 1731 planam3
1862 1661 2037 1730 prout
2068 1671 2203 1709 vero

75 1746 353 1828 implicite
388 1745 608 1827 aliquid
636 1744 888 1804 includit
910 1790 926 1818 ,
961 1755 1019 1802 et
1057 1743 1251 1826 quoad
1279 1743 1667 1825 multiplicem
1695 1766 1931 1804 sensum
1955 1766 2022 1803 ac
2044 1767 2205 1827 mys-

78 1844 219 1903 teria
240 1888 254 1916 n
293 1863 419 1924 quae
451 1841 561 1901 sub
590 1841 784 1901 littera
828 1840 1208 1916 delitescunt,
1248 1840 1554 1899 obscuram
1588 1842 1866 1916 existere,
1897 1853 1957 1901 et
1983 1840 2057 1900 ad
2083 1846 2205 1918 ejus

80 1938 526 2018 intelligentiam
549 1937 641 1999 vel
654 1937 920 1997 interiori
936 1935 1161 1995 illustra
1171 1937 1327 1997 tione
1347 1936 1442 1997 vel
1458 1937 1782 2020 interprete
1797 1959 1941 2019 opus
1958 1958 2081 1996 esse
2090 1936 2200 2017 (2).

166 2035 300 2093 166.
350 2034 438 2094 Ad
465 2034 571 2108 3¹1¹,
612 2034 761 2114 lVey.
806 2034 955 2092 Sane
993 2032 1320 2092 claritatem
1363 2032 1796 2114 Scripturarum
1833 2054 1954 2091 non
1990 2032 2208 2092 evincit

80 2127 237 2186 locus
274 2151 346 2188 ex
388 2130 559 2188 Petro
603 2128 846 2203 allatuS,
885 2128 987 2209 qui
1021 2139 1080 2187 et
1118 2128 1243 2209 ipse
1277 2127 1557 2188 obscurus
1604 2140 1692 2188 est
1728 2128 1808 2187 ita
1832 2173 1848 2202 .,
1879 2139 1946 2188 ut
1973 2130 2209 2187 Protes-

83 2232 274 2281 tantes
289 2267 305 2296 ,
331 2222 472 2281 dum
490 2245 693 2283 verum
716 2228 840 2301 ejus
863 2244 1101 2282 sensum
1121 2224 1348 2304 assequi
1366 2224 1640 2282 nituntur
1656 2269 1672 2299 ,
1694 2224 1759 2282 in
1783 2223 1970 2286 varias
1993 2222 2207 2282 abeant

85 2317 402 2376 sententias
427 2317 536 2396 (3).
578 2320 858 2399 Loquitur
892 2340 1064 2398 porro
1106 2319 1163 2376 S.
1207 2320 1412 2377 Petrus
1449 2341 1570 2377 non
1604 2318 1678 2379 de
1716 2330 1836 2378 tota
1873 2319 2167 2401 Scriptura
2188 2363 2204 2394 ,

152 2536 223 2603 (1)
262 2535 357 2583 Cfr.
380 2535 549 2584 Becan.
573 2524 670 2584 loc..
691 2537 771 2585 cit.

154 2617 220 2680 (2)
258 2617 326 2666 De
363 2628 689 2682 praeceptorum
733 2617 947 2682 Decalogi
982 2615 1105 2664 diffi-

88 2698 167 2748 cili
187 2717 242 2748 ac
258 2699 489 2764 profundo
509 2716 645 2747 sensu
663 2710 707 2747 et
730 2701 1105 2763 interpretatione

88 2790 409 2845 argumentum
426 2781 719 2832 ineluctabile
733 2781 1028 2846 suppeditant
1038 2790 1105 2827 tot

90 2868 338 2921 tractatus,
371 2866 451 2928 qui
472 2863 528 2911 ab
548 2863 888 2911 institutoribus
921 2860 1103 2911 theolo-

91 2946 172 3006 giae
201 2942 389 2992 moralis
420 2942 479 2992 ad
512 2944 696 2992 illorum
730 2944 1103 3010 explanationem

91 3026 140 3073 in
157 3025 307 3074 lucem
329 3024 438 3074 editi
469 3037 607 3085 sunt,
635 3029 715 3092 qui
743 3038 896 3075 tamen
925 3029 976 3074 in
1001 3026 1106 3090 plu-

92 3106 216 3155 ribus
243 3125 338 3155 non
367 3111 651 3157 conveniunt
680 3112 801 3157 inter
830 3126 898 3157 se.

163 3187 226 3248 (3)
262 3189 442 3254 Integra
467 3191 561 3237 huc
584 3191 779 3239 refertur
802 3190 1024 3238 Proltm'o
1048 3192 1105 3236 in

98 3265 182 3313 loc.
216 3285 247 3315 u
280 3265 411 3318 Petr.
449 3289 497 3329 ι,
541 3286 680 3337 19-21
710 3310 721 3321 .
762 3276 840 3320 cit.
868 3271 1101 3336 Knappii‚
1132 3295 1139 3301 ·

102 3362 201 3410 quae
227 3359 344 3399 tenet
369 3356 567 3417 primum
597 3345 748 3401 locuni
776 3357 895 3402 inter
912 3351 1107 3418 Scripta

102 3430 232 3475 varii
259 3437 560 3496 arqumenti,
595 3453 649 3484 ex
674 3454 765 3501 qua
794 3446 941 3501 patet,
959 3453 1105 3501 quam

103 3509 322 3559 obscurus
348 3518 407 3561 sit
437 3516 607 3565 horum
640 3519 887 3566 verborum
925 3535 1104 3566 sensus.

102 3588 178 3636 Sic
209 3594 346 3639 eliam
378 3593 697 3646 Rosenmiiller
717 3636 730 3654 ,
770 3602 818 3647 in
856 3603 948 3647 suis
980 3617 1108 3649 com-

104 3682 225 3723 mnt.
284 3676 332 3722 in
370 3676 495 3726 hunc
528 3679 614 3730 loc.
648 3693 949 3749 praeterquam
983 3683 1111 3750 quod

1191 2535 1383 2600 adoptat
1423 2537 1754 2600 expositionem
1789 2515 2027 2602 Κῃεψρὶἰ,ε
2064 2554 2209 2603 quam

1190 2618 1403 2676 adducit,
1433 2618 1621 2666 subdit:
1646 2616 1701 2663 V
1697 2619 1906 2667 aticinia
1928 2617 1984 2665 V
1979 2628 2043 2669 et.
2072 2618 2207 2668 Text.

1190 2699 1421 2747 doctrina?
1472 2699 1829 2766 Prophetarum
1868 2711 2211 2767 comparamur

1193 2783 1248 2845 (a
1268 2781 1315 2830 S.
1338 2781 1502 2846 Petro)
1537 2798 1645 2829 cum
1677 2781 1873 2830 lucerna
1889 2819 1902 2843 ‚
1938 2786 2055 2847 quia
2077 2799 2210 2830 mon-

1190 2863 1404 2911 strabant
1433 2864 1624 2927 quidem
1647 2866 1778 2911 viam
1797 2863 1966 2911 salmis
1983 2901 1997 2921 ,
2027 2864 2109 2912 sed
2130 2863 2210 2912 ob-

1191 2962 1326 2993 scure
1343 2954 1547 2993 tantu-m.
1570 2943 1827 3012 Ἃυχμηρδς
1845 2945 1978 2999 τόπος
1999 2954 2067 2994 est
2081 2945 2211 2994 locus

1191 3030 1347 3076 siccus
1373 3065 1388 3089 ‚
1437 3028 1713 3077 siticulosus
1735 3067 1749 3088 ,
1797 3029 2027 3079 desertus.
2074 3029 2212 3077 Plura

1191 3113 1301 3158 item
1335 3111 1418 3159 cfr.
1458 3112 1580 3176 apud
1627 3112 1731 3159 Pott
1773 3114 1823 3159 in
1860 3112 1988 3160 hunc
2025 3112 2120 3160 loc.
2160 3113 2212 3160 in

1192 3191 1328 3240 Novo
1368 3193 1418 3240 T
1414 3201 1501 3241 est.
1545 3193 1715 3240 Groece
1737 3203 1970 3259 perpetua
2003 3202 2212 3241 annota-

1190 3276 1319 3323 tione
1335 3273 1571 3322 illustrato
1582 3311 1597 3335 ,
1614 3275 1725 3323 edit.
1742 3275 1995 3340 Koppianae
2010 3311 2023 3334 ‚
2039 3276 2129 3323 vol.
2140 3293 2182 3323 lx
2195 3312 2210 3334 ,

1192 3357 1306 3405 fasc.
1338 3371 1368 3404 2
1390 3392 1402 3415 ‚
1441 3354 1673 3420 Gottingae
1716 3354 1873 3416 1810,
1906 3375 2012 3423 pag.
2044 3357 2143 3408 203
2167 3367 2213 3405 et

1193 3454 1323 3503 seqq.
1355 3438 1435 3486 ubi
1476 3438 1614 3485 refert
1642 3441 1780 3486 etiam
1826 3439 2021 3486 aliorum
2060 3439 2212 3486 Prote-

1194 3522 1416 3567 stantium
1448 3522 1750 3583 expositiones
1767 3555 1782 3580 ,
1811 3535 1913 3586 quoe
1929 3538 2026 3569 uon
2048 3536 2212 3584 parum

1193 3603 1312 3650 inter
1339 3621 1386 3651 se
1413 3603 1692 3667 discrepant.
