2502 4134
280 177 398 235 526
726 248 731 250 λ
876 198 1074 238 riv-Aer.
1131 202 1198 237 »Β
1243 200 1394 238 ιοοιε
1440 205 1824 249 τΗΕοιοαιοιε-

278 342 300 419 (
345 346 537 424 neque
581 342 734 400 hanc
768 342 924 401 inter
965 343 1120 422 ipsos
1157 354 1216 402 et
1265 342 1597 406 Catholicos
1639 355 2138 432 comparationem
2174 358 2425 417 institui-

277 460 410 496 mus
430 483 446 511 ,
470 448 535 495 ut
562 458 804 496 omnem
824 436 937 496 illis
957 439 1215 499 scientiae
1238 460 1301 498 ac
1321 439 1668 502 eruditionis
1696 444 1932 507 laudem
1957 453 2359 534 praeripiamus
2379 454 2422 533 >3

278 533 381 593 sed
412 545 477 592 ut
517 532 923 615 frequentibus
957 535 1218 617 ipsorum
1255 538 1739 600 insectationibus
1770 563 2174 623 occurramus,
2212 548 2425 631 quibus

279 628 623 688 catholicam
672 652 979 690 romanam
1038 631 1346 691 Ecclesiam
1393 632 1577 694 veluti
1619 635 2072 699 obscurantismi
2118 656 2423 723 parentem

277 724 619 784 traducunt.
669 728 808 785 Eam
847 739 1004 787 certe
1044 726 1223 787 talem
1271 731 1516 791 minime
1571 735 1803 815 experti
1831 747 2001 820 sunt,
2045 738 2145 818 qui
2179 758 2250 798 ex
2288 741 2426 822 ipsis

282 825 746 884 Protestantium
801 827 1004 885 castris
1059 827 1121 885 in
1175 825 1333 886 illius
1384 828 1581 888 sinum
1620 852 1682 890 se
1728 845 2081 914 receperunt
2118 839 2429 897 recentiori

280 918 391 978 hac
435 932 640 993 aetate,
685 923 796 983 viri
840 943 986 1010 ’sane
1033 922 1371 999 clarissimi,
1429 924 1732 1007 Schlegeh
1792 928 2090 1011 Stolberg7
2140 933 2424 1008 Werner,

282 1016 519 1091 Haller,
570 1021 655 1077 De
698 1020 888 1094 Joux,
945 1031 1149 1103 totque
1186 1020 1318 1097 alii7
1365 1023 1491 1083 sive
1539 1026 1858 1100 Germani,
1898 1026 2017 1090 sive
2062 1027 2265 1108 Angli,
2307 1029 2429 1089 sive

283 1112 431 1172 Galli
458 1160 472 1187 q
513 1137 766 1196 quorum
804 1137 1088 1177 numerus
1126 1119 1383 1198 augescit
1425 1119 1488 1178 in
1534 1120 1678 1181 dies.

1162 1323 1406 1383 CAPUT
1452 1325 1550 1384 111.

972 1510 1040 1547 nE
1082 1510 1323 1549 RATIONE
1365 1512 1494 1549 Pos'r
1548 1514 1736 1549 FIDEM-

365 1696 505 1756 274.
553 1696 869 1777 Postquam
910 1695 984 1754 ad
1030 1694 1326 1755 infallibili
1366 1696 1630 1756 Ecclesiae
1666 1699 1999 1777 magisterio
2039 1699 2261 1781 aliquid
2312 1723 2429 1763 cre-

282 1792 554 1853 dendum
585 1791 659 1851 de
693 1791 805 1850 fide
830 1793 1199 1872 propositum
1224 1803 1314 1850 est
1335 1837 1351 1861 2
1381 1812 1447 1851 ac
1474 1793 1651 1851 etiam
1678 1785 1995 1875 ¹postquam
2021 1795 2089 1853 iis
2121 1796 2394 1857 omnibus
2410 1843 2430 1870 ,

284 1910 411 1972 quae
454 1887 702 1947 Ecclesia
768 1886 1060 1946 credenda
1103 1890 1418 1970 proponit,
1470 1889 1762 1971 quispiam
1798 1890 2139 1951 interiorem
2192 1893 2430 1955 intelle-

282 1996 410 2044 ctus
451 2005 516 2044 ac
560 1983 876 2042 voluntatis
916 2005 1255 2060 assensum7
1287 1984 1494 2046 divina
1529 1985 1861 2068 opitulante
1901 1990 2083 2069 gratia
2105 2036 2120 2065 ,
2149 1990 2428 2073 praebuit.‚

282 2080 542 2171 nullaene
578 2079 832 2163 amplius
873 2081 1088 2139 rationi
1112 2092 1308 2162 partes
1338 2082 1699 2163 supersunt?
1731 2083 2206 2169 Haudquaquam
2247 2110 2389 2158 saone
2413 2134 2428 2162 a

283 2180 386 2239 sed
433 2179 602 2262 plura
632 2191 798 2255 sunt,
832 2180 897 2238 in
928 2178 1140 2260 quibus
1182 2180 1403 2260 poterit
1445 2180 1705 2240 humana
1736 2182 1884 2240 ratio
1926 2194 2061 2264 post
2091 2195 2428 2267 susceptam

284 2278 466 2338 fidem
504 2298 565 2335 se
609 2297 882 2336 exercere
920 2297 1172 2358 suasque
1205 2298 1443 2337 exerere
1488 2278 1664 2339 vires·
1964 2284 1971 2297 ⁸

365 2373 509 2434 275.
563 2374 780 2432 Verum
825 2383 889 2430 ut
930 2371 989 2430 id
1029 2370 1290 2452 legitime
1332 2374 1468 2449 fiat,
1521 2386 1581 2434 et
1618 2374 1756 2434 hinc
1793 2375 1932 2435 inde
1963 2376 2213 2437 latentes
2264 2377 2432 2438 devi-

283 2484 487 2533 tentur
541 2468 806 2553 scopuli7
861 2468 1039 2529 debet
1086 2470 1236 2529 ratio
1284 2481 1470 2530 certas
1513 2469 1625 2530 sibi
1663 2494 1697 2531 a
1736 2472 1851 2532 fide
1899 2472 2025 2555 ipsa
2075 2475 2431 2556 praestitutas

282 2568 511 2649 regulas
541 2568 782 2641 sectari7
823 2587 1071 2648 eamque
1089 2568 1459 2650 ‘praecipuam
1480 2611 1499 2644 ᾖ
1538 2581 1605 2628 ut
1634 2591 1757 2628 non
1785 2570 2005 2651 primas
2035 2569 2147 2628 sibi
2186 2570 2252 2629 in
2279 2574 2430 2649 ejus-

284 2665 447 2725 modi
486 2665 719 2746 negot'io
751 2663 1014 2723 vindicet
1046 2676 1243 2746 partes
1263 2711 1277 2738 ‚
1321 2687 1430 2725 nec
1475 2687 1536 2726 se
1570 2688 1835 2748 unquam
1861 2666 1935 2724 ab
1960 2666 2221 2733 Ecclesiae
2254 2667 2434 2749 magi-

284 2764 462 2824 sterio
500 2762 822 2836 subducat,
867 2761 970 2821 sed
1019 2761 1202 2822 veluti
1233 2762 1505 2821 ancillam
1549 2785 1609 2822 se
1651 2762 1928 2822 exhibeat
1971 2763 2144 2837 fidei,
2183 2764 2429 2823 minime

284 2884 424 2923 vero
468 2861 551 2918 uti
583 2859 867 2919 arbitram
913 2881 978 2918 ac
1016 2858 1488 2919 dominatricem.
1546 2861 1670 2918 Hoc
1709 2859 1884 2919 modo
1920 2859 2059 2920 fidei
2092 2881 2158 2919 ac
2189 2860 2428 2919 rationis

284 2958 544 3039 legitima
562 2961 695 3036 jura
720 2957 782 3013 in
814 2966 943 3014 tuto
976 2956 1167 3038 posita
1192 2967 1398 3032 erunt,
1430 2971 1591 3015 vanae‘
1633 2955 1961 3016 reddentur
2001 2955 2424 3028 accusationes,

285 3077 430 3138 quas
482 3052 770 3114 increduli
805 3074 871 3112 ac
919 3051 1298 3113 rationalistae
1346 3052 1627 3114 adversus
1673 3052 2026 3113 catholicum
2068 3051 2427 3110 auctoritatis

285 3151 646 3235 principium
690 3151 1031 3226 intentant3
1076 3149 1195 3208 imo
1246 3171 1385 3211 vero
1426 3161 1859 3231 componentur
1896 3147 2236 3216 sententiae,
2282 3168 2428 3228 quas

287 3246 592 3307 nonnullae
629 3245 925 3306 catholicae
963 3244 1175 3305 scholae
1210 3256 1379 3305 aetate
1422 3245 1533 3305 hac
1570 3258 1771 3305 nostra
1805 3247 1867 3304 in
1901 3243 2152 3325 speciem
2187 3254 2428 3302 contra-

287 3345 433 3414 riaS,
487 3365 553 3403 ac
592 3342 704 3402 sibi
759 3344 1014 3403 invicem
1059 3341 1439 3401 adversantes
1480 3342 1808 3426 proferunt.
1863 3338 2211 3398 Methodum
2252 3339 2429 3419 igitur

290 3451 554 3500 nostram
608 3450 934 3513 sectanteS„
986 3439 1048 3496 in
1093 3438 1238 3497 duos
1291 3440 1514 3520 pariter
1565 3435 1835 3497 articulos
1897 3447 2262 3518 postremum
2318 3434 2428 3493 hoc

290 3549 468 3619 caput
505 3534 925 3617 dispertiemur
956 3580 972 3609 a
1014 3536 1076 3593 in
1101 3556 1354 3617 quorum
1383 3533 1570 3593 altero
1599 3531 1673 3592 de
1701 3543 1859 3591 recto
1887 3532 2131 3590 rationis
2170 3552 2277 3589 usu
2294 3541 2429 3612 post

292 3634 508 3707 fidem,
554 3634 615 3691 in
645 3631 832 3691 altero
864 3631 938 3691 de
982 3631 1249 3709 ejusdem
1290 3640 1425 3712 post
1459 3629 1635 3688 fidem
1672 3627 1855 3688 abusu
1895 3639 2209 3687 tractatum
2240 3624 2425 3685 habe-

291 3730 506 3789 bimus.
