2502 4134
258 87 377 147 220

802 114 1003 154 TRAGT.
1048 116 1117 152 DE
1160 117 1312 155 zocls
1357 119 1738 158 THEOLOGICIS·

248 253 693 336 insequentibus
731 257 899 315 annis
930 259 1202 319 renovari
1239 258 1477 334 debuit,
1504 282 1574 321 ex
1611 264 1905 322 occasione
1942 263 2374 343 Beguardorum

248 360 308 410 et
346 349 763 429 Beguinarum,
788 351 1231 412 Wicleffitarum
1260 366 1318 414 et
1340 356 1742 432 Hussitorutn,
1775 357 2136 440 aliarumque
2165 380 2374 437 magno

245 449 493 503 numero
525 455 847 522 sectarum,
877 448 1064 507 multo
1100 471 1238 509 vero
1272 451 1450 531 magis
1476 451 1979 528 Lutheranorum,
2011 453 2372 514 Calvinista-

244 560 412 612 rum,
454 561 568 598 una
609 561 743 599 cum
777 542 1023 602 fecunda
1067 544 1265 603 sobole
1304 544 1379 604 ab
1424 545 1538 604 illis
1577 549 1916 628 progenita,
1959 549 2059 629 qui
2086 547 2158 606 ad
2187 571 2374 608 unum

245 655 448 693 omnes
483 634 689 695 eadem
723 649 847 697 arte
887 638 1204 698 utebantur
1240 641 1317 700 ad
1356 662 1580 701 errores
1605 663 1740 700 suos
1772 643 1833 700 in
1868 642 2151 724 populum
2182 665 2375 703 seren—

244 728 347 788 dos
389 732 911 816 propagandosque
953 735 1062 815 (l)
1107 738 1274 796 Patet
1307 737 1376 795 20
1411 757 1482 796 ex
1521 735 1984 811 adulteratione,
2035 757 2161 818 quae
2191 738 2374 798 indu-

243 823 518 901 cebatur,
566 839 742 910 prout
789 832 1117 890 etiamnum
1163 831 1499 908 inducitur,
1548 832 1693 891 sacri
1731 833 1946 891 Textus
1987 831 2061 890 ab
2103 831 2373 891 omnibus

242 921 597 1005 singulisque
641 926 811 984 sectis
858 926 919 984 in
966 928 1252 1005 ejusmodi
1309 927 1642 1008 vulgaribus
1697 926 2060 988 versionibus
2088 974 2103 1002 ,
2161 939 2226 986 ut
2279 949 2374 987 eas

241 1019 753 1080 accommodarent
794 1020 870 1081 ad
908 1022 1120 1104 placita
1155 1046 1279 1082 sua.
1315 1027 1510 1107 Atque
1546 1036 1612 1083 ut
1650 1024 1723 1084 de
1757 1022 2182 1107 antiquioribus
2208 1022 2374 1083 silea-

238 1135 400 1192 muS‚
443 1115 809 1197 exploratum
851 1131 975 1194 est,
1022 1118 1382 1191 Lutherum,
1424 1123 1631 1179 Bezam
1676 1121 1935 1202 aliosque
1978 1119 2175 1201 plures
2210 1139 2374 1178 accu-
2435 1134 2450 1144 ”

238 1221 394 1270 satos
427 1210 501 1270 ab
535 1212 673 1294 ipsis
702 1214 1172 1274 Protestantibus
1202 1237 1325 1275 esse
1357 1216 1429 1276 de
1458 1217 1743 1294 ejusmodi
1772 1218 2143 1298 corruptione
2177 1215 2376 1296 (2).1n

236 1306 443 1386 Anglia
493 1309 731 1391 primae,
776 1331 906 1392 quae
951 1322 1087 1393 post
1129 1311 1608 1371 reformationem
1659 1314 1951 1374 versiones
2006 1311 2371 1394 prodierint,

236 1400 399 1462 fuere
436 1403 500 1461 1⁰
537 1403 865 1485 Tyndallii,
904 1406 972 1464 2⁰
1028 1406 1404 1483 Coverdalei,
1447 1429 1575 1490 quae
1618 1407 1726 1467 sub
1762 1409 2012 1469 Henrico
2048 1408 2172 1467 Vlll
2205 1406 2372 1466 ador·

235 1510 392 1559 natas
426 1511 599 1575 sunt,
635 1500 701 1559 3⁰
730 1524 859 1583 quae
885 1504 966 1561 ab
995 1507 1262 1583 episcopo
1289 1515 1695 1586 nuncupatur,
1733 1516 2015 1585 regnante
2047 1501 2373 1563 Elisabetha

240 1592 394 1653 edita
432 1606 556 1670 est,
584 1617 648 1655 ac
675 1598 774 1656 LX
807 1619 991 1657 annos
1023 1601 1085 1656 in
1123 1621 1229 1657 usu
1259 1599 1519 1658 fuerunt.
1563 1602 1834 1659 Attamen
1873 1610 2075 1682 postea
2112 1597 2374 1658 Ecclesiae

238 1689 554 1770 anglicanae
585 1692 837 1752 ministri
864 1715 1040 1774 supra
1072 1693 1230 1753 mille
1259 1716 1540 1764 flumem,
1573 1717 1694 1754 uno
1733 1695 1929 1754 animo
1967 1716 2061 1756 eas
2107 1692 2372 1754 declara-

306 1951 374 2016 (l)
411 1952 663 2003 Innumera
693 1973 836 2021 prope
860 1956 1143 2005 documenta
1172 1958 1259 2006 cfr.

237 2035 361 2100 apud
401 2035 639 2096 Fontana,
685 2055 760 2102 op.
800 2040 884 2087 cit.
929 2049 1043 2086 tom.
1084 2055 1171 2099 ιιι,
1215 2042 1263 2086 in

236 2134 424 2182 propos.
464 2134 634 2179 mxxxi,
675 2136 778 2184 cap.
821 2136 838 2168 ι·
865 2154 882 2180 ,
921 2121 1012 2169 col.
1052 2118 1184 2184 7543
1221 2132 1265 2170 et

236 2203 407 2250 iterum
452 2203 503 2249 in
547 2220 733 2267 [πυροῦ.
782 2217 975 2266 uxxn,
1028 2220 1135 2268 cap.
1193 2202 1261 2264 5,

238 2286 326 2335 col.
353 2283 454 2333 800
482 2296 527 2334 et
557 2303 691 2353 seqq.

303 2367 374 2431 (2)
413 2367 512 2417 Cfr.
558 2366 774 2417 General
811 2368 1018 2434 Preface
1053 2377 1098 2417 to
1141 2368 1263 2418 New

244 2449 295 2498 T
288 2459 531 2511 esitantem,
550 2450 810 2500 translated
820 2451 881 2517 by
893 2451 1078 2519 Georqe
1093 2453 1263 2519 Camp-

236 2532 355 2594 bell,
393 2533 559 2582 James
600 2531 911 2599 Mackm‘qht,
949 2536 1051 2583 ond
1093 2532 1263 2601 Philip

236 2614 524 2680 Doddriqe,
559 2618 766 2665 Doctors
801 2617 861 2681 of
873 2617 949 2665 the
987 2616 1183 2665 Chare-h
1217 2619 1279 2682 of

235 2696 468 2746 Scotland
479 2716 500 2761 ,·
526 2702 637 2748 item
663 2700 873 2766 ejusdem
897 2699 1080 2764 Georgii
1095 2700 1263 2765 Camp-

236 2780 365 2840 hell,
399 2782 506 2831 diss.
538 2800 614 2842 xi,
647 2801 694 2849 p.
731 2800 794 2843 11,
828 2798 932 2848 pag.
971 2783 1100 2844 1233
1135 2783 1260 2831 Mos-

235 2863 364 2914 heim
388 2904 400 2924 ‚
443 2862 712 2931 Syntaqma
755 2865 946 2913 dissert.
993 2865 1058 2913 ad
1104 2873 1259 2914 sanct.

240 2947 434 3013 discipl.
459 2950 727 3015 pertinent.
760 2965 865 3014 pag.
905 2944 1011 2996 166.
1047 2946 1138 2996 Sed
1173 2966 1263 3013 prae

239 3032 400 3077 ceteris
439 3031 526 3080 cfr.
564 3031 774 3079 eruditus
806 3029 860 3078 P.
900 3028 1204 3078 Cherubinus
1237 3048 1262 3079 a

239 3109 293 3159 S.
312 3110 512 3176 Joseph,
543 3131 619 3178 op.
643 3116 722 3162 cit.
743 3124 857 3162 tom.
879 3130 923 3162 iv
940 3151 953 3173 ‚
982 3115 1062 3178 qui
1088 3115 1262 3177 ingenti

237 3192 401 3242 labore
433 3197 662 3246 versiones
696 3196 883 3245 Lutheri
913 3205 1264 3261 ceterorumque

239 3274 565 3325 haereticorum
594 3275 947 3327 lutheranorum
964 3313 978 3340 ‚
1002 3278 1266 3327 calvinista-

240 3375 377 3418 rum,
410 3360 743 3407 sociniarorum
765 3398 778 3421 ,
814 3371 900 3409 etc.
941 3340 1156 3425 expendit
1187 3378 1264 3409 ac-

241 3449 432 3503 curate,
466 3441 651 3506 prolatis
685 3444 823 3490 etiam
864 3460 1030 3509 magno
1069 3460 1264 3491 numero

239 3526 446 3589 ipsorum
466 3522 823 3573 Protestantium
837 3527 1048 3592 judiciis,
1080 3542 1138 3573 ex
1163 3529 1268 3592 qui-

240 3605 331 3654 bus
359 3607 598 3655 evidenter
622 3606 894 3668 conficitur,
931 3626 1007 3657 eos
1035 3626 1197 3657 omnes
1220 3626 1273 3657 ac

1350 1959 1575 2023 singulos,
1599 1961 1680 2025 qui
1699 1961 1925 2007 versiones
1946 1973 2085 2005 novas
2104 1957 2367 2013 ediderunt,

1349 2039 1446 2088 nori
1479 2042 1617 2090 modo
1652 2044 1900 2107 saepissime
1934 2040 2085 2106 lapsos
2122 2057 2216 2088 esse
2238 2077 2251 2098 ,
2289 2040 2368 2088 sed

1349 2123 1452 2171 data
1478 2141 1616 2187 opera
1633 2122 1890 2187 Scripturas
1909 2124 2184 2186 corrupisse.
2201 2122 2253 2169 ln
2274 2122 2370 2170 sola

1349 2207 1557 2254 versione
1589 2203 1782 2253 Lutheri
1811 2205 2119 2270 Hieronymus
2154 2204 2370 2252 Emserus

1350 2288 1566 2347 ostendit,
1592 2285 1717 2350 1400
1734 2305 1908 2335 errores
1923 2288 2158 2335 haereticos
2172 2304 2227 2335 ac
2242 2304 2373 2335 men-

1348 2370 1477 2417 dacia
1495 2371 1722 2418 occultata
1750 2370 1808 2417 ab
1831 2370 1910 2417 illo
1928 2369 2229 2417 haeresiarcha
2247 2368 2298 2416 in
2317 2386 2368 2417 ea

1348 2451 1501 2500 fuisse.
1533 2451 1624 2501 Sed
1656 2455 1807 2517 ipsum
1841 2452 1916 2499 adi
1953 2450 2309 2510 Cherubinum‚
2343 2468 2367 2498 a

1347 2552 1453 2600 pag.
1491 2551 1506 2582 1
1519 2532 1584 2598 54
1606 2535 1664 2582 ad
1685 2552 1784 2600 pag.
1802 2532 1914 2582 205.
1934 2532 2110 2597 Nempe
2124 2543 2167 2580 et
2186 2532 2243 2580 de
2260 2547 2370 2580 nos-

1348 2619 1431 2664 tris
1459 2617 1683 2664 haereticis
1717 2614 2072 2680 protestantibus
2107 2613 2277 2663 iterum
2311 2615 2369 2663 ad

1347 2699 1547 2747 litteram
1563 2715 1726 2747 verum
1741 2716 1835 2746 esse
1847 2697 2225 2762 deprehenditur,
2238 2697 2369 2762 quod

1348 2781 1405 2830 de
1425 2781 1649 2829 haereticis
1667 2784 1736 2829 sui
1757 2782 1975 2844 temporis
1997 2783 2235 2846 scripserat
2255 2779 2367 2828 Ter-

1347 2863 1587 2922 tullianus,
1600 2865 1649 2910 in
1661 2863 1742 2911 lib.
1753 2864 2105 2928 Depraescript.
2115 2881 2154 2911 c.
2167 2877 2334 2911 xxxvni
2351 2879 2366 2908 :

1347 2944 1463 2992 Illic
1492 2947 1648 3009 iqitur
1676 2954 1721 2992 et
1757 2943 2126 3011 Scripturarum
2156 2953 2200 2992 et
2227 2959 2370 3008 expo-

1347 3028 1579 3076 sitionum
1624 3026 1910 3076 adulteratio
1953 3026 2227 3092 deputanda
2264 3034 2333 3073 est
2348 3059 2363 3082 ,

1348 3111 1435 3159 ubi
1447 3111 1699 3159 diversitas
1712 3111 1942 3160 doctrinae
1961 3111 2229 3157 invenitur.
2246 3106 2372 3174 Qui-

1348 3194 1436 3242 bus
1445 3194 1545 3259 fuit
1551 3194 1851 3259 propositum
1880 3191 2021 3240 aliter
2040 3190 2270 3249 docendi,
2291 3207 2368 3238 eos

1347 3278 1603 3326 necessitas
1633 3277 1784 3338 coeqit
1812 3273 1953 3323 aliter
1976 3274 2262 3339 disponendi
2285 3275 2366 3321 in-

1348 3367 1610 3408 strumenta
1645 3357 1892 3406 doctrinm.
1935 3356 2081 3405 Alias
2106 3359 2234 3404 enim
2268 3371 2366 3404 non

1342 3443 1613 3510 potuissent
1627 3439 1767 3488 aliter
1783 3440 1944 3487 docere
1960 3476 1977 3498 ,
2008 3442 2107 3487 nisi
2125 3438 2268 3487 aliter
2284 3437 2371 3485 hau-

1353 3524 1513 3573 berem
1536 3540 1627 3590 per
1654 3540 1760 3589 quoe
1786 3522 2021 3572 docerent.
2048 3523 2175 3571 Edit.
2207 3521 2311 3585 Rig.
