2502 4134
395 151 554 193 PAa‘r.
604 153 690 189 111.
735 151 885 189 secr.
933 153 973 189 1.
1017 151 1140 190 cn.
1189 151 1251 188 ιι.
1301 151 1369 186 nn
1413 147 1542 187 aar.
1588 148 1704 186 cum
1749 148 1858 185 mn.
2075 124 2196 186 473

87 309 281 356 tamen
318 315 459 376 quae·
487 293 561 353 de
586 292 863 352 methodo
886 339 902 367 a
938 292 1011 352 de
1040 290 1372 374 principiiS‚
1404 290 1476 351 de
1497 286 1986 372 applicationibus
2018 286 2194 366 hujus

84 391 410 472 systematis
443 391 847 470 philosophice
880 389 1125 471 spectati
1159 388 1447 470 persecuti
1485 408 1717 460 sumus,
1752 386 1920 460 satis,
1957 395 2023 443 ut
2049 383 2199 444 arbi-

85 498 344 560 namur,
387 507 511 544 esse
553 496 778 567 queunt
805 481 1320 565 adprobandum,
1359 494 1557 539 utrum
1591 503 1697 540 nos
1735 501 1897 562 aequo
1922 485 2055 559 jure
2088 479 2199 539 hoc

85 592 333 660 systema
372 580 438 638 iis
468 579 926 639 accensuerimus
952 623 968 652 .‚
1015 598 1144 659 quae
1183 579 1457 655 objective
1492 597 1593 635 seu
1626 598 1745 655 per
1768 598 1826 634 se
1859 578 1882 654 (
1915 574 2004 634 nil
2039 575 2199 635 enim

83 677 395 754 subjective
422 697 522 734 seu
544 675 616 735 de
638 674 900 756 personis
929 672 1240 732 decernere
1273 670 1579 749 volumus)
1611 692 1763 731 verae
1793 670 1930 730 fidei
1956 691 2194 753 suscep-

74 770 231 829 tioni
254 769 458 830 saltem
497 771 785 829 indirecte
818 767 1132 827 obsistunt.

966 973 1205 1033 CAPUT
1250 974 1320 1032 11.

787 1160 854 1197 ΒΕ
899 1157 1142 1197 RATIONE
1184 1158 1302 1195 CUM
1346 1157 1487 1196 FIDE.

170 1331 304 1390 192.
347 1330 650 1389 Rationem
702 1326 1021 1390 humanam
1077 1325 1357 1386 hactenus
1399 1334 1535 1385 ante
1579 1322 1758 1384 fidem
1794 1323 2194 1387 consideravi-

85 1447 246 1498 mus;
291 1423 538 1484 vidimus
573 1421 791 1501 quippe
827 1419 971 1501 quid
990 1419 1092 1479 illa
1128 1432 1285 1479 recte
1316 1418 1578 1482 adhibita
1608 1419 1683 1478 ad
1707 1419 1861 1479 hanc
1888 1441 2200 1502 capessen-

86 1518 223 1578 dam
240 1517 500 1577 conferre
531 1515 722 1576 valeat
740 1561 756 1588 ,
784 1536 1015 1597 quoque
1036 1513 1136 1573 illa
1154 1524 1323 1594 pacto
1343 1515 1501 1574 viam
1517 1513 1732 1576 divinae
1747 1514 1883 1574 fidei
1909 1527 2168 1576 sternere
2183 1561 2201 1590 ‚

87 1625 262 1695 atque
296 1613 370 1672 ad
422 1617 543 1690 ejus
562 1656 578 1685 ,
605 1622 672 1669 ut
693 1611 772 1669 ita
795 1610 982 1669 dicam
1000 1656 1015 1685 ‚
1052 1608 1408 1669 vestibulum
1433 1609 1645 1670 ducere
1670 1609 1854 1690 possit
1879 1630 1944 1669 ac
1970 1609 2202 1670 debeat.

85 1711 255 1769 Nunc
288 1727 415 1790 quae
438 1707 678 1766 rationis
700 1717 894 1788 partes
931 1707 1048 1764 sint
1069 1751 1084 1781 a
1127 1704 1603 1785 investigandum
1622 1750 1638 1779 .,
1666 1705 1808 1763 dum
1848 1705 2043 1786 ipsum
2070 1704 2207 1765 fidei

85 1803 374 1885 templum
403 1823 469 1861 ac
505 1801 686 1862 veluti
713 1801 1031 1882 penetralia
1079 1800 1365 1880 ingressa,
1420 1799 1641 1878 obJ'ecta
1667 1804 1788 1878 ejus
1819 1800 2194 1882 amplectitur

90 1920 155 1958 ac
195 1899 522 1980 profitetur.
566 1898 652 1956 Ne
693 1917 831 1958 vero
858 1895 1179 1977 quidquam
1203 1894 1468 1955 idearum
1493 1894 1740 1954 claritati
1771 1894 1920 1955 desit
1955 1896 2018 1953 in
2052 1894 2223 1954 diffi-'

87 1992 181 2053 cili
224 2013 288 2051 ac
318 1991 608 2052 salebroso
634 1990 954 2051 admodum
991 2001 1373 2070 argument0‚
1414 2000 1588 2072 caput
1619 1990 1777 2049 istud
1805 1991 1866 2049 in
1891 1990 2036 2050 duos
2062 1991 2208 2050 item

94 2087 364 2148 articulos
401 2086 844 2169 dispertiemur,
892 2107 1152 2168 quorum
1183 2085 1329 2146 alter
1362 2086 1739 2146 intrinsecam
1773 2085 1909 2146 fidei
1935 2096 2210 2145 naturam

95 2204 159 2242 ac
198 2183 570 2243 constitutiva
604 2193 1027 2264 persequetur,
1067 2181 1215 2241 alter
1257 2203 1396 2242 vero
1434 2182 1508 2242 de
1541 2204 1696 2241 nexu
1736 2181 1914 2242 fidem
1950 2181 2106 2241 inter
2143 2201 2208 2240 ac

92 2277 386 2337 scientiam
417 2297 482 2336 ac
517 2288 723 2336 mutua
748 2276 1031 2337 relatione
1058 2275 1423 2358 disceptabit.

912 2482 1300 2536 ARTlCULUS
1340 2483 1384 2535 Ι.

619 2629 708 2687 De
738 2628 856 2706 fide
891 2631 960 2686 in
996 2648 1107 2687 sua
1133 2637 1363 2686 natura
1396 2637 1674 2707 spectata.

179 2805 311 2866 193.
358 2805 606 2865 Tametsi
646 2806 926 2888 propositi
955 2805 1141 2864 nostri
1180 2804 1339 2864 haud
1375 2806 1453 2864 sit
1481 2815 1794 2864 tractatum
1827 2804 1902 2865 de
1934 2803 2052 2864 fide
2075 2824 2210 2863 con-

97 2900 342 2961 scribere
365 2946 380 2976 ,
407 2900 564 2982 quod
580 2921 703 2959 non
724 2901 891 2982 pauci
912 2899 1331 2983 praeclarissimi
1355 2908 1617 2960 auctores
1633 2921 1860 2958 summa
1881 2920 2014 2958 cum
2039 2897 2212 2959 laude
2302 2967 2308 2971 ,

90 2996 314 3074 jamdiu
347 2996 668 3079 praestitere
696 2996 816 3075 (l),
849 2996 1244 3056 necessarium
1282 2984 1665 3055 nihilominus
1702 2994 2101 3054 existimamus
2137 2992 2218 3053 ad

163 3212 230 3274 (1)
267 3210 535 3277 Complures
585 3231 640 3261 ex
701 3214 931 3262 erroribus
956 3253 969 3274 ‚
1028 3218 1111 3281 qui
1197 3217 1468 3282 quaestiones
1490 3252 1503 3274 ‚
1535 3232 1635 3280 quae
1659 3223 1883 3280 tanquam
1901 3230 2030 3262 novoe
2048 3228 2211 3278 magna

100 3301 227 3340 aetate
246 3292 334 3340 hac
348 3303 502 3343 nostra
519 3297 639 3344 circa
653 3296 742 3343 hoc
758 3307 1084 3361 argumentum
1096 3334 1110 3359 ,
1198 3298 1405 3346 idearum
1477 3296 1748 3345 confusione
1816 3295 2211 3361 reproducuntur.

104 3376 316 3439 quamvis
357 3377 491 3424 etiam
527 3394 579 3426 ex
619 3380 796 3443 optima
837 3378 1118 3444 quandoque
1199 3377 1472 3427 Scholastici
1508 3378 1612 3438 illi,
1654 3380 1739 3443 qui
1779 3350 1916 3427 liodie
1944 3379 2071 3443 parvi
2101 3376 2213 3425 adeo

103 3458 392 3516 intentione,
431 3461 572 3507 exorti
610 3470 716 3508 sunt
737 3497 750 3521 ‚
800 3461 1117 3525 profluxerunt
1200 3461 1320 3508 fiunt
1352 3478 1406 3509 ac
1435 3460 1761 3525 negliguntur,
1799 3462 1986 3508 intimos
2016 3474 2214 3506 recessus

16 3606 25 3613 ᾗ
104 3553 159 3585 ex
190 3536 401 3601 neglectu
426 3536 594 3586 horum
619 3539 846 3603 fontium,
866 3544 916 3590 in
945 3542 1116 3608 quibus
1198 3542 1342 3607 hujus
1374 3544 1573 3590 materiae
1608 3551 1922 3607 penetrarunt.
1965 3541 2091 3589 Inter
2135 3555 2210 3588 eos

107 3627 211 3682 apte
254 3628 528 3683 pertractatae
569 3624 856 3686 reperiuntur
894 3624 1118 3691 pleraeque
1201 3633 1361 3690 praeter
1399 3622 1448 3673 S.
1493 3623 1721 3673 Thomam
1743 3661 1757 3683 ‚
1799 3625 2008 3674 omnium
2041 3622 2214 3687 princi-
