2502 4134
331 171 336 179 -
402 155 560 192 mar.
607 155 668 192 ιι.
715 154 840 191 car.
887 154 968 192 iv.
1012 155 1079 190 nu
1124 152 1409 192 someron.
1459 153 1618 195 saca.
1667 154 1821 194 vulis·
2047 138 2160 198 179

63 311 254 358 autem
282 296 617 354 innumeras
653 315 805 376 pene
842 294 1209 356 difficultates
1229 342 1246 371 ‚
1283 297 1348 354 in
1371 285 1525 378 quas*
1552 318 1613 358 se
1637 297 1972 376 conjecisset
2006 300 2163 360 Con-

60 392 289 462 cilium,
316 392 363 449 si
395 389 627 447 illorum
658 390 959 449 sententiae
988 401 1481 472 optemperasset;
1507 390 1796 453 debuisset
1820 385 1976 452 enim
1999 395 2161 475 prius

61 498 287 564 textum
336 496 464 542 tum
501 482 839 542 hebraicum
861 497 987 543 tum
1014 505 1261 564 graecum
1296 482 1697 545 authenticum
1734 486 2164 564 determinare,

62 578 218 662 quod
248 580 311 636 in
355 589 515 636 tanta
547 577 861 636 lectionum
901 581 1181 638 varietate
1209 576 1439 636 difficile
1474 577 1791 639 admodum
1814 601 1937 641 esse
1958 625 1975 657 ‚
2005 593 2169 664 patet

64 697 134 734 ex
164 674 343 732 trium
379 671 706 732 seculorum
735 671 856 732 sive
883 672 1307 731 Catholicorum
1325 671 1448 733 sive
1477 672 1930 734 protestantium
1951 674 2170 736 labori·

66 769 174 828 bus
203 814 218 843 ,
243 764 723 848 inquisitionibus
740 811 756 841 7
779 766 1217 845 systematibuS‚
1243 764 1385 848 quin
1410 776 1608 826 tamen
1632 766 1819 828 adhuc
1840 771 2171 852 pertingere

65 864 139 921 ad
176 873 393 921 metam
422 862 740 942 potuerint.
772 860 997 920 Deinde
1021 862 1083 919 in
1112 860 1248 920 locis
1270 860 1527 920 obscuris
1557 870 1624 920 et‘
1653 860 1938 942 ambiguis
1962 885 2169 925 verum

64 979 298 1018 sensum
334 956 625 1016 debuisset
662 955 903 1036 eligere,
946 955 1103 1036 quod
1129 955 1346 1037 pariter
1377 976 1684 1037 operosum
1708 967 1829 1031 est,
1867 970 1933 1018 ut
1955 958 2172 1038 eruditi

64 1063 316 1126 norunt3
357 1072 548 1132 neque
583 1051 660 1109 sic
696 1060 894 1108 tamen
916 1047 1176 1129 plurium
1208 1049 1590 1108 offensionem
1622 1047 1983 1112 declinasset.
2010 1054 2169 1115 Adeo

66 1170 271 1208 verum
312 1157 399 1206 est
422 1191 437 1217 .,
489 1143 678 1203 faciles
707 1141 865 1201 haud
907 1162 1030 1202 esse
1068 1163 1234 1202 aures
1273 1141 1619 1224 praebendas
1665 1143 1736 1202 iis
1758 1189 1774 1219 .,
1817 1146 1918 1226 qui
1959 1159 2169 1227 praeter

68 1242 427 1324 superficiem
463 1259 554 1298 res
595 1259 715 1297 non
747 1238 1085 1296 intuentur!
1167 1229 1177 1240 ’

127 1337 286 1410 266.
336 1334 422 1394 Ad
453 1333 711 1415 primum
756 1343 954 1391 autem
989 1331 1459 1392 emolumentum
1481 1378 1497 1407 ‚
1541 1333 1705 1414 quod
1742 1334 2058 1397 adversarii
2077 1345 2171 1417 ja-

72 1442 232 1490 ctant
251 1475 268 1502 ,
298 1429 656 1510 reponimus,
685 1449 805 1487 non
826 1439 947 1485 tam
968 1427 1042 1485 de
1070 1427 1351 1508 elegantia
1371 1448 1547 1508 quam
1574 1428 1648 1487 de
1675 1430 1916 1490 veritate
1937 1452 2002 1491 ac
2026 1433 2174 1493 fide-

67 1525 231 1584 litate
259 1524 665 1584 versionis'nos
697 1520 966 1580 sollicitos
997 1542 1120 1580 esse
1143 1519 1380 1581 debere.
1409 1522 1467 1580 Si
1492 1542 1681 1603 neque
1707 1526 1858 1582 Deus
1883 1525 2009 1607 ipse
2021 1526 2174 1586 hanc

69 1641 101 1678 a
131 1617 504 1700 scriptoribus
523 1663 539 1692 ,
570 1639 713 1699 quos
726 1616 1034 1698 inspiravit
1054 1659 1070 1690 ,
1092 1616 1396 1697 requisivit
1416 1661 1433 1690 ,
1466 1637 1567 1675 cur
1591 1617 1741 1675 hanc
1764 1639 1878 1677 nosv
1896 1621 2172 1680 curiosius

68 1712 559 1773 consectabimur‘?
605 1713 726 1771 Hoc
756 1711 932 1794 plane
970 1720 1121 1770 esset
1152 1732 1184 1768 a
1214 1712 1331 1769 fine
1364 1710 1665 1786 aberrare,
1708 1712 1784 1772 ob
1823 1734 1997 1794 quem
2019 1717 2172 1775 Deus

71 1808 238 1867 nobis
262 1810 584 1890 Scripturas
610 1806 772 1866 dedit
791 1853 807 1882 ‚
838 1805 912 1864 ad
934 1827 1042 1864 nos
1073 1804 1344 1866 videlicet
1366 1806 1738 1878 instruendos
1769 1819 1828 1866 et
1851 1806 2173 1867 emendan-

70 1903 204 1977 dos,
240 1925 360 1962 non
394 1914 590 1962 autem
622 1902 697 1961 ad
731 1900 1102 1961 emulcendas
1125 1921 1291 1959 aures
1319 1912 1563 1960 nostras,
1591 1902 1889 1982 Quotquot
1919 1903 2166 1984 proinde

70 2018 200 2057 cum
243 1997 535 2057 fidelitatis
570 1992 883 2078 'dispendio
923 1994 1114 2054 seculo
1150 1996 1278 2053 XVI
1317 2004 1374 2054 et
1413 2016 1536 2075 seq.
1572 1994 1918 2074 elegantiam
1949 1997 2010 2055 in
2037 2017 2175 2057 ver-

69 2090 322 2150 sionibus
346 2091 566 2151 biblicis
600 2101 964 2172 aucuparunt
981 2134 997 2163 .,
1022 2089 1309 2150 infelicem
1332 2090 1553 2148 exitum
1581 2100 1719 2148 sunt
1746 2091 1971 2172 experti
1992 2136 2009 2166 .‚
2034 2112 2170 2150 cum

6 2200 37 2265 J
75 2185 296 2243 nemini
337 2186 631 2244 arriserint
664 2185 776 2263 (l).
813 2187 1160 2265 Quanquam
1187 2195 1245 2242 et
1273 2183 1420 2242 illud
1459 2183 1798 2242 addendum
1842 2196 1964 2260 est,
2018 2185 2067 2243 si
2115 2185 2177 2243 in

76 2278 374 2337 nonnullis
397 2279 702 2359 Scripturae
726 2276 991 2358 partibus
1011 2277 1357 2335 barbarismi
1392 2277 1771 2335 offenduntur
1789 2322 1806 2350 ,
1834 2279 1898 2335 in
1925 2278 2179 2336 maxima

76 2383 274 2432 tamen
326 2383 489 2454 parte
523 2394 644 2430 non
673 2372 871 2430 deesse
898 2371 1094 2429 latinae
1128 2370 1338 2448 linguae
1376 2372 1710 2449 puritatem.
1762 2372 1847 2428 En
1886 2369 2179 2450 quomodo

78 2467 150 2527 de
189 2467 425 2546 Vulgata
466 2465 747 2526 Steuclius
783 2464 1144 2544 Eugubinus‚
1181 2463 1362 2521 trium
1388 2462 1715 2542 linguarum
1746 2463 2009 2544 apprime
2036 2484 2182 2543 gna-

76 2582 173 2620 rus
196 2606 212 2634 s
254 2561 495 2620 disserat
518 2582 531 2619 ε
567 2561 762 2620 Tanta
784 2569 868 2618 est
878 2602 900 2630 ,
928 2558 1116 2638 inquit
1135 2601 1150 2631 ,
1177 2568 1391 2616 nostroe
1414 2560 1924 2634 interpretationis
1944 2559 2179 2636 eleqan-

42 2703 44 2707 f
80 2660 167 2714 tia
187 2703 204 2726 ,
227 2666 397 2714 tanta
415 2657 756 2734 proprietas
768 2697 789 2724 ,
810 2664 932 2711 tam
952 2653 1233 2710 mirabili
1239 2652 1571 2729 prudentia
1586 2653 1735 2710 vitat
1749 2652 2182 2721 hebraismum,

82 2772 305 2829 seseque
330 2761 543 2808 nostroe
563 2749 784 2828 phrasi
808 2747 1236 2815 accommodat,
1264 2756 1331 2803 ut
1352 2747 1603 2804 alterius
1631 2766 1744 2804 esse
1767 2767 1950 2824 quam
1977 2745 2185 2818 erudi-

83 2849 304 2904 tissimi
329 2845 726 2923 Hieronymi,
754 2845 1008 2900 minime
1034 2852 1106 2900 ut
1131 2842 1368 2900 credam
1392 2841 1620 2899 adduci
1629 2845 1924 2919 possim...
1951 2839 2192 2918 Siquid

85 2941 153 2999 in
176 2941 286 2999 hae
310 2951 513 2999 nostra
537 2940 788 2998 editione
811 2939 1116 2997 diversum
1143 2938 1221 2995 ab
1243 2936 1526 2995 hebraica
1558 2940 1801 2994 veritate
1834 2938 2183 3004 invenitur,

164 3197 362 3261 (l)var.
399 3200 618 3265 Czuppon
637 3235 651 3258 ‚
694 3197 749 3245 V
746 3198 974 3260 indiciae,
1011 3206 1099 3245 etc.
1182 3195 1275 3243 lam
1308 3195 1529 3242 hactenus
1557 3191 1764 3241 effectam
1792 3207 1883 3239 esse
1901 3227 1915 3251 ‚
1945 3208 2044 3257 quae
2075 3207 2184 3239 cum

103 3278 183 3341 qui
208 3288 318 3328 tom.
349 3296 411 3341 n,
444 3291 554 3330 sect.
591 3278 652 3343 5,
688 3298 847 3329 omnes
879 3280 936 3328 ad
968 3295 1100 3326 suam
1181 3276 1378 3342 Vulgata
1401 3276 1653 3340 comparari
1679 3275 1818 3339 pessit
1842 3272 1902 3321 ob
1923 3275 2188 3322 innumeras

103 3374 246 3422 usque
264 3370 436 3411 aetatem
454 3363 797 3412 Catholicorum
814 3371 861 3411 et
886 3360 1104 3409 acatholi-
1182 3359 1489 3424 exceptiones,
1515 3373 1625 3422 quas
1646 3356 1882 3421 patiuntur
1894 3391 1909 3415 ‚
1928 3370 2023 3403 non
2049 3353 2188 3401 modo

106 3454 262 3486 corum
284 3445 504 3493 versiones
530 3462 589 3494 ex
615 3442 848 3494 hebraicis
872 3460 927 3491 ac
949 3443 1105 3508 graecis
1184 3455 1241 3489 ex
1266 3451 1390 3505 parte
1405 3437 1764 3499 Catholicorum,
1782 3453 1941 3486 verum
1957 3437 2094 3486 etiam
2108 3432 2191 3482 he-

105 3519 539 3574 fontibusrecenset
565 3536 610 3576 et
637 3525 851 3591 expendit
879 3542 971 3574 una
999 3539 1107 3572 cum
1186 3522 1526 3572 terodoxorum.

108 3603 368 3651 criticorum
391 3603 560 3667 judicio
577 3641 593 3670 ,
619 3606 944 3673 concluditque
960 3642 973 3665 ,
998 3605 1106 3654 nul-

1853 3676 1945 3734 12.
