2502 4134
187 163 260 221 10
792 180 988 221 rnscr.
1039 183 1108 221 nn
1152 183 1305 221 zoms
1350 182 1725 222 mammetem.

182 325 407 385 Veteris
450 325 720 407 Novique
763 326 1127 386 Testamenti
1159 325 1362 400 libris,
1404 348 1528 386 non
1574 327 1765 387 solnm
1805 330 2329 411 proto-canoniciS‚

183 442 397 479 verum
428 421 606 479 etiam
642 443 714 480 ex
750 421 818 480 iis
856 444 999 503 quos
1035 421 1620 482 deutero-canonicos
1644 447 2056 507 nuncupamus
2077 471 2093 501 ,
2116 447 2338 507 nempe·

182 538 256 577 ex
278 515 445 575 libris
476 516 686 576 Judith
705 563 719 592 3
748 518 1058 599 Sapientiae
1079 564 1094 592 .,
1119 517 1531 593 Ecclesiastici7
1560 521 1610 578 ΙΙ
1643 520 2114 580 Machabaeorum
2139 547 2153 594 ς
2188 523 2334 581 item

183 633 255 672 ex
286 611 534 694 epistola
568 613 640 671 ad
670 612 946 672 Hebraeos
967 659 982 687 .,
1021 635 1092 689 ex
1130 615 1181 672 ΙΙ
1211 613 1406 688 Petri,
1449 635 1520 672 ex
1557 616 1803 697 epistola
1837 615 2060 675 Jacobi.
2097 616 2335 676 Nullam

182 730 326 769 vero
361 730 494 767 cum
529 710 730 769 fecerit
767 708 1039 768 Clemens
1068 709 1435 768 mentionem
1470 710 1767 791 Evangelii
1805 713 1861 770 S.
1904 715 2149 771 Joannis
2180 716 2336 790 ejus-

184 828 298 888 que
336 806 797 889 Apocalypseos7
835 805 1120 886 colligunt
1158 807 1411 882 eruditi,
1455 807 1824 867 Clementem
1863 808 2018 868 hanc
2059 832 2223 868 suam
2260 807 2336 867 ad

186 902 520 962 Corinthios
558 902 865 985 epistolam
897 923 1163 961 exarasse
1193 912 1296 960 aut
1339 913 1536 962 stante
1568 901 1760 961 adhuc
1787 903 2154 983 Sol'ymorum
2182 890 2335 966 urbe

183 1020 250 1057 ac
288 998 559 1080 templo,
600 1010 701 1057 aut
743 997 921 1081 paulo
970 1009 1103 1079 post
1155 1001 1459 1079 utriusque
1504 998 1901 1080 direptionem
1945 999 2071 1080 (l),
2121 1000 2336 1060 scilicet:

183 1116 318 1154 cum
343 1098 606 1155 Joannes
636 1116 809 1153 suum
842 1093 1225 1174 Evangelii-lm
1252 1094 1527 1153 nondum
1554 1095 1993 1176 conscripsisset
2021 1096 2133 1175 (2).
2167 1094 2337 1168 Quod

187 1192 237 1250 si
269 1191 699 1252 nonnullorum
724 1190 1010 1250 librorum
1037 1190 1726 1250 deutero-canonicorum
1754 1192 2114 1249 mentionem
2128 1192 2186 1249 S.
2205 1189 2338 1249 Cle-

189 1309 361 1348 mens
406 1311 529 1347 non
575 1288 816 1367 injecit,
861 1299 928 1345 ut
973 1279 1110 1345 libri
1152 1285 1345 1345 Tobiae
1392 1297 1452 1345 et
1495 1286 1827 1368 prophetiae
1880 1285 2140 1359 Baruch,
2192 1285 2337 1344 item

190 1384 451 1467 epistolae
478 1384 646 1444 Judae
669 1431 684 1459 7
719 1396 779 1444 et
816 1385 867 1442 II
898 1404 963 1442 ac
991 1384 1070 1441 ΙΙΙ
1104 1382 1386 1448 Joannis,
1426 1381 1559 1441 ideo
1596 1393 1683 1442 est
1705 1428 1721 1457 a
1767 1381 1867 1442 vel
1900 1382 2035 1464 quia
2069 1402 2205 1440 cum
2239 1402 2337 1440 re—

198 1480 376 1564 liquis
403 1481 469 1540 hi
496 1480 631 1540 libri
648 1486 1072 1561 jungerentur,
1112 1478 1207 1540 vel
1243 1479 1380 1560 quia
1414 1477 1578 1538 nulla
1602 1478 1688 1537 illi
1722 1499 1848 1538 sese
1877 1477 2092 1536 obtulit
2119 1476 2337 1536 occasio

193 1599 291 1638 eos
319 1577 681 1653 adducendi,
720 1588 898 1659 prout
935 1574 1255 1635 nonnullos
1291 1573 1500 1636 eadem
1530 1574 1604 1634 de
1633 1595 1800 1634 causa
1831 1573 2026 1633 omisit
2060 1594 2131 1632 ex
2172 1570 2336 1631 libris

191 1674 663 1756 protocanonicis
706 1673 1011 1755 utriusque
1052 1672 1413 1731 Testamenti
1449 1670 1560 1752 (3).

280 1769 377 1829 18.
427 1769 673 1829 Interim
722 1791 792 1828 ex
839 1769 1008 1828 dictis
1059 1780 1303 1851 apparet
1333 1814 1350 1843 .,
1414 1767 1694 1828 eumdem
1747 1788 1982 1848 semper
2037 1787 2338 1826 sacrorum

194 1864 517 1926 Bibliorum
565 1864 886 1926 obtinuisse
940 1886 1229 1925 canonem
1280 1867 1344 1923 in
1397 1863 1645 1925 Ecclesia
1698 1866 1964 1924 Romana-
1984 1909 2001 1939 a
2059 1863 2334 1922 omnium

195 2186 302 2234 pag.
332 2165 399 2233 48
420 2205 434 2229 ,
471 2167 564 2217 col.
596 2182 658 2231 2,
692 2169 743 2216 in
772 2169 893 2217 notis
923 2168 1149 2216 historicis
1166 2167 1224 2216 ad

196 2250 250 2301 S.
277 2250 569 2300 Clementem
586 2289 600 2313 ,
634 2261 744 2300 sect.
776 2250 808 2315 4
825 2268 845 2312 ;.
874 2255 1065 2319 eJusque
1084 2268 1226 2316 nepos

196 2333 455 2400 Josephus‚
490 2353 563 2401 op.
597 2338 676 2383 cit.
701 2333 858 2399 Praef.
887 2351 1052 2399 ρεπεν.
1083 2352 1131 2399 p.
1153 2351 1225 2383 ιιι.

197 2416 473 2466 Notandum
515 2434 651 2482 porro
687 2427 786 2476 est,
820 2427 960 2465 tantae
999 2416 1123 2482 apud
1155 2433 1232 2464 ve-

204 2511 322 2549 teres
340 2501 485 2548 fuisse
503 2501 787 2548 auctoritatis
804 2499 1046 2564 epistolam
1061 2498 1109 2546 S.
1126 2498 1234 2547 Cle-

200 2585 388 2641 mentis,
412 2593 465 2629 ut
481 2584 710 2647 plerasque
728 2582 941 2631 Ecclesiae
961 2599 1062 2630 eam
1083 2581 1233 2647 legere

209 2664 355 2713 solitae
372 2665 545 2712 fuerint
564 2664 750 2728 publice
769 2664 931 2712 diebus
954 2665 1203 2712 dominicis
1216 2697 1231 2722 ‚

204 2749 301 2796 imo
320 2757 364 2795 et
382 2749 503 2795 inter
526 2748 749 2794 canonica
776 2749 944 2811 scripta
962 2764 987 2793 a
1005 2762 1102 2793 non
1122 2762 1235 2809 pau-

201 2834 265 2881 cis
282 2833 515 2880 recensitae
530 2829 727 2889 fuerint,
743 2832 809 2877 uti
827 2846 936 2877 mox
949 2828 1228 2877 videbimus.

271 2913 339 2978 (l)
377 2911 477 2961 Cfr.
493 2910 747 2960 Godofredi
766 2910 1011 2960 Vendelini
1035 2908 1104 2959 De
1124 2908 1229 2958 Gle-

202 2997 378 3045 memis
420 3004 465 3043 et
505 3000 613 3061 ejus
664 2991 981 3060 epistolarum
1027 3000 1233 3058 tempore

203 3081 481 3142 divinatio,
515 3080 639 3145 apud
675 3077 991 3138 Cotelerium,
1034 3087 1144 3126 tom.
1179 3091 1228 3136 1,

203 3161 345 3214 Patr.
376 3160 653 3228 Apostolic.
687 3179 873 3210 necnon
906 3159 1117 3226 ejusdem
1143 3157 1234 3206 Co-

204 3245 355 3294 telerii
411 3243 672 3292 Judicium
699 3239 780 3292 'de
824 3245 992 3310 priore
1035 3239 1233 3309 epistola

205 3327 262 3377 S.
298 3326 586 3375 Clementis.

277 3411 342 3476 (2)
380 3411 480 3461 Cfr.
526 3408 575 3460 S.
615 3411 958 3477 Hieronymus,
989 3408 1072 3457 De
1105 3408 1229 3455 viris

207 3493 391 3543 illustr.
423 3511 529 3559 cap.
563 3510 609 3542 lx
628 3531 640 3553 ‚
672 3511 780 3541 cum
810 3510 904 3559 quo
933 3493 1231 3540 consentiunt

211 3586 388 3625 veteres
418 3593 580 3625 omnes
600 3613 613 3637 ‚
650 3579 732 3643 qui
764 3576 1004 3635 referunt,
1029 3574 1076 3624 S.
1091 3573 1235 3622 Joan-

214 3676 324 3707 nem
365 3658 670 3726 Evangelium
718 3677 855 3709 suum
901 3660 1131 3724 scripsisse
1173 3654 1233 3704 ad

1313 2168 1622 2235 profligandas
1639 2167 2046 2217 Corinthianorum
2076 2177 2122 2216 et
2149 2166 2346 2215 Ebioni-

1314 2263 1466 2301 tarum
1482 2252 1701 2311 haereses»,
1717 2267 1821 2317 quae
1843 2251 2035 2317 quidem
2052 2268 2130 2298 an.
2153 2266 2228 2297 xlv
2248 2248 2345 2296 Do·-

1315 2339 1498 2385 mitiani
1521 2338 1808 2401 potissimum
1835 2335 2151 2383 invaluerant.
2171 2332 2279 2397 Hug
2299 2342 2344 2381 et

1315 2436 1424 2466 cum
1453 2421 1553 2482 ipso
1573 2417 1791 2466 Cellerier
1807 2454 1821 2477 ‚
1852 2414 2004 2466 Essai
2025 2416 2170 2464 d'rme
2194 2416 2344 2463 intro-

1315 2502 1514 2548 duction
1549 2500 1756 2565 critique
1794 2517 1861 2548 au
1891 2486 2128 2548 Nouveau
2171 2497 2344 2544 Testa-

1314 2590 1482 2641 ment,
1528 2583 1779 2629 deum'eme
1822 2587 1966 2645 part..
1997 2585 2109 2626 sect.
2153 2577 2211 2633 5,
2252 2575 2345 2625 Ge-

1315 2667 1432 2713 neve
1488 2662 1612 2712 1823
1634 2701 1648 2722 ‚
1694 2673 1916 2725 censent,
1966 2661 2199 2710 Joannem
2243 2671 2343 2708 tum

1316 2746 1620 2811 Evangelium
1643 2757 1743 2794 tum
1766 2757 1853 2794 tres
1872 2745 2085 2811 epistolas
2102 2761 2311 2793 exarasse
2327 2780 2341 2804 ‚

1319 2847 1412 2877 una
1439 2847 1546 2877 cum
1564 2828 1839 2894 Apocalypsi
1858 2866 1872 2886 ,
1898 2828 2114 2876 ininsula
2133 2826 2339 2875 Patmos.

1320 2911 1488 2960 Praeter
1519 2916 1812 2978 conjecturas
1845 2914 2110 2959 innituntur
2143 2911 2343 2958 auctori,-

1319 3004 1413 3043 tate
1457 2997 1658 3043 auctoris
1703 2993 1970 3062 Synopseos
2015 2994 2342 3041 athanasianae.

1319 3078 1495 3128 Verum
1520 3079 1620 3128 haec
1648 3089 1921 3144 argumenta
1953 3077 2062 3126 talia
2088 3076 2227 3124 nobis
2247 3093 2345 3123 non

1320 3163 1568 3227 videntur,
1604 3172 1658 3211 ut
1694 3165 1871 3228 possint
1909 3163 2187 3210 unanimem
2222 3168 2346 3209 vete·

1319 3264 1425 3294 rum
1454 3262 1731 3294 consensum
1760 3245 2012 3292 infirmare.

1392 3328 1458 3394 (3)
1498 3328 1630 3376 Tales
1667 3338 1774 3375 sunt
1817 3345 1870 3375 ex
1917 3326 2023 3375 Vct.
2065 3324 2190 3378 Test.
2237 3323 2346 3372 libri

1320 3411 1544 3461 Judicum
1571 3448 1584 3471 ,
1643 3409 2028 3474 Paralipomenon
2072 3418 2117 3455 et
2165 3406 2346 3455 Cantici

1321 3494 1543 3558 Cantic.;
1579 3512 1632 3543 ex
1670 3493 1791 3542 Nov.
1829 3502 1982 3542 autem
2020 3493 2135 3556 epist
2167 3490 2227 3538 ad
2252 3488 2347 3538 Ga-

1320 3579 1406 3627 lat.
1442 3576 1501 3625 ad
1528 3575 1792 3627 ColossenS.
1820 3576 1879 3624 ad
1905 3574 2067 3624 Titum
2092 3585 2136 3623 et
2164 3573 2224 3623 ad
2245 3573 2347 3622 Phi.-

1320 3659 1569 3710 lemonem.
