2502 4134
288 187 452 224 mar.
501 188 564 223 11.
614 186 760 224 secr.
806 186 869 222 ιι.
918 187 1038 223 ου’.
1091 190 1128 224 ι.
1176 189 1241 223 na
1286 188 1473 226 macas,
1520 189 1584 224 Εἰ·
1628 188 1807 226 ΕΧιετ.
1860 190 2023 226 run.
2088 168 2206 227 247

111 329 232 408 ipsa
268 348 534 409 expresse
574 349 691 385 non
727 325 1001 401 exhibet,
1049 329 1205 387 unde
1248 349 1312 387 ea
1344 329 1460 386 sint
1496 328 1849 404 derivanda,
1891 329 2164 410 patefacit
2188 375 2204 403 7

112 442 302 489 comm
339 443 538 494 secus,
592 445 721 502 neq.
777 424 906 481 Non
952 422 1109 481 aliud
1150 424 1366 504 quippe
1414 422 1696 501 significat
1738 407 2102 482 SE³Joannes
2151 424 2212 482 in

114 516 358 595 allegato
402 528 560 575 textu
586 563 602 591 ,
655 539 831 598 quam
859 539 919 577 se
949 517 1115 599 plura
1145 517 1253 578 alia
1296 518 1453 596 signa
1473 563 1488 591 7
1530 538 1655 598 quae
1681 519 1940 577 Christus
1966 519 2176 578 facerat
2195 564 2210 592 7

113 611 171 668 in
202 632 300 668 sua
329 612 658 670 narratione
690 613 1121 692 praetermisisse
1141 657 1156 687 ,
1186 622 1389 693 utpote
1424 631 1489 669 ea
1515 656 1531 684 7
1559 632 1685 691 quae
1713 613 1993 673 retulerat
2012 661 2028 683 ,
2053 613 2214 671 suffi-

119 717 317 764 cerent
341 705 409 763 ad
446 705 506 763 id
546 705 701 787 quod
732 706 837 765 sibi
868 717 1249 788 proposuerat
1271 703 1655 764 obtinendum
1675 751 1691 779 7
1733 727 1945 788 nempe
1982 708 2055 766 ad
2079 729 2218 788 pro·
2276 769 2279 771 ,

117 798 377 857 bandum
404 846 419 863 7
473 812 596 858 tum
636 804 835 861 Jesum
869 822 990 860 esse
1030 801 1387 861 Messiamac
1413 798 1619 858 Filium
1651 799 1755 859 Dei
1779 845 1794 874 7
1826 811 1951 859 tum
1985 803 2219 860 nonnisi

117 916 220 975 per
248 894 418 953 fidem
457 896 516 952 in
564 897 756 977 ipsum
782 916 945 976 posse
980 895 1232 979 obtineri
1262 894 1508 953 salutem
1529 893 1646 975 (1).

200 989 334 1048 363.
382 991 519 1048 Inst.
573 991 760 1072 primo
808 989 870 1045 10
911 990 1083 1070 Atqui
1123 989 1503 1048 verissimum
1533 997 1620 1047 est
1661 1007 1954 1067 magnum
1996 994 2221 1049 Protes-

120 1087 396 1142 tantismz‘
428 1088 815 1164 principium
837 1128 858 1155 ,
907 1085 1261 1162 Scripturam
1312 1080 1578 1142 videlicet
1631 1079 1848 1162 absque
1891 1084 2221 1142 Traditione

122 1178 503 1237 sufficientem
531 1178 705 1259 plane
736 1198 858 1237 esse
882 1177 951 1235 ad
993 1176 1125 1235 fidei
1157 1176 1551 1256 doctrinaeque
1580 1175 1840 1257 regulam
1865 1180 2222 1238 constituen-

121 1272 272 1331 dam.
318 1275 462 1331 Nam
511 1274 576 1329 10
611 1277 926 1330 universus
959 1273 1123 1330 orbis
1167 1285 1461 1330 sacrorum
1500 1269 1756 1330 admittit
1793 1269 2107 1330 Bibliorum
2142 1275 2223 1331 in·

121 1366 511 1447 spirationem.
538 1366 605 1423 20
623 1368 798 1425 Porro
822 1409 838 1439 7
869 1365 913 1423 si
936 1368 1086 1424 Deus
1107 1364 1359 1423 solidum
1380 1364 1822 1447 supernaturale
1850 1387 1915 1423 ac
1934 1366 2225 1446 prodigio-

119 1481 248 1518 sum
295 1459 551 1518 medium
604 1459 679 1519 ad
719 1461 847 1520 fidei
891 1461 1393 1519 conservationem
1442 1459 1666 1519 homini
1716 1459 2004 1542 praebuit,
2052 1460 2227 1520 debet

118 1553 264 1612 illud
293 1575 414 1613 esse
445 1555 749 1614 sufficiens,
797 1555 862 1614 3⁰
907 1554 1174 1636 Alioquin
1210 1575 1477 1636 quaenam
1524 1555 1798 1614 securitas
1835 1555 1910 1613 de
1945 1556 2227 1613 immuni-

119 1660 238 1708 tate
279 1648 351 1707 ab
378 1671 571 1709 errore
612 1661 805 1730 posset
841 1648 1046 1708 haberi
1085 1650 1147 1707 in
1186 1670 1478 1708 sacrarum
1519 1650 1867 1708 Litterarum
1914 1649 2144 1724 stu>dio7
2182 1649 2227 1707 si

121 1744 242 1802 istae
281 1765 401 1802 nen
438 1756 633 1803 essent
659 1746 772 1803 nisi
791 1755 1142 1824 prospectus
1165 1746 1454 1822 partialis
1482 1764 1717 1803 sensum
1743 1744 1848 1803 Dei
1879 1766 2009 1823 erga
2036 1743 2227 1802 homi-

121 1837 268 1898 nes?
293 1838 358 1897 40
377 1840 528 1898 Licet
542 1840 698 1898 enim
716 1842 998 1898 fateamur
1016 1883 1032 1914 ,
1057 1838 1312 1898 Ecclesiae
1327 1839 1698 1897 existentiam
1718 1850 1983 1920 tempore
1998 1840 2227 1920 scriptis

124 1933 442 2014 apostolicis
490 1936 839 1994 anteriorem
870 1956 1024 2009 esse,
1059 1946 1234 2015 atque
1274 1933 1688 1992 christianismi
1733 1955 2029 2016 praecones
2071 1937 2232 1993 orali

123 2029 440 2086 traditione
454 2029 779 2088 doctrinam
795 2030 1244 2088 communicasse
1267 2074 1281 2102 7
1315 2027 1525 2087 exinde
1543 2038 1742 2087 tamen
1766 2029 1967 2087 inferri
1984 2030 2189 2110 nequit
2208 2075 2223 2103 7

125 2122 394 2197 eosdem,
439 2145 569 2182 cum
624 2145 753 2183 eam
794 2124 1019 2206 scriptis
1065 2123 1514 2202 consignarunt,
1563 2146 1633 2182 em
1671 2134 1852 2202 parte
1895 2134 2124 2182 tantum
2165 2124 2226 2182 id

127 2216 412 2290 effecisse,
470 2219 836 2299 potuisseque
881 2219 1160 2299 Spiritum
1204 2220 1481 2276 Sanctum
1517 2219 1585 2276 iis
1622 2217 2045 2299 incomplctum
2081 2239 2227 2299 opus

128 2311 363 2370 dictare.
387 2311 454 2368 50
478 2313 625 2372 Sane
648 2313 693 2370 si
715 2335 820 2371 nos
847 2314 1002 2394 ipsos
1023 2314 1473 2391 interrogemus,
1507 2335 1707 2372 nonne
1734 2312 1998 2372 videmur
2036 2314 2231 2371 omnia

129 2407 191 2464 in
209 2405 517 2487 Scripturis
539 2407 838 2489 reperire?
862 2408 927 2465 60
943 2410 1094 2465 Dum
1120 2428 1259 2467 vero
1282 2406 1458 2465 libros
1477 2408 1787 2488 inspiratos
1813 2409 2188 2466 nominamus
2213 2453 2229 2481 7

130 2500 278 2558 solos
323 2501 706 2579 significamus
750 2501 926 2561 libros
967 2506 1279 2560 canonicos
1323 2502 1384 2560 in
1429 2522 1599 2560 sensu
1641 2501 1901 2582 planiore
1935 2513 1993 2560 et
2033 2524 2229 2581 gram·

131 2595 340 2677 mati-co
361 2641 376 2669 7
410 2595 572 2653 nullo
597 2595 671 2654 ad
693 2607 872 2654 sectas
903 2607 1001 2654 aut
1021 2596 1295 2655 factiones
1315 2595 1516 2654 habito
1546 2607 1829 2677 respectu.
1862 2597 1929 2655 70
1960 2597 2193 2655 Accedit
2214 2641 2228 2670 7

131 2689 286 2773 quod
323 2690 534 2749 Christi
564 2689 759 2770 religio
787 2691 928 2770 (illa
963 2712 1175 2774 nempe
1212 2692 1314 2750 Dei
1351 2691 1609 2750 adoratio
1649 2691 1714 2749 in
1757 2691 1966 2773 spiritu
2000 2702 2059 2750 et
2088 2692 2233 2751 veri-

131 2797 250 2845 tate
274 2787 297 2865 )
323 2807 443 2845 non
477 2797 596 2844 tam
630 2787 693 2845 in
715 2785 1094 2866 singularibus
1123 2785 1410 2860 articulis7
1439 2806 1615 2866 quam
1638 2787 1699 2844 in
1733 2786 2031 2868 principiis
2064 2807 2234 2865 gene⁴

134 2879 347 2938 ralibus
370 2902 435 2939 ac
462 2881 695 2940 motivis
722 2881 829 2940 sita
864 2882 957 2939 sit.
993 2883 1115 2940 Hoc
1150 2879 1409 2939 intendit
1441 2881 1701 2939 Christus
1745 2882 2055 2954 Dominus7
2096 2879 2237 2938 dum

132 2986 313 3034 totam
353 2976 539 3055 legem
583 2976 807 3035 duobus
840 2978 1142 3059 praeceptis
1183 2976 1515 3058 complexus
1560 2988 1683 3049 est,
1729 2975 1847 3035 haec
1895 2978 1953 3035 S.
1989 2975 2235 3050 Paulus7

137 3067 306 3143 dum,
342 3073 365 3128 Ι
390 3071 522 3131 Cor.
555 3072 639 3145 II,
680 3073 721 3129 2
741 3117 756 3146 7
788 3071 1039 3131 affirmat
1062 3120 1077 3146 7
1106 3094 1166 3131 se
1190 3092 1309 3130 non
1343 3070 1500 3129 aliud
1536 3071 1680 3130 scire
1703 3072 1816 3129 nisi
1846 3073 2044 3130 Jesum
2073 3071 2240 3130 Chri-

141 3173 292 3222 stum
317 3176 373 3224 et
394 3165 550 3225 hunc
571 3167 930 3226 crucifixum.
968 3167 1035 3227 8⁰
1060 3166 1314 3226 Laeditur
1331 3167 1579 3249 proinde
1602 3169 1753 3225 Deus
1775 3211 1791 3241 7
1815 3165 1956 3224 dum
1984 3166 2244 3246 confugi-

207 3324 276 3387 (l)
311 3325 408 3377 cfr.
437 3329 726 3380 Maldonatus
747 3370 759 3391 ,
786 3335 835 3379 in
863 3334 915 3381 h.
950 3332 1040 3381 loc.
1062 3331 1143 3379 Hae
1224 3334 1498 3381 recentiores
1539 3330 1846 3379 protestantes
1887 3332 2079 3379 omnino
2108 3331 2239 3379 dese-

149 3405 722 3478 porrodiffieultate87quas
737 3415 1014 3480 antiquiores
1030 3413 1143 3461 adeo
1225 3415 1419 3462 ruerint.
1467 3412 1590 3460 Adeo
1634 3429 1791 3461 verum
1844 3424 1907 3460 est
1949 3411 2236 3476 Scripturas,

147 3486 307 3549 magni
348 3485 604 3554 faciebant,
654 3495 968 3561 urgebantque
1007 3495 1143 3560 plena
1228 3498 1597 3563 uniuscujusque
1635 3496 1993 3560 interpretationi
2025 3493 2235 3556 relictas,

149 3563 317 3615 fiducia
339 3568 545 3621 adversus
570 3575 854 3636 Catholicos‚
882 3567 996 3627 adeo
1023 3577 1145 3626 leves
1229 3580 1280 3625 in
1309 3595 1495 3626 omnem
1525 3594 1706 3626 sensum
1739 3576 1999 3642 detorqueri
2029 3574 2189 3639 posse!

151 3663 244 3695 esse
283 3647 491 3714 deinceps
531 3667 766 3720 compertae
804 3668 940 3720 sunt,
983 3669 1033 3706 ut
1073 3675 1146 3706 eas
