2502 4134
393 174 557 213 ‚PAR-r.
601 174 669 209 11.
718 173 839 210 CAP.
887 174 928 208 1.
978 172 1045 207 nn
1090 172 1247 209 SAcn.
1294 169 1432 208 unu.
1476 171 1607 209 CAN.
1654 172 1718 208 Er
1761 171 2001 210 Auoron.
2189 148 2271 209 25

159 326 374 398 apertae
405 315 690 394 ejusmodi
716 314 1031 374 allusiones
1073 324 1387 375 occurrunt
1420 312 1494 372 ad
1529 313 1653 373 loca
1686 313 1971 374 librorum
1998 313 2273 374 deutero-

159 411 568 470 canonicorum
597 454 614 486 ,
644 432 734 470 ex.
776 432 860 490 gr.
889 410 1033 469 Luc.
1079 412 1185 469 XII
1215 456 1232 486 ,
1270 411 1345 468 19
1367 456 1383 484 .,
1411 445 1493 455 —-
1518 411 1927 470 Ecclesiastici
1974 411 2054 469 XI
2080 454 2097 483 ,
2154 410 2228 468 19
2254 432 2272 486 3

159 507 336 565 Rom.
358 507 413 580 I,
433 506 804 585 20,—-Sap.
829 507 997 580 XIII,
1032 506 1096 578 13
1124 506 1313 565 Hebr.
1338 507 1447 578 XI,
1478 504 1729 579 34,—I
1751 505 2136 579 Machah.11,
2162 504 2269 579 393

107 645 113 650 -
159 602 359 680 Epist.
411 603 546 662 Jac.
597 605 656 675 I,
701 603 764 660 1]
795 647 812 676 ,
843 638 925 647 -
948 605 1363 664 Ecclesiastici
1393 602 1565 676 XIV,
1610 601 1723 674 183
1767 600 1919 661 lbid.
1964 602 2050 676 II,
2088 602 2118 659 1
2147 647 2163 675 ,
2192 635 2274 648 ·--

158 698 568 757 Ecclesiastz'oi
601 700 787 772 XLII,
830 700 858 757 l
884 745 899 774 ,
942 711 1002 758 et
1045 698 1177 758 alibi
1225 699 1462 780 passim.
1507 700 1656 757 Cum
1690 697 1864 777 igitur
1913 699 2273 779 apertissime

161 792 419 874 Apostoli
455 794 518 851 in
549 795 775 875 scriptis
813 794 931 853 suis
957 794 1054 856 vel
1087 794 1300 866 iisdem
1328 793 1638 876 phrasibus
1668 791 1970 852 interdum
1995 804 2270 869 utantur,

162 901 287 969 quae
310 889 373 946 in
405 887 567 946 libris
590 887 1156 950 deutero-canonicis
1181 892 1585 972 reperiuntur,
1613 888 1710 951 vel
1739 887 1895 949 dicta
1917 899 1976 948 et
2005 887 2272 947 historias

161 981 412 1062 allegent
431 1029 447 1057 ,
493 1003 619 1064 quae
650 984 885 1041 nonnisi
923 984 985 1041 in
1020 983 1229 1042 iisdem
1261 983 1602 1042 referuntur
1631 983 1794 1043 libris
1816 1028 1834 1058 ,
1865 982 2072 1042 eadem
2098 981 2273 1064 plane

160 1079 414 1150 ratione,
439 1098 552 1159 qua
576 1077 649 1134 ad
671 1076 792 1137 loca
812 1086 872 1134 et
888 1076 1156 1135 historias
1169 1075 1440 1134 alludunt
1468 1089 1774 1137 contentas
1801 1079 1864 1136 in
1876 1077 2042 1138 libris
2070 1089 2274 1159 proto-

162 1175 478 1247 canoniciS,
519 1171 660 1252 quid
688 1169 761 1228 de
794 1169 907 1247 illis
928 1169 1092 1229 libris
1112 1191 1316 1231 revera
1347 1172 1660 1246 senserint,
1677 1171 1912 1233 abunde
1932 1173 2271 1233 ostendunt.

242 1270 338 1329 35.
383 1269 472 1330 Ad
511 1268 618 1343 4¹1²,
657 1269 816 1327 Dist.
851 1265 1088 1327 Publice
1118 1266 1465 1349 legebantur
1499 1268 1562 1326 in
1598 1267 1859 1327 Ecclesiis
1899 1291 1972 1328 ex
2005 1271 2274 1329 versione

158 1366 549 1428 Alexandrina
585 1363 720 1423 libri
754 1363 1278 1423 deutero-canonici
1315 1365 1401 1422 uti
1431 1365 1726 1448 Scriptura
1750 1364 1951 1426 divina
1978 1369 2148 1444 juxta
2193 1365 2276 1424 di-

160 1463 357 1521 vinam
402 1473 462 1520 et
502 1458 877 1541 apostolicam
924 1459 1334 1535 traditionem,
1371 1482 1572 1529 conc.,·
1611 1461 1697 1519 uti
1740 1459 1876 1521 libri
1921 1460 2271 1544 apocryphi,

159 1578 340 1638 eaque
372 1556 491 1616 sola
514 1555 593 1615 de
619 1577 790 1614 causa
826 1555 984 1637 quod
1018 1555 1418 1636 reperirentur
1448 1557 1512 1614 in
1546 1557 1815 1617 versione
1844 1556 2233 1618 Alexandrina
2253 1602 2269 1632 ,

158 1674 286 1733 neq.
325 1654 535 1711 Totum
569 1651 727 1711 enim
760 1650 871 1711 hoc
912 1663 1201 1732 systema,
1245 1673 1434 1733 nuper
1474 1651 1548 1711 ab
1593 1652 1937 1713 adversariis
1977 1655 2274 1734 excogita-

158 1759 285 1807 tum
307 1793 322 1822 ,
364 1747 739 1807 arbitrarium
763 1760 848 1807 est
873 1769 939 1807 ac
970 1748 1274 1807 manifeste
1301 1748 1535 1808 falsum.
1570 1749 1640 1807 Et
1668 1770 1809 1809 sane
1840 1760 2064 1809 certum
2086 1761 2174 1810 est
2202 1771 2274 1810 ex

159 1843 325 1902 dictis
356 1866 369 1901 ι
404 1844 466 1901 1⁰
490 1842 762 1903 Hebraeos
793 1844 945 1925 ipsos
981 1866 1190 1923 magna
1222 1865 1455 1926 semper
1480 1845 1543 1903 in
1568 1845 1946 1905 veneratione
1967 1844 2074 1905 hos
2094 1845 2274 1904 libros

157 1936 427 1998 habuisse
456 1972 474 2013 —,
537 1938 887 2021 eosdemque
941 1939 1002 1997 in
1058 1939 1300 1999 classem
1370 1940 1898 2023 hagiographorum
1961 1940 2227 2000 retulisse
2254 1963 2271 2018 3

152 2032 220 2089 20
251 2032 547 2092 Christum
581 2044 640 2093 et
679 2033 982 2116 Apostolos
1019 2056 1090 2095 ex
1130 2035 1247 2095 illis
1284 2036 1620 2096 testimonia
1648 2036 1959 2117 allegasse,
1987 2048 2160 2118 atque
2199 2035 2274 2095 ad

157 2146 252 2184 eos
284 2127 546 2208 pluribus
588 2131 651 2188 in
689 2129 828 2190 locis
866 2130 1158 2206 allusisse,
1194 2132 1260 2191 30
1288 2143 1355 2191 ut
1397 2155 1467 2193 ex
1507 2132 1767 2193 dicendis
1814 2132 2071 2215 patebit,
2115 2132 2274 2191 anti-

161 2221 462 2300 quissimos
483 2227 679 2285 Patres
702 2226 776 2284 ad
798 2248 894 2286 eos
917 2226 1095 2286 libros
1119 2238 1404 2311 tanquam
1425 2229 1655 2289 divinos
1681 2228 2060 2311 divinamque
2086 2228 2274 2309 Scrip-

159 2324 350 2375 turam
384 2318 737 2399 appellasse3
783 2323 850 2379 4⁰
886 2333 1196 2404 utramque
1243 2324 1550 2383 Ecclesiam
1585 2324 1929 2384 orientalem
1959 2323 2177 2406 pariter
2214 2333 2274 2382 et

159 2410 574 2472 occidentalem
601 2415 834 2474 eosdem
856 2427 922 2473 ut
944 2417 1141 2475 divina
1168 2418 1549 2499 inspiratione
1577 2420 1933 2500 conscriptos
1959 2419 2266 2498 recepisse.

159 2501 224 2559 5⁰
268 2504 324 2561 Si
368 2526 438 2564 ex
486 2510 755 2569 versione
805 2509 1191 2570 Alexandrina
1239 2513 1455 2571 factum
1502 2525 1686 2588 esset,
1731 2525 1909 2595 prout
1955 2512 2272 2574 adversarii

157 2609 463 2659 autumant
483 2647 498 2675 ,
535 2613 602 2660 ut
627 2606 867 2684 spectati
896 2607 1113 2664 fuerint
1139 2609 1227 2666 uti
1252 2609 1515 2668 canonici
1539 2630 1603 2668 ac
1633 2609 1814 2668 divini
1839 2608 1974 2669 libri
1997 2609 2273 2667 deutero-

157 2695 450 2770 canonici,
492 2719 559 2756 eo
587 2699 741 2779 quod
772 2699 832 2758 in
868 2700 1117 2760 ecclesiis
1152 2701 1486 2782 legerentur
1510 2704 1584 2763 ad
1617 2703 2062 2764 aedificationem
2087 2751 2102 2777 ,
2141 2715 2271 2762 tan·

157 2809 331 2868 quam
374 2790 558 2854 divini
595 2805 654 2852 et
696 2796 955 2854 canonici
996 2799 1216 2878 recepti
1262 2800 1481 2880 pariter
1525 2799 1771 2859 fuissent
1815 2800 2021 2859 tertius
2061 2798 2271 2862 saltem

154 2882 344 2942 Esdrae
363 2930 399 2958 „¹
416 2898 475 2945 et
503 2888 580 2946 ΙΙΙ
605 2900 664 2947 et
695 2890 767 2949 IV
796 2890 1256 2953 Machabaeorum
1278 2939 1293 2969 ,
1333 2895 1433 2976 qui
1460 2894 1909 2977 reperiebantur
1946 2916 2176 2976 quoque
2205 2895 2267 2953 in

154 2977 357 3037 eadem
382 2981 778 3044 Alexandrina
804 2988 1068 3048 versione
1085 3034 1101 3063 ,
1132 2988 1273 3048 dum
1298 3001 1497 3051 tamen
1521 2991 1616 3050 isti
1640 2993 1843 3069 rejecti
1862 3002 1928 3050 ut
1947 2990 2267 3072 apocryphi

153 3070 326 3152 plane
355 3088 492 3136 sunt
516 3078 624 3159 (l).
654 3079 1102 3163 Quaquaversus
1131 3085 1306 3165 igitur
1329 3098 1551 3169 spectes
1582 3079 1806 3148 novum
1833 3086 1942 3146 boc
1975 3098 2230 3168 systema
2250 3132 2266 3161 ,

147 3265 320 3330 phas...
356 3278 403 3317 et
433 3268 490 3316 de
513 3268 626 3334 plus
659 3287 783 3321 neus
812 3288 961 3320 avons
987 3290 1051 3321 vu
1076 3291 1165 3338 que
1316 3275 1378 3340 (l)
1418 3276 1601 3326 Etenim
1620 3281 1669 3326 in
1695 3279 1897 3330 editione
1917 3282 2136 3330 versionis
2152 3298 2268 3346 grae-

157 3342 220 3394 les
247 3350 447 3415 Apoeres
470 3369 503 3416 y
528 3352 636 3415 sont
662 3353 718 3401 de
739 3354 1010 3419 frequentes
1042 3355 1164 3404 allu-
1246 3377 1308 3408 cae
1337 3377 1424 3409 txx
1446 3399 1459 3420 ,
1494 3378 1599 3427 quae
1623 3365 1753 3428 jussu
1781 3363 1896 3414 Sixti
1917 3384 1946 3415 v
1974 3383 2109 3431 opera
2126 3365 2265 3415 Card.

158 3429 315 3490 sione,
350 3433 473 3481 alors
503 3439 653 3483 me‘me
676 3437 818 3502 qu’ils
845 3455 904 3486 ne
938 3437 1003 3486 les
1028 3457 1163 3487 nom-
1247 3442 1435 3491 Antonii
1467 3443 1627 3493 Carasa
1662 3448 1794 3511 juxta
1828 3449 2095 3495 vaticanum
2140 3446 2270 3495 codi-

155 3517 282 3556 ment
290 3527 406 3575 pas,
439 3532 616 3565 comme
643 3517 703 3566 ile
728 3536 790 3567 ne
813 3531 1056 3570 nommant
1069 3540 1163 3587 pas
1245 3541 1345 3572 cem
1391 3525 1612 3574 adornata
1663 3537 1764 3587 est,
1804 3545 1859 3577 ac
1898 3531 2065 3578 iterum
2107 3545 2267 3577 recusa

150 3596 254 3637 tous
282 3590 348 3638 les
372 3592 510 3643 liores
542 3598 598 3646 de
625 3598 855 3650 I'Ancien
888 3603 1166 3652 Testament
1247 3605 1436 3655 Lutetiae
1473 3607 1615 3658 PariS.
1652 3607 1780 3657 1628
1800 3646 1814 3668 ‚
1852 3620 1943 3658 tres
1973 3610 2081 3657 libri
2110 3608 2265 3657 Esdrae

151 3671 292 3734 qu’ae'ls
323 3676 485 3728 cilem·
1244 3691 1535 3753 reperiuntur
1550 3692 1612 3740 ita
1630 3689 1870 3757 dispositi,
1891 3702 1943 3741 ut
1961 3689 2078 3741 liber
2107 3708 2124 3740 1
2142 3728 2155 3753 ,
2183 3692 2263 3758 qui
