2502 4134
276 82 398 139 212

901 100 1102 136 TRACT.
1152 100 1219 135 DE
1267 99 1411 138 Locis
1455 101 1831 139 THEOLOGICIS.

276 247 438 306 stolis
461 293 476 320 ,
503 257 568 304 ut
590 242 790 302 fideles
816 240 1039 323 absque
1074 240 1434 319 subjectione
1464 245 1789 324 praepositis
1823 245 1938 303 suis
1966 246 2242 327 Epistolas
2270 249 2405 310 alia-

272 365 384 424 que
419 344 679 422 ipsorum
720 338 932 419 scripta
966 337 1264 417 legerent,
1296 337 1620 419 eademque
1649 341 1880 421 privato
1911 363 2079 400 sensu
2116 343 2404 427 interpre-

270 447 556 496 tarentur.
594 435 798 516 Ecquis
835 434 995 492 enim
1033 431 1296 491 fidelium
1329 431 1549 514 absque
1592 436 1802 494 erroris
1837 436 2148 502 formidine
2186 438 2405 522 legeret

270 553 343 604 ac&
374 533 864 612 interpretaretur
911 527 1229 610 Epistolam
1276 527 1351 586 ad
1395 529 1732 588 Romanos?
1771 531 1939 604 Quod
1982 544 2041 592 et
2083 533 2155 592 de
2191 538 2400 595 ceteris

266 627 487 708 pariter
530 625 642 684 dici
682 647 827 706 opus
872 636 980 683 est.
1032 625 1220 705 Atque
1266 623 1402 682 hinc
1447 626 1746 705 responsio
1790 613 1951 707 patet
1988 627 2062 685 ad
2110 629 2204 704 id,
2244 630 2401 712 quod

265 721 535 800 adJicitur
587 720 660 779 de
704 721 973 781 universa
1024 741 1184 778 sacra
1233 719 1529 800 Scriptura
1553 764 1568 792 ,
1628 741 1759 801 quae
1810 742 1839 778 a
1889 722 1947 779 S.
1998 724 2270 802 Gregorio
2322 729 2399 787 M.

265 817 505 899 aliisque
542 815 804 875 Patribus
836 816 1042 875 merito
1074 827 1274 875 vocata
1311 815 1420 873 fuit
1452 814 1695 896 epistola
1738 817 1840 875 Dei
1865 814 1942 875 ad
1973 816 2238 879 homines
2277 821 2392 901 (l).

348 913 489 972 311.
543 911 629 971 Ad
650 912 759 986 4111,
789 914 950 972 Dz'sc.
984 913 1242 992 Quaerite
1269 910 1520 986 orandO,
1548 932 1745 979 eonc.,·
1768 910 2016 992 legendo
2040 914 2397 997 ScripturaS,

265 1031 395 1090 neq.
433 1007 683 1069 Evidens
716 1019 803 1067 est
838 1029 908 1066 ex
942 1018 1065 1066 toto
1098 1017 1376 1066 contextu
1397 1050 1413 1081 ,
1449 1028 1617 1089 agere
1651 1007 1747 1067 hic
1778 1007 2073 1067 Christum
2099 1010 2172 1070 de
2198 1033 2401 1072 neces-

265 1105 433 1163 sitate
465 1115 644 1186 atque
674 1103 925 1163 efficacia
962 1103 1240 1161 orationis
1262 1149 1277 1176 .‚
1317 1124 1452 1161 cum
1487 1102 1641 1162 dicat
1668 1126 1679 1161 :
1714 1104 1937 1174 Petite,
1977 1116 2034 1163 et
2063 1113 2369 1187 accipietis
2379 1134 2399 1177 ,-

260 1205 512 1279 quoerite
528 1244 550 1271 ,
577 1210 634 1257 et
658 1201 1011 1266 invenietis‚·
1032 1201 1275 1278 pulsate
1286 1242 1305 1269 ,
1331 1209 1387 1256 et
1406 1201 1721 1278 aperietur
1740 1201 1932 1267 vobis;
1958 1201 2019 1259 in
2052 1202 2263 1283 quibus
2290 1225 2399 1264 nec

264 1295 512 1357 verbum
557 1295 841 1368 occurrit,
882 1293 1038 1375 quod
1074 1293 1163 1352 vel
1202 1296 1415 1351 innuat
1448 1305 1807 1376 praeceptum
1850 1295 1923 1355 de
1963 1295 2281 1357 Bibliorum
2319 1299 2396 1359 le-

264 1391 476 1452 ctione.
503 1389 616 1450 Sed
645 1391 724 1449 ita
756 1402 878 1464 est3
916 1389 1164 1448 haeretici
1187 1391 1349 1471 prius
1376 1400 1768 1472 contorquent
1795 1390 1871 1449 ad
1893 1393 2160 1474 proprios
2192 1416 2394 1454 sensus

259 1489 484 1549 litteras
509 1509 695 1547 sacras
712 1534 728 1562 ,
752 1486 966 1547 deinde
994 1509 1131 1547 vero
1145 1492 1317 1565 juxta
1341 1487 1631 1568 privatam
1656 1510 1821 1546 suam
1844 1488 2394 1571 interpretationem

256 1606 351 1646 eas
395 1584 703 1645 Catholicis
745 1582 1109 1656 obtrudunt,
1162 1592 1256 1656 ut,
1305 1582 1461 1663 quod
1506 1583 1907 1657 contendunt,
1955 1606 2393 1666 quaquaversus

256 1681 524 1742 evincere
561 1678 876 1739 videantur
902 1677 1020 1756 (2).

241 1945 463 2012 jusmodi
513 1945 763 2005 obtinent,
814 1943 879 1991 ad
925 1944 1082 2009 ipsius
1131 1957 1278 1989 saoroe

257 2027 524 2093 Scriptura?
557 2027 903 2092 expositionem
932 2034 975 2072 et
999 2026 1283 2088 interpreta-

258 2112 433 2159 tionem
449 2147 465 2168 ,
485 2126 579 2176 per
594 2110 771 2174 seipsos
786 2145 798 2167 ,
822 2109 870 2154 si
887 2107 1053 2155 idonei
1065 2107 1279 2170 fuerint,

258 2191 479 2257 alioquin
489 2209 583 2258 per
604 2191 828 2239 idoneum
850 2191 1163 2238 substitutum
1180 2224 1196 2247 ,
1223 2187 1282 2236 ab

257 2276 381 2342 ipsis
409 2272 729 2339 Episcopis...
749 2272 1018 2337 eliqendum
1036 2306 1050 2325 ‚
1079 2270 1282 2336 compel-

258 2357 382 2407 lant.
425 2355 504 2404 De
542 2364 709 2404 ooetero
751 2371 860 2403 vero
893 2353 1157 2419 proebenda
1198 2360 1285 2400 aut

256 2441 553 2509 stipendium
588 2438 871 2505 hujusmodi
896 2438 1097 2487 nonnisi
1116 2454 1278 2502 perso-

258 2525 339 2572 nis
380 2523 599 2579 idoneis,
647 2530 693 2570 et
736 2539 844 2587 quoe
877 2538 968 2586 per
1014 2524 1195 2586 seipsos
1232 2521 1284 2567 id

259 2621 438 2654 munus
472 2603 658 2670 explere
692 2604 908 2669 possint,
952 2601 1279 2666 conserantur.

260 2687 319 2736 Et
344 2687 445 2736 aliis
477 2688 656 2734 omissis
678 2722 692 2745 ‚
724 2701 827 2751 quae
854 2684 965 2733 alias
1000 2684 1269 2742 retulimus,

259 2786 369 2818 sess.
406 2785 553 2827 xxiv,
601 2768 688 2815 sub
733 2765 814 2814 Pio
858 2783 904 2814 iv
949 2781 1071 2813 anno
1119 2762 1277 2825 1562,

260 2850 340 2900 De
370 2849 578 2917 reform..
603 2866 705 2912 cap.
740 2864 787 2895 ιν
807 2885 820 2908 ,
850 2850 1066 2895 statuitur
1089 2846 1147 2894 de
1167 2846 1281 2912 Epi-

261 2937 408 2999 scopis
443 2943 488 2982 et
517 2933 731 2999 parochis
748 2969 762 2988 ,
785 2941 839 2979 ut
868 2929 1036 2978 saltem
1056 2930 1281 2978 omnibus

260 3016 546 3066 Dominicis
581 3026 625 3065 et
656 3015 944 3065 solemnibus
974 3013 1142 3062 diebus
1175 3015 1275 3079 ses-

259 3100 355 3159 tis,
389 3107 593 3166 tempore
626 3108 786 3147 autem
810 3098 1118 3164 jejuniorum
1156 3114 1277 3162 qua-

259 3179 542 3245 draqesimoe
565 3190 609 3228 et
633 3181 865 3230 adventus
890 3178 1099 3228 Domini
1119 3182 1275 3243 quoti-

257 3262 373 3323 die,
406 3262 479 3311 vel
507 3263 677 3311 saltem
712 3264 867 3311 tribus
896 3263 951 3310 in
983 3260 1276 3309 hebdomada

259 3344 456 3405 diebus,
489 3346 534 3391 si
562 3346 632 3392 ita
662 3354 872 3410 oportere
902 3344 1135 3392 duxerint
1153 3382 1164 3401 ,
1196 3361 1277 3391 sa-

1370 1952 1473 1988 tum
1497 1959 1559 2000 ,ex
1589 1942 1776 2006 publico
1803 1943 1926 1991 facto
1957 1951 2167 2006 constat,
2205 1957 2306 1995 tum
2337 1966 2390 1997 ex

1369 2018 1617 2086 Scripturae
1650 2023 1926 2071 lectionibus
1949 2060 1960 2079 ,
2003 2043 2109 2091 quae
2147 2031 2390 2078 vernacula

1367 2104 1522 2170 lingua
1543 2106 1603 2153 ad
1629 2107 1853 2170 populum
1874 2107 2038 2155 habitae
2060 2117 2169 2158 sunt
2185 2127 2238 2158 ac
2255 2110 2389 2160 dein-

1367 2204 1473 2252 ceps
1501 2190 1676 2252 ingenti
1706 2188 1864 2253 populi
1894 2189 2049 2238 fructu
2078 2194 2195 2256 typis
2225 2192 2387 2257 editae3

1368 2280 1505 2334 atque
1537 2280 1587 2317 ut
1615 2272 1665 2317 in
1693 2269 1822 2318 Italia
1848 2282 2001 2319 nostra
2026 2274 2180 2320 sistam
2197 2310 2210 2335 ,
2233 2279 2390 2341 ecquis

1369 2353 1544 2413 ignorat
1562 2351 1783 2400 lectiones
1802 2370 1944 2401 sacras
1961 2353 2188 2416 Zucconi‚
2209 2356 2356 2406 Calini
2370 2395 2384 2420 ,

1369 2433 1590 2481 Cattanco
1615 2472 1626 2494 ,
1675 2434 1849 2483 Nicolai
1868 2473 1879 2493 ‚
1936 2437 2066 2485 Rossi
2087 2478 2100 2498 ,
2150 2438 2383 2499 Granessi,

1368 2516 1555 2566 Roberti
1576 2555 1588 2576 ,
1621 2518 1890 2583 Pellegrini,
1914 2520 2190 2582 Mai-tinetti,
2221 2520 2385 2571 Barot-

1368 2602 1401 2648 ti
1418 2636 1432 2660 ,
1464 2600 1648 2659 Cesari,
1676 2604 1851 2666 quique
1878 2602 2043 2650 horum
2065 2619 2235 2670 agmen
2256 2605 2385 2654 clau-

1367 2684 1435 2730 dit
1477 2682 1551 2730 Cl.
1598 2683 1765 2733 Franc.
1806 2683 2011 2743 Finetti,
2052 2689 2187 2750 cujus
2223 2689 2383 2736 decem

1363 2770 1459 2832 jam
1490 2766 1726 2814 volumina
1759 2766 1845 2814 hac
1870 2766 1927 2814 de
1950 2785 1998 2815 re
2027 2769 2314 2833 prodierunt.

1433 2850 1495 2912 (l)
1535 2848 1631 2896 Cfr.
1669 2849 1910 2909 Fontana,
1950 2869 2027 2915 op.
2059 2854 2139 2901 cit.
2168 2855 2216 2900 in
2248 2871 2380 2919 prop.

1364 2948 1512 2979 mxxxii
1536 2930 1771 2996 Quesnelli
1791 2970 1804 2993 ,
1829 2949 1933 2999 cap.
1958 2949 2003 2982 lv
2021 2945 2064 2983 et
2083 2953 2138 2994 v,
2160 2953 2260 3001 pag.
2279 2933 2382 3003 996

1363 3024 1408 3063 et
1438 3031 1569 3079 seqq.

1433 3096 1496 3161 (⁰2)
1535 3093 1659 3144 Vere
1698 3097 1927 3162 quadrant
1961 3095 2227 3146 adversariis
2270 3115 2378 3146 nos-

1363 3179 1482 3238 tris,
1521 3195 1627 3244 quae
1673 3178 1982 3227 Tertullianus
2021 3180 2180 3228 scribit
2215 3180 2271 3227 de
2309 3182 2379 3228 sui

1361 3263 1577 3326 temporis
1606 3261 1864 3322 haereticiS,
1910 3263 1990 3326 qui
2029 3272 2072 3309 et
2111 3264 2225 3326 ipsi,
2264 3264 2382 3310 sicut

1361 3361 1454 3393 sec.
1488 3360 1565 3391 xix
1598 3353 1870 3404 novatores,
1917 3342 2226 3392 obtrudebant
2257 3343 2381 3392 istud

259 3443 369 3476 cras
397 3423 674 3490 Scripturas
697 3425 1008 3491 divinamque
1022 3424 1167 3490 leqem
1186 3443 1275 3473 an·
1358 3429 1557 3492 quoerite
1600 3435 1643 3474 et
1683 3428 1975 3485 invenietis;
2014 3430 2078 3475 sic
2097 3467 2108 3488 ,
2149 3427 2343 3494 inquam
2365 3466 2377 3486 ‚

258 3509 511 3558 nuncient.
542 3506 594 3555 In
619 3525 734 3575 quos
760 3509 884 3557 locos
902 3510 987 3558 cfr.
1011 3507 1147 3557 Joan.
1167 3509 1274 3557 Gal-

257 3591 439 3642 lemart.
468 3589 576 3638 Haec
603 3607 709 3639 vero
739 3594 993 3641 executioni
1027 3592 1276 3653 mandari,

1359 3509 1541 3571 scribit,
1566 3513 1615 3558 in
1636 3510 1721 3559 lib.
1750 3509 1829 3558 De
1840 3513 2118 3578 proesoript.
2148 3529 2250 3577 cap.
2271 3527 2377 3560 xiv:

1357 3592 1530 3658 Itaque
1555 3601 1637 3655 tu,
1673 3594 1760 3657 qui
1791 3594 1998 3659 perinde
2021 3595 2231 3659 quaeris,
2273 3607 2378 3658 spe-
