<?xml version="1.0" encoding="UTF-8"?>
<!DOCTYPE html PUBLIC "-//W3C//DTD XHTML 1.0 Transitional//EN"
    "http://www.w3.org/TR/xhtml1/DTD/xhtml1-transitional.dtd">
<html xmlns="http://www.w3.org/1999/xhtml" xml:lang="en" lang="en">
 <head>
  <title>
</title>
<meta http-equiv="Content-Type" content="text/html;charset=utf-8" />
  <meta name='ocr-system' content='tesseract 3.04.00' />
  <meta name='ocr-capabilities' content='ocr_page ocr_carea ocr_par ocr_line ocrx_word'/>
</head>
<body>
  <div class='ocr_page' id='page_1' title='image "a603693809perruoft_0513.png"; bbox 0 0 2502 4134; ppageno 0'>
   <div class='ocr_carea' id='block_1_1' title="bbox 2077 112 2196 173">
    <p class='ocr_par' dir='ltr' id='par_1_1' title="bbox 2077 112 2196 173">
     <span class='ocr_line' id='line_1_1' title="bbox 2077 112 2196 173; baseline 0 -1"><span class='ocrx_word' id='word_1_1' title='bbox 2077 112 2196 173; x_wconf 84' lang='lat'>505</span> 
     </span>
    </p>
   </div>
   <div class='ocr_carea' id='block_1_2' title="bbox 395 135 1871 178">
    <p class='ocr_par' dir='ltr' id='par_1_2' title="bbox 395 135 1871 178">
     <span class='ocr_line' id='line_1_2' title="bbox 395 135 1871 178; baseline -0.004 -2"><span class='ocrx_word' id='word_1_2' title='bbox 395 137 554 178; x_wconf 75' lang='lat' dir='ltr'>PAR&#39;r.</span> <span class='ocrx_word' id='word_1_3' title='bbox 606 139 692 176; x_wconf 85' lang='lat'>111.</span> <span class='ocrx_word' id='word_1_4' title='bbox 737 137 886 176; x_wconf 81' lang='lat' dir='ltr'>sEc&#39;r.</span> <span class='ocrx_word' id='word_1_5' title='bbox 935 139 976 176; x_wconf 86' lang='lat'>1.</span> <span class='ocrx_word' id='word_1_6' title='bbox 1023 137 1144 175; x_wconf 75' lang='lat' dir='ltr'>CAP.</span> <span class='ocrx_word' id='word_1_7' title='bbox 1189 138 1254 174; x_wconf 88' lang='lat'>11.</span> <span class='ocrx_word' id='word_1_8' title='bbox 1304 137 1372 174; x_wconf 75' lang='lat' dir='ltr'>1&gt;ss</span> <span class='ocrx_word' id='word_1_9' title='bbox 1415 135 1548 174; x_wconf 78' lang='lat' dir='ltr'><strong>RAT.</strong></span> <span class='ocrx_word' id='word_1_10' title='bbox 1602 135 1718 173; x_wconf 73' lang='lat' dir='ltr'>cmi</span> <span class='ocrx_word' id='word_1_11' title='bbox 1762 135 1871 172; x_wconf 71' lang='grc' dir='ltr'><strong>ΕΠ).</strong></span> 
     </span>
    </p>
   </div>
   <div class='ocr_carea' id='block_1_3' title="bbox 77 274 2206 1501">
    <p class='ocr_par' dir='ltr' id='par_1_3' title="bbox 77 274 2201 741">
     <span class='ocr_line' id='line_1_3' title="bbox 79 274 2200 355; baseline -0.005 -12"><span class='ocrx_word' id='word_1_12' title='bbox 79 282 298 344; x_wconf 88' lang='lat' dir='ltr'>tissima</span> <span class='ocrx_word' id='word_1_13' title='bbox 340 302 462 338; x_wconf 91' lang='lat' dir='ltr'>non</span> <span class='ocrx_word' id='word_1_14' title='bbox 495 290 583 337; x_wconf 87' lang='lat' dir='ltr'>est</span> <span class='ocrx_word' id='word_1_15' title='bbox 605 324 620 352; x_wconf 62' lang='lat' dir='ltr'>a</span> <span class='ocrx_word' id='word_1_16' title='bbox 661 291 727 338; x_wconf 92' lang='lat' dir='ltr'>ut</span> <span class='ocrx_word' id='word_1_17' title='bbox 768 279 944 338; x_wconf 88' lang='lat' dir='ltr'>etiam</span> <span class='ocrx_word' id='word_1_18' title='bbox 986 277 1135 337; x_wconf 91' lang='lat' dir='ltr'>illud</span> <span class='ocrx_word' id='word_1_19' title='bbox 1162 277 1468 351; x_wconf 86' lang='lat' dir='ltr'>admittat,</span> <span class='ocrx_word' id='word_1_20' title='bbox 1511 281 1671 355; x_wconf 90' lang='lat' dir='ltr'>cujus</span> <span class='ocrx_word' id='word_1_21' title='bbox 1708 274 2014 336; x_wconf 82' lang='lat' dir='ltr'>existentia</span> <span class='ocrx_word' id='word_1_22' title='bbox 2051 274 2200 335; x_wconf 85' lang='lat' dir='ltr'>vali-</span> 
     </span>
     <span class='ocr_line' id='line_1_4' title="bbox 79 369 2200 456; baseline -0.005 -19"><span class='ocrx_word' id='word_1_23' title='bbox 79 376 326 437; x_wconf 86' lang='lat' dir='ltr'>dissimis</span> <span class='ocrx_word' id='word_1_24' title='bbox 357 373 714 456; x_wconf 81' lang='lat' dir='ltr'><strong>argumentis</strong></span> <span class='ocrx_word' id='word_1_25' title='bbox 736 374 871 434; x_wconf 88' lang='lat' dir='ltr'>licet</span> <span class='ocrx_word' id='word_1_26' title='bbox 895 376 1244 432; x_wconf 67' lang='lat' dir='ltr'><strong><em>extrinsecis</em></strong></span> <span class='ocrx_word' id='word_1_27' title='bbox 1258 371 1502 455; x_wconf 86' lang='lat' dir='ltr'>probata</span> <span class='ocrx_word' id='word_1_28' title='bbox 1518 373 1592 430; x_wconf 87' lang='lat' dir='ltr'>sit</span> <span class='ocrx_word' id='word_1_29' title='bbox 1609 372 1637 430; x_wconf 71' lang='lat' dir='ltr'>P</span> <span class='ocrx_word' id='word_1_30' title='bbox 1660 369 1812 444; x_wconf 85' lang='lat' dir='ltr'><strong>Quid</strong></span> <span class='ocrx_word' id='word_1_31' title='bbox 1827 370 2008 450; x_wconf 81' lang='lat' dir='ltr'>magis</span> <span class='ocrx_word' id='word_1_32' title='bbox 2023 370 2200 449; x_wconf 80' lang='lat' dir='ltr'>igitur</span> 
     </span>
     <span class='ocr_line' id='line_1_5' title="bbox 77 465 2201 551; baseline -0.004 -19"><span class='ocrx_word' id='word_1_33' title='bbox 77 473 287 532; x_wconf 89' lang='lat' dir='ltr'>rationi</span> <span class='ocrx_word' id='word_1_34' title='bbox 333 470 663 545; x_wconf 76' lang='lat' dir='ltr'>conforme,</span> <span class='ocrx_word' id='word_1_35' title='bbox 724 491 903 551; x_wconf 90' lang='lat' dir='ltr'>quam</span> <span class='ocrx_word' id='word_1_36' title='bbox 973 467 1188 528; x_wconf 81' lang='lat' dir='ltr'>divinae</span> <span class='ocrx_word' id='word_1_37' title='bbox 1232 468 1561 526; x_wconf 80' lang='lat' dir='ltr'>auctoritati</span> <span class='ocrx_word' id='word_1_38' title='bbox 1617 466 1921 526; x_wconf 85' lang='lat' dir='ltr'>manifeste</span> <span class='ocrx_word' id='word_1_39' title='bbox 1967 465 2201 525; x_wconf 84' lang='lat' dir='ltr'>docenti</span> 
     </span>
     <span class='ocr_line' id='line_1_6' title="bbox 79 561 2201 645; baseline -0.003 -20"><span class='ocrx_word' id='word_1_40' title='bbox 79 578 264 625; x_wconf 84' lang='lat' dir='ltr'>totam</span> <span class='ocrx_word' id='word_1_41' title='bbox 294 586 354 624; x_wconf 88' lang='lat' dir='ltr'>se</span> <span class='ocrx_word' id='word_1_42' title='bbox 381 564 611 624; x_wconf 82' lang='lat' dir='ltr'>tradere</span> <span class='ocrx_word' id='word_1_43' title='bbox 633 609 649 639; x_wconf 73' lang='grc'><em>,</em></span> <span class='ocrx_word' id='word_1_44' title='bbox 689 575 870 645; x_wconf 85' lang='lat' dir='ltr'>atque</span> <span class='ocrx_word' id='word_1_45' title='bbox 886 564 946 622; x_wconf 92' lang='lat' dir='ltr'>in</span> <span class='ocrx_word' id='word_1_46' title='bbox 971 584 1037 623; x_wconf 89' lang='lat' dir='ltr'>ea</span> <span class='ocrx_word' id='word_1_47' title='bbox 1077 563 1258 622; x_wconf 87' lang='lat' dir='ltr'>veluti</span> <span class='ocrx_word' id='word_1_48' title='bbox 1295 562 1811 635; x_wconf 81' lang='lat' dir='ltr'>inamantissimae</span> <span class='ocrx_word' id='word_1_49' title='bbox 1834 561 2040 620; x_wconf 89' lang='lat' dir='ltr'>matris</span> <span class='ocrx_word' id='word_1_50' title='bbox 2069 561 2201 620; x_wconf 86' lang='lat' dir='ltr'>sinu</span> 
     </span>
     <span class='ocr_line' id='line_1_7' title="bbox 78 659 1032 741; baseline -0.002 -21"><span class='ocrx_word' id='word_1_51' title='bbox 78 674 206 720; x_wconf 87' lang='lat' dir='ltr'>tuto</span> <span class='ocrx_word' id='word_1_52' title='bbox 237 659 684 741; x_wconf 75' lang='lat' dir='ltr'>conquiescere?</span> <span class='ocrx_word' id='word_1_53' title='bbox 1029 724 1032 726; x_wconf 12' lang='grc' dir='ltr'><strong>Α</strong></span> 
     </span>
    </p>

    <p class='ocr_par' dir='ltr' id='par_1_4' title="bbox 80 751 2206 1501">
     <span class='ocr_line' id='line_1_8' title="bbox 160 751 2202 835; baseline -0.002 -20"><span class='ocrx_word' id='word_1_54' title='bbox 160 756 302 816; x_wconf 78' lang='lat'><strong>243.</strong></span> <span class='ocrx_word' id='word_1_55' title='bbox 351 755 486 835; x_wconf 87' lang='lat' dir='ltr'><strong>Obj.</strong></span> <span class='ocrx_word' id='word_1_56' title='bbox 518 754 788 814; x_wconf 87' lang='lat' dir='ltr'>secunda.</span> <span class='ocrx_word' id='word_1_57' title='bbox 821 754 1012 813; x_wconf 90' lang='lat' dir='ltr'>Posito</span> <span class='ocrx_word' id='word_1_58' title='bbox 1031 753 1315 835; x_wconf 90' lang='lat' dir='ltr'>principio</span> <span class='ocrx_word' id='word_1_59' title='bbox 1339 797 1355 823; x_wconf 79' lang='grc'><em>,</em></span> <span class='ocrx_word' id='word_1_60' title='bbox 1381 752 1540 830; x_wconf 88' lang='lat' dir='ltr'>quod</span> <span class='ocrx_word' id='word_1_61' title='bbox 1571 752 1716 811; x_wconf 88' lang='lat' dir='ltr'>fides</span> <span class='ocrx_word' id='word_1_62' title='bbox 1746 752 1960 811; x_wconf 89' lang='lat' dir='ltr'>rationi</span> <span class='ocrx_word' id='word_1_63' title='bbox 1990 751 2202 813; x_wconf 88' lang='lat' dir='ltr'>adver-</span> 
     </span>
     <span class='ocr_line' id='line_1_9' title="bbox 80 847 2202 933; baseline -0.001 -22"><span class='ocrx_word' id='word_1_64' title='bbox 80 853 194 911; x_wconf 87' lang='lat' dir='ltr'>sari</span> <span class='ocrx_word' id='word_1_65' title='bbox 234 873 342 911; x_wconf 90' lang='lat' dir='ltr'>nec</span> <span class='ocrx_word' id='word_1_66' title='bbox 380 851 560 933; x_wconf 90' lang='lat' dir='ltr'>possit</span> <span class='ocrx_word' id='word_1_67' title='bbox 593 871 699 910; x_wconf 91' lang='lat' dir='ltr'>nec</span> <span class='ocrx_word' id='word_1_68' title='bbox 730 849 979 924; x_wconf 77' lang='lat' dir='ltr'>debeat,</span> <span class='ocrx_word' id='word_1_69' title='bbox 1021 850 1083 907; x_wconf 86' lang='grc' dir='ltr'>1ο</span> <span class='ocrx_word' id='word_1_70' title='bbox 1105 853 1230 926; x_wconf 88' lang='lat' dir='ltr'>jam</span> <span class='ocrx_word' id='word_1_71' title='bbox 1270 847 1588 907; x_wconf 87' lang='lat' dir='ltr'>destruitur</span> <span class='ocrx_word' id='word_1_72' title='bbox 1637 869 1770 907; x_wconf 88' lang='lat' dir='ltr'>vera</span> <span class='ocrx_word' id='word_1_73' title='bbox 1812 848 1874 905; x_wconf 91' lang='lat' dir='ltr'>in</span> <span class='ocrx_word' id='word_1_74' title='bbox 1906 849 1959 907; x_wconf 82' lang='lat' dir='ltr'><strong>M</strong></span> <span class='ocrx_word' id='word_1_75' title='bbox 1972 847 2202 929; x_wconf 83' lang='lat' dir='ltr'>ysteriis</span> 
     </span>
     <span class='ocr_line' id='line_1_10' title="bbox 82 938 2205 1026; baseline -0.001 -20"><span class='ocrx_word' id='word_1_76' title='bbox 82 938 661 1026; x_wconf 70' lang='lat' dir='ltr'>supernaturalismi</span> <span class='ocrx_word' id='word_1_77' title='bbox 673 945 821 1004; x_wconf 88' lang='lat' dir='ltr'>ratio</span> <span class='ocrx_word' id='word_1_78' title='bbox 836 943 944 1023; x_wconf 90' lang='lat' dir='ltr'>(l).</span> <span class='ocrx_word' id='word_1_79' title='bbox 965 946 1116 1002; x_wconf 85' lang='lat' dir='ltr'>Nam</span> <span class='ocrx_word' id='word_1_80' title='bbox 1129 943 1391 1024; x_wconf 75' lang='lat' dir='ltr'>sequitur</span> <span class='ocrx_word' id='word_1_81' title='bbox 1406 943 1547 1002; x_wconf 88' lang='lat' dir='ltr'>inde</span> <span class='ocrx_word' id='word_1_82' title='bbox 1569 987 1585 1017; x_wconf 72' lang='grc'><em>,</em></span> <span class='ocrx_word' id='word_1_83' title='bbox 1601 943 1674 1000; x_wconf 78' lang='lat'>-20</span> <span class='ocrx_word' id='word_1_84' title='bbox 1685 943 1973 1002; x_wconf 88' lang='lat' dir='ltr'>rationem</span> <span class='ocrx_word' id='word_1_85' title='bbox 1990 941 2205 1003; x_wconf 91' lang='lat' dir='ltr'>debere</span> 
     </span>
     <span class='ocr_line' id='line_1_11' title="bbox 82 1037 2206 1123; baseline -0.001 -22"><span class='ocrx_word' id='word_1_86' title='bbox 82 1044 327 1123; x_wconf 66' lang='lat' dir='ltr'>singula</span> <span class='ocrx_word' id='word_1_87' title='bbox 351 1043 502 1120; x_wconf 78' lang='lat' dir='ltr'>fidei</span> <span class='ocrx_word' id='word_1_88' title='bbox 536 1042 814 1121; x_wconf 63' lang='lat' dir='ltr'>dogmata</span> <span class='ocrx_word' id='word_1_89' title='bbox 851 1039 927 1098; x_wconf 90' lang='lat' dir='ltr'>ad</span> <span class='ocrx_word' id='word_1_90' title='bbox 973 1061 1145 1098; x_wconf 90' lang='lat' dir='ltr'>suum</span> <span class='ocrx_word' id='word_1_91' title='bbox 1192 1037 1454 1098; x_wconf 88' lang='lat' dir='ltr'>tribunal</span> <span class='ocrx_word' id='word_1_92' title='bbox 1508 1058 1834 1112; x_wconf 67' lang='lat' dir='ltr'>arcessere,</span> <span class='ocrx_word' id='word_1_93' title='bbox 1883 1049 1949 1096; x_wconf 86' lang='lat' dir='ltr'>ut</span> <span class='ocrx_word' id='word_1_94' title='bbox 1981 1037 2206 1116; x_wconf 84' lang='lat' dir='ltr'>judicet</span> 
     </span>
     <span class='ocr_line' id='line_1_12' title="bbox 81 1133 2204 1219; baseline -0.002 -22"><span class='ocrx_word' id='word_1_95' title='bbox 81 1158 190 1219; x_wconf 87' lang='lat' dir='ltr'>per</span> <span class='ocrx_word' id='word_1_96' title='bbox 217 1158 408 1196; x_wconf 89' lang='lat' dir='ltr'>acrem</span> <span class='ocrx_word' id='word_1_97' title='bbox 441 1135 1006 1197; x_wconf 87' lang='lat' dir='ltr'>demonstrationem</span> <span class='ocrx_word' id='word_1_98' title='bbox 1025 1179 1042 1208; x_wconf 79' lang='lat'>‚</span> <span class='ocrx_word' id='word_1_99' title='bbox 1084 1156 1228 1192; x_wconf 90' lang='lat' dir='ltr'>num</span> <span class='ocrx_word' id='word_1_100' title='bbox 1256 1133 1356 1192; x_wconf 90' lang='lat' dir='ltr'>illa</span> <span class='ocrx_word' id='word_1_101' title='bbox 1380 1134 1443 1191; x_wconf 91' lang='lat' dir='ltr'>in</span> <span class='ocrx_word' id='word_1_102' title='bbox 1470 1134 1720 1214; x_wconf 91' lang='lat' dir='ltr'>propriis</span> <span class='ocrx_word' id='word_1_103' title='bbox 1744 1133 1882 1193; x_wconf 90' lang='lat' dir='ltr'>fidei</span> <span class='ocrx_word' id='word_1_104' title='bbox 1907 1133 2204 1210; x_wconf 83' lang='lat' dir='ltr'>fontibus,</span> 
     </span>
     <span class='ocr_line' id='line_1_13' title="bbox 83 1228 2206 1313; baseline -0.003 -19"><span class='ocrx_word' id='word_1_105' title='bbox 83 1231 268 1294; x_wconf 85' lang='lat' dir='ltr'>verbo</span> <span class='ocrx_word' id='word_1_106' title='bbox 301 1253 514 1313; x_wconf 92' lang='lat' dir='ltr'>nempe</span> <span class='ocrx_word' id='word_1_107' title='bbox 549 1232 656 1290; x_wconf 90' lang='lat' dir='ltr'>Dei</span> <span class='ocrx_word' id='word_1_108' title='bbox 692 1231 907 1313; x_wconf 88' lang='lat' dir='ltr'>scripto</span> <span class='ocrx_word' id='word_1_109' title='bbox 952 1241 1012 1289; x_wconf 90' lang='lat' dir='ltr'>et</span> <span class='ocrx_word' id='word_1_110' title='bbox 1043 1228 1259 1288; x_wconf 90' lang='lat' dir='ltr'>tradito</span> <span class='ocrx_word' id='word_1_111' title='bbox 1289 1229 1736 1301; x_wconf 71' lang='lat' dir='ltr'>contineantur3</span> <span class='ocrx_word' id='word_1_112' title='bbox 1777 1249 1939 1288; x_wconf 88' lang='lat' dir='ltr'>secus</span> <span class='ocrx_word' id='word_1_113' title='bbox 1961 1273 1977 1303; x_wconf 80' lang='lat'>‚</span> <span class='ocrx_word' id='word_1_114' title='bbox 2006 1249 2114 1310; x_wconf 91' lang='lat' dir='ltr'>pro</span> <span class='ocrx_word' id='word_1_115' title='bbox 2137 1228 2206 1287; x_wconf 90' lang='lat' dir='ltr'>iis</span> 
     </span>
     <span class='ocr_line' id='line_1_14' title="bbox 88 1323 2206 1406; baseline -0.002 -20"><span class='ocrx_word' id='word_1_116' title='bbox 88 1326 297 1386; x_wconf 88' lang='lat' dir='ltr'>saltem</span> <span class='ocrx_word' id='word_1_117' title='bbox 345 1326 444 1406; x_wconf 88' lang='lat' dir='ltr'>qui</span> <span class='ocrx_word' id='word_1_118' title='bbox 489 1325 661 1403; x_wconf 91' lang='lat' dir='ltr'>hujus</span> <span class='ocrx_word' id='word_1_119' title='bbox 701 1325 1093 1406; x_wconf 89' lang='lat' dir='ltr'>inquisitionis</span> <span class='ocrx_word' id='word_1_120' title='bbox 1141 1324 1441 1405; x_wconf 85' lang='lat' dir='ltr'>incapaces</span> <span class='ocrx_word' id='word_1_121' title='bbox 1486 1332 1660 1396; x_wconf 74' lang='lat' dir='ltr'>sunt,</span> <span class='ocrx_word' id='word_1_122' title='bbox 1708 1334 1867 1382; x_wconf 89' lang='lat' dir='ltr'>actus</span> <span class='ocrx_word' id='word_1_123' title='bbox 1913 1323 2046 1382; x_wconf 90' lang='lat' dir='ltr'>fidei</span> <span class='ocrx_word' id='word_1_124' title='bbox 2083 1345 2206 1383; x_wconf 90' lang='lat' dir='ltr'>non</span> 
     </span>
     <span class='ocr_line' id='line_1_15' title="bbox 87 1416 2206 1501; baseline -0.001 -21"><span class='ocrx_word' id='word_1_125' title='bbox 87 1431 236 1481; x_wconf 88' lang='lat' dir='ltr'>esset</span> <span class='ocrx_word' id='word_1_126' title='bbox 264 1419 555 1501; x_wconf 80' lang='lat' dir='ltr'>prudenS‚</span> <span class='ocrx_word' id='word_1_127' title='bbox 588 1419 733 1477; x_wconf 88' lang='lat' dir='ltr'>etin</span> <span class='ocrx_word' id='word_1_128' title='bbox 760 1419 1049 1478; x_wconf 88' lang='lat' dir='ltr'>rationem</span> <span class='ocrx_word' id='word_1_129' title='bbox 1075 1429 1412 1500; x_wconf 85' lang='lat' dir='ltr'>peccaretur</span> <span class='ocrx_word' id='word_1_130' title='bbox 1437 1416 1565 1496; x_wconf 79' lang='lat'><strong>(2);</strong></span> <span class='ocrx_word' id='word_1_131' title='bbox 1597 1416 1664 1476; x_wconf 83' lang='lat'>30</span> <span class='ocrx_word' id='word_1_132' title='bbox 1692 1418 1870 1476; x_wconf 87' lang='lat' dir='ltr'>etiam</span> <span class='ocrx_word' id='word_1_133' title='bbox 1893 1430 2206 1501; x_wconf 90' lang='lat' dir='ltr'>postquam</span> 
     </span>
    </p>
   </div>
   <div class='ocr_carea' id='block_1_4' title="bbox 85 1651 2212 1965">
    <p class='ocr_par' dir='ltr' id='par_1_5' title="bbox 85 1651 2212 1965">
     <span class='ocr_line' id='line_1_16' title="bbox 153 1651 2212 1722; baseline 0.001 -21"><span class='ocrx_word' id='word_1_134' title='bbox 153 1654 221 1719; x_wconf 87' lang='lat' dir='ltr'>(l)</span> <span class='ocrx_word' id='word_1_135' title='bbox 260 1654 394 1704; x_wconf 89' lang='lat' dir='ltr'>Hanc</span> <span class='ocrx_word' id='word_1_136' title='bbox 437 1665 483 1705; x_wconf 89' lang='lat' dir='ltr'>et</span> <span class='ocrx_word' id='word_1_137' title='bbox 532 1665 775 1722; x_wconf 79' lang='lat' dir='ltr'>sequentes</span> <span class='ocrx_word' id='word_1_138' title='bbox 817 1653 1103 1720; x_wconf 82' lang='lat' dir='ltr'>objectiones</span> <span class='ocrx_word' id='word_1_139' title='bbox 1183 1653 1348 1702; x_wconf 80' lang='lat' dir='ltr'>bemus</span> <span class='ocrx_word' id='word_1_140' title='bbox 1363 1651 1497 1701; x_wconf 82' lang='lat' dir='ltr'>illam</span> <span class='ocrx_word' id='word_1_141' title='bbox 1514 1651 1696 1701; x_wconf 80' lang='lat' dir='ltr'>idcirco</span> <span class='ocrx_word' id='word_1_142' title='bbox 1715 1655 1788 1701; x_wconf 79' lang='lat' dir='ltr'>uti</span> <span class='ocrx_word' id='word_1_143' title='bbox 1809 1670 1970 1702; x_wconf 84' lang='lat' dir='ltr'>veram</span> <span class='ocrx_word' id='word_1_144' title='bbox 1986 1654 2212 1721; x_wconf 75' lang='lat' dir='ltr'>amplecti</span> 
     </span>
     <span class='ocr_line' id='line_1_17' title="bbox 85 1733 2210 1803; baseline 0.001 -19"><span class='ocrx_word' id='word_1_145' title='bbox 85 1736 228 1785; x_wconf 89' lang='lat' dir='ltr'>libuit</span> <span class='ocrx_word' id='word_1_146' title='bbox 257 1737 453 1797; x_wconf 81' lang='lat' dir='ltr'>afferre,</span> <span class='ocrx_word' id='word_1_147' title='bbox 489 1740 600 1803; x_wconf 85' lang='lat' dir='ltr'>quia</span> <span class='ocrx_word' id='word_1_148' title='bbox 630 1755 727 1786; x_wconf 89' lang='lat' dir='ltr'>non</span> <span class='ocrx_word' id='word_1_149' title='bbox 753 1737 950 1796; x_wconf 87' lang='lat' dir='ltr'>desunt,</span> <span class='ocrx_word' id='word_1_150' title='bbox 985 1753 1105 1803; x_wconf 80' lang='lat' dir='ltr'>prae-</span> <span class='ocrx_word' id='word_1_151' title='bbox 1188 1742 1324 1800; x_wconf 76' lang='lat' dir='ltr'>eique</span> <span class='ocrx_word' id='word_1_152' title='bbox 1364 1734 1568 1783; x_wconf 84' lang='lat' dir='ltr'>credere.</span> <span class='ocrx_word' id='word_1_153' title='bbox 1605 1733 1855 1800; x_wconf 86' lang='lat' dir='ltr'>Opponent</span> <span class='ocrx_word' id='word_1_154' title='bbox 1892 1739 2032 1785; x_wconf 88' lang='lat' dir='ltr'>etiam</span> <span class='ocrx_word' id='word_1_155' title='bbox 2077 1737 2210 1802; x_wconf 88' lang='lat' dir='ltr'>plura</span> 
     </span>
     <span class='ocr_line' id='line_1_18' title="bbox 91 1815 2209 1882; baseline 0.002 -18"><span class='ocrx_word' id='word_1_156' title='bbox 91 1819 251 1866; x_wconf 85' lang='lat' dir='ltr'>sertim</span> <span class='ocrx_word' id='word_1_157' title='bbox 279 1820 330 1864; x_wconf 89' lang='lat' dir='ltr'>in</span> <span class='ocrx_word' id='word_1_158' title='bbox 362 1817 634 1877; x_wconf 84' lang='lat' dir='ltr'>Germania,</span> <span class='ocrx_word' id='word_1_159' title='bbox 661 1820 755 1866; x_wconf 87' lang='lat' dir='ltr'>sive</span> <span class='ocrx_word' id='word_1_160' title='bbox 768 1816 994 1866; x_wconf 75' lang='lat' dir='ltr'>Catholici</span> <span class='ocrx_word' id='word_1_161' title='bbox 1013 1819 1108 1865; x_wconf 77' lang='lat' dir='ltr'>sive</span> <span class='ocrx_word' id='word_1_162' title='bbox 1189 1816 1290 1866; x_wconf 88' lang='lat' dir='ltr'>loca</span> <span class='ocrx_word' id='word_1_163' title='bbox 1309 1852 1324 1874; x_wconf 94' lang='lat'>‚</span> <span class='ocrx_word' id='word_1_164' title='bbox 1367 1819 1419 1864; x_wconf 92' lang='lat' dir='ltr'>in</span> <span class='ocrx_word' id='word_1_165' title='bbox 1460 1816 1631 1882; x_wconf 87' lang='lat' dir='ltr'>quibus</span> <span class='ocrx_word' id='word_1_166' title='bbox 1665 1816 1932 1866; x_wconf 87' lang='lat' dir='ltr'>Hermesius</span> <span class='ocrx_word' id='word_1_167' title='bbox 1975 1815 2209 1868; x_wconf 72' lang='lat' dir='ltr'>Ecclesia:</span> 
     </span>
     <span class='ocr_line' id='line_1_19' title="bbox 90 1897 2210 1965; baseline 0.002 -20"><span class='ocrx_word' id='word_1_168' title='bbox 90 1897 424 1959; x_wconf 86' lang='lat' dir='ltr'>Protestantes‚</span> <span class='ocrx_word' id='word_1_169' title='bbox 453 1901 534 1965; x_wconf 90' lang='lat' dir='ltr'>qui</span> <span class='ocrx_word' id='word_1_170' title='bbox 558 1899 617 1947; x_wconf 88' lang='lat' dir='ltr'>ad</span> <span class='ocrx_word' id='word_1_171' title='bbox 638 1900 831 1947; x_wconf 84' lang='lat' dir='ltr'>alterum</span> <span class='ocrx_word' id='word_1_172' title='bbox 851 1909 1106 1947; x_wconf 79' lang='lat' dir='ltr'>extremum</span> <span class='ocrx_word' id='word_1_173' title='bbox 1189 1898 1520 1962; x_wconf 77' lang='lat' dir='ltr'>maqisterium</span> <span class='ocrx_word' id='word_1_174' title='bbox 1549 1899 1691 1947; x_wconf 84' lang='lat' dir='ltr'>veluti</span> <span class='ocrx_word' id='word_1_175' title='bbox 1720 1899 1956 1947; x_wconf 64' lang='lat' dir='ltr'>catholicas</span> <span class='ocrx_word' id='word_1_176' title='bbox 1982 1899 2090 1948; x_wconf 84' lang='lat' dir='ltr'>fidei</span> <span class='ocrx_word' id='word_1_177' title='bbox 2118 1910 2210 1950; x_wconf 85' lang='lat' dir='ltr'>tes-</span> 
     </span>
    </p>
   </div>
   <div class='ocr_carea' id='block_1_5' title="bbox 92 1980 1117 3695">
    <p class='ocr_par' dir='ltr' id='par_1_6' title="bbox 92 1980 1111 2771">
     <span class='ocr_line' id='line_1_20' title="bbox 94 1980 1109 2046; baseline 0 -19"><span class='ocrx_word' id='word_1_178' title='bbox 94 1981 403 2028; x_wconf 87' lang='lat' dir='ltr'>rationalismo</span> <span class='ocrx_word' id='word_1_179' title='bbox 435 1982 691 2046; x_wconf 87' lang='lat' dir='ltr'>oppositum</span> <span class='ocrx_word' id='word_1_180' title='bbox 732 1980 1018 2044; x_wconf 86' lang='lat' dir='ltr'>deflectunt,</span> <span class='ocrx_word' id='word_1_181' title='bbox 1061 1985 1109 2029; x_wconf 91' lang='lat' dir='ltr'>et</span> 
     </span>
     <span class='ocr_line' id='line_1_21' title="bbox 92 2059 1109 2125; baseline 0.002 -15"><span class='ocrx_word' id='word_1_182' title='bbox 92 2065 281 2111; x_wconf 84' lang='lat' dir='ltr'>rationis</span> <span class='ocrx_word' id='word_1_183' title='bbox 322 2062 628 2111; x_wconf 76' lang='lat' dir='ltr'>nihilismum</span> <span class='ocrx_word' id='word_1_184' title='bbox 674 2059 934 2125; x_wconf 84' lang='lat' dir='ltr'>inducunt,</span> <span class='ocrx_word' id='word_1_185' title='bbox 974 2081 1109 2112; x_wconf 89' lang='lat' dir='ltr'>occa-</span> 
     </span>
     <span class='ocr_line' id='line_1_22' title="bbox 95 2147 1108 2197; baseline 0.002 -3"><span class='ocrx_word' id='word_1_186' title='bbox 95 2149 272 2195; x_wconf 81' lang='lat' dir='ltr'>sionem</span> <span class='ocrx_word' id='word_1_187' title='bbox 296 2149 439 2196; x_wconf 80' lang='lat' dir='ltr'>etiam</span> <span class='ocrx_word' id='word_1_188' title='bbox 460 2147 519 2196; x_wconf 85' lang='lat' dir='ltr'>ad</span> <span class='ocrx_word' id='word_1_189' title='bbox 535 2148 584 2196; x_wconf 92' lang='lat' dir='ltr'>id</span> <span class='ocrx_word' id='word_1_190' title='bbox 602 2165 658 2196; x_wconf 84' lang='lat' dir='ltr'>ex</span> <span class='ocrx_word' id='word_1_191' title='bbox 679 2148 974 2197; x_wconf 86' lang='lat' dir='ltr'>damnatione</span> <span class='ocrx_word' id='word_1_192' title='bbox 988 2147 1108 2197; x_wconf 87' lang='lat' dir='ltr'>Her-</span> 
     </span>
     <span class='ocr_line' id='line_1_23' title="bbox 94 2228 1105 2291; baseline 0.002 -15"><span class='ocrx_word' id='word_1_193' title='bbox 94 2228 230 2276; x_wconf 88' lang='lat' dir='ltr'>mesii</span> <span class='ocrx_word' id='word_1_194' title='bbox 253 2229 470 2278; x_wconf 60' lang='lat' dir='ltr'>doctrinas</span> <span class='ocrx_word' id='word_1_195' title='bbox 487 2266 501 2290; x_wconf 92' lang='lat'>‚</span> <span class='ocrx_word' id='word_1_196' title='bbox 533 2239 588 2278; x_wconf 90' lang='lat' dir='ltr'>ut</span> <span class='ocrx_word' id='word_1_197' title='bbox 617 2229 726 2278; x_wconf 88' lang='lat' dir='ltr'>alias</span> <span class='ocrx_word' id='word_1_198' title='bbox 751 2229 1075 2278; x_wconf 75' lang='lat' dir='ltr'>adnotavimus</span> <span class='ocrx_word' id='word_1_199' title='bbox 1091 2268 1105 2291; x_wconf 91' lang='lat'><strong>,</strong></span> 
     </span>
     <span class='ocr_line' id='line_1_24' title="bbox 95 2309 1110 2374; baseline 0.001 -16"><span class='ocrx_word' id='word_1_200' title='bbox 95 2311 380 2374; x_wconf 76' lang='lat' dir='ltr'>arripientes,</span> <span class='ocrx_word' id='word_1_201' title='bbox 412 2309 506 2359; x_wconf 89' lang='lat' dir='ltr'>Nos</span> <span class='ocrx_word' id='word_1_202' title='bbox 544 2328 650 2360; x_wconf 85' lang='lat' dir='ltr'>vero</span> <span class='ocrx_word' id='word_1_203' title='bbox 683 2314 882 2360; x_wconf 84' lang='lat' dir='ltr'>veritatis</span> <span class='ocrx_word' id='word_1_204' title='bbox 914 2329 968 2360; x_wconf 90' lang='lat' dir='ltr'>ac</span> <span class='ocrx_word' id='word_1_205' title='bbox 999 2312 1110 2360; x_wconf 89' lang='lat' dir='ltr'>reli-</span> 
     </span>
     <span class='ocr_line' id='line_1_25' title="bbox 95 2391 1109 2459; baseline 0.005 -21"><span class='ocrx_word' id='word_1_206' title='bbox 95 2393 243 2456; x_wconf 84' lang='lat' dir='ltr'>gionis</span> <span class='ocrx_word' id='word_1_207' title='bbox 267 2391 444 2441; x_wconf 91' lang='lat' dir='ltr'>bonum</span> <span class='ocrx_word' id='word_1_208' title='bbox 465 2395 602 2442; x_wconf 87' lang='lat' dir='ltr'>unice</span> <span class='ocrx_word' id='word_1_209' title='bbox 619 2403 866 2454; x_wconf 87' lang='lat' dir='ltr'>sectantes,</span> <span class='ocrx_word' id='word_1_210' title='bbox 884 2410 988 2459; x_wconf 80' lang='lat' dir='ltr'>quae</span> <span class='ocrx_word' id='word_1_211' title='bbox 1006 2411 1109 2444; x_wconf 84' lang='lat' dir='ltr'>vere</span> 
     </span>
     <span class='ocr_line' id='line_1_26' title="bbox 94 2471 1106 2540; baseline 0.005 -20"><span class='ocrx_word' id='word_1_212' title='bbox 94 2471 174 2521; x_wconf 81' lang='lat' dir='ltr'>hic</span> <span class='ocrx_word' id='word_1_213' title='bbox 204 2475 254 2521; x_wconf 91' lang='lat' dir='ltr'>in</span> <span class='ocrx_word' id='word_1_214' title='bbox 285 2473 521 2524; x_wconf 88' lang='lat' dir='ltr'>Hermesio</span> <span class='ocrx_word' id='word_1_215' title='bbox 563 2475 941 2540; x_wconf 87' lang='lat' dir='ltr'>reprehendenda</span> <span class='ocrx_word' id='word_1_216' title='bbox 970 2487 1106 2538; x_wconf 89' lang='lat' dir='ltr'>sunt,</span> 
     </span>
     <span class='ocr_line' id='line_1_27' title="bbox 95 2556 1111 2620; baseline 0.005 -18"><span class='ocrx_word' id='word_1_217' title='bbox 95 2556 422 2620; x_wconf 78' lang='lat' dir='ltr'>patefacimus,</span> <span class='ocrx_word' id='word_1_218' title='bbox 444 2567 498 2605; x_wconf 87' lang='lat' dir='ltr'>ut</span> <span class='ocrx_word' id='word_1_219' title='bbox 526 2567 730 2606; x_wconf 85' lang='lat' dir='ltr'>extrema</span> <span class='ocrx_word' id='word_1_220' title='bbox 754 2557 1037 2619; x_wconf 86' lang='lat' dir='ltr'>devitentur,</span> <span class='ocrx_word' id='word_1_221' title='bbox 1056 2576 1111 2607; x_wconf 87' lang='lat' dir='ltr'>ac</span> 
     </span>
     <span class='ocr_line' id='line_1_28' title="bbox 97 2638 1107 2707; baseline 0.005 -22"><span class='ocrx_word' id='word_1_222' title='bbox 97 2639 252 2687; x_wconf 86' lang='lat' dir='ltr'>media</span> <span class='ocrx_word' id='word_1_223' title='bbox 277 2638 357 2688; x_wconf 85' lang='lat' dir='ltr'>illa</span> <span class='ocrx_word' id='word_1_224' title='bbox 380 2642 486 2702; x_wconf 77' lang='lat' dir='ltr'>via,</span> <span class='ocrx_word' id='word_1_225' title='bbox 514 2643 612 2707; x_wconf 79' lang='lat' dir='ltr'>qua&#39;</span> <span class='ocrx_word' id='word_1_226' title='bbox 626 2648 726 2689; x_wconf 77' lang='lat' dir='ltr'>tuto</span> <span class='ocrx_word' id='word_1_227' title='bbox 755 2642 908 2690; x_wconf 89' lang='lat' dir='ltr'>incedi</span> <span class='ocrx_word' id='word_1_228' title='bbox 936 2651 1107 2707; x_wconf 85' lang='lat' dir='ltr'>potest,</span> 
     </span>
     <span class='ocr_line' id='line_1_29' title="bbox 96 2720 342 2771; baseline 0.012 -3"><span class='ocrx_word' id='word_1_229' title='bbox 96 2720 342 2771; x_wconf 87' lang='lat' dir='ltr'>elucescat.</span> 
     </span>
    </p>

    <p class='ocr_par' dir='ltr' id='par_1_7' title="bbox 97 2802 1117 3695">
     <span class='ocr_line' id='line_1_30' title="bbox 167 2802 1112 2865; baseline 0.006 -16"><span class='ocrx_word' id='word_1_230' title='bbox 167 2802 230 2865; x_wconf 76' lang='lat'>(2)</span> <span class='ocrx_word' id='word_1_231' title='bbox 270 2802 496 2853; x_wconf 88' lang='lat' dir='ltr'>Hermesii</span> <span class='ocrx_word' id='word_1_232' title='bbox 536 2815 778 2855; x_wconf 85' lang='lat' dir='ltr'>sectatores</span> <span class='ocrx_word' id='word_1_233' title='bbox 825 2807 947 2854; x_wconf 90' lang='lat' dir='ltr'>mihi</span> <span class='ocrx_word' id='word_1_234' title='bbox 994 2806 1112 2855; x_wconf 84' lang='lat' dir='ltr'>sorte</span> 
     </span>
     <span class='ocr_line' id='line_1_31' title="bbox 99 2886 1110 2953; baseline 0.004 -21"><span class='ocrx_word' id='word_1_235' title='bbox 99 2886 468 2947; x_wconf 84' lang='lat' dir='ltr'>succensebunt,</span> <span class='ocrx_word' id='word_1_236' title='bbox 519 2888 646 2953; x_wconf 89' lang='lat' dir='ltr'>quod</span> <span class='ocrx_word' id='word_1_237' title='bbox 690 2889 811 2937; x_wconf 90' lang='lat' dir='ltr'>hanc</span> <span class='ocrx_word' id='word_1_238' title='bbox 855 2890 1110 2938; x_wconf 86' lang='lat' dir='ltr'>doctrinam</span> 
     </span>
     <span class='ocr_line' id='line_1_32' title="bbox 98 2969 1112 3036; baseline 0.007 -23"><span class='ocrx_word' id='word_1_239' title='bbox 98 2970 366 3031; x_wconf 68' lang='lat' dir='ltr'>praeceptori</span> <span class='ocrx_word' id='word_1_240' title='bbox 403 2985 485 3016; x_wconf 89' lang='lat' dir='ltr'>suo</span> <span class='ocrx_word' id='word_1_241' title='bbox 518 2969 720 3018; x_wconf 90' lang='lat' dir='ltr'>tribuam</span> <span class='ocrx_word' id='word_1_242' title='bbox 738 3007 752 3030; x_wconf 90' lang='lat'>‚</span> <span class='ocrx_word' id='word_1_243' title='bbox 792 2988 900 3019; x_wconf 90' lang='lat' dir='ltr'>cum</span> <span class='ocrx_word' id='word_1_244' title='bbox 931 2973 1031 3036; x_wconf 85' lang='lat' dir='ltr'>ipse</span> <span class='ocrx_word' id='word_1_245' title='bbox 1062 2974 1112 3020; x_wconf 88' lang='lat' dir='ltr'>in</span> 
     </span>
     <span class='ocr_line' id='line_1_33' title="bbox 98 3046 1110 3118; baseline 0.006 -24"><span class='ocrx_word' id='word_1_246' title='bbox 98 3046 357 3111; x_wconf 88' lang='lat' dir='ltr'>dogmatica</span> <span class='ocrx_word' id='word_1_247' title='bbox 378 3051 647 3100; x_wconf 87' lang='lat' dir='ltr'>christiano·</span> <span class='ocrx_word' id='word_1_248' title='bbox 655 3051 879 3102; x_wconf 85' lang='lat' dir='ltr'>catholica</span> <span class='ocrx_word' id='word_1_249' title='bbox 891 3089 907 3113; x_wconf 91' lang='lat'>‚</span> <span class='ocrx_word' id='word_1_250' title='bbox 933 3064 1046 3118; x_wconf 88' lang='lat' dir='ltr'>part.</span> <span class='ocrx_word' id='word_1_251' title='bbox 1062 3071 1080 3100; x_wconf 90' lang='lat'><strong>1</strong></span> <span class='ocrx_word' id='word_1_252' title='bbox 1095 3090 1110 3112; x_wconf 91' lang='lat'><strong>‚</strong></span> 
     </span>
     <span class='ocr_line' id='line_1_34' title="bbox 97 3131 1117 3192; baseline 0.007 -17"><span class='ocrx_word' id='word_1_253' title='bbox 97 3143 206 3192; x_wconf 81' lang='lat' dir='ltr'>pag.</span> <span class='ocrx_word' id='word_1_254' title='bbox 245 3145 302 3179; x_wconf 77' lang='lat'>21</span> <span class='ocrx_word' id='word_1_255' title='bbox 327 3168 341 3192; x_wconf 83' lang='lat'>‚</span> <span class='ocrx_word' id='word_1_256' title='bbox 377 3132 475 3180; x_wconf 83' lang='lat' dir='ltr'>haec</span> <span class='ocrx_word' id='word_1_257' title='bbox 514 3133 682 3182; x_wconf 88' lang='lat' dir='ltr'>habeat</span> <span class='ocrx_word' id='word_1_258' title='bbox 720 3151 735 3182; x_wconf 76' lang='grc' dir='ltr'><strong><em>ε</em></strong></span> <span class='ocrx_word' id='word_1_259' title='bbox 770 3131 834 3185; x_wconf 83' lang='lat' dir='ltr'>Si</span> <span class='ocrx_word' id='word_1_260' title='bbox 872 3136 1015 3184; x_wconf 84' lang='lat' dir='ltr'>Jesus</span> <span class='ocrx_word' id='word_1_261' title='bbox 1046 3143 1117 3183; x_wconf 79' lang='lat' dir='ltr'>est</span> 
     </span>
     <span class='ocr_line' id='line_1_35' title="bbox 98 3207 1111 3278; baseline 0.01 -22"><span class='ocrx_word' id='word_1_262' title='bbox 98 3207 280 3273; x_wconf 76' lang='lat' dir='ltr'>leqatus</span> <span class='ocrx_word' id='word_1_263' title='bbox 319 3212 481 3264; x_wconf 84' lang='lat' dir='ltr'>Dei...</span> <span class='ocrx_word' id='word_1_264' title='bbox 527 3233 690 3263; x_wconf 79' lang='lat' dir='ltr'>verum</span> <span class='ocrx_word' id='word_1_265' title='bbox 738 3225 808 3264; x_wconf 76' lang='lat' dir='ltr'>est</span> <span class='ocrx_word' id='word_1_266' title='bbox 847 3233 986 3265; x_wconf 72' lang='lat' dir='ltr'>omne</span> <span class='ocrx_word' id='word_1_267' title='bbox 1024 3217 1111 3278; x_wconf 83' lang='lat' dir='ltr'>id,</span> 
     </span>
     <span class='ocr_line' id='line_1_36' title="bbox 99 3291 1111 3363; baseline 0.012 -27"><span class='ocrx_word' id='word_1_268' title='bbox 99 3291 225 3355; x_wconf 81' lang='lat' dir='ltr'>quod</span> <span class='ocrx_word' id='word_1_269' title='bbox 266 3301 494 3359; x_wconf 75' lang='lat' dir='ltr'>tanquam</span> <span class='ocrx_word' id='word_1_270' title='bbox 533 3295 631 3347; x_wconf 79' lang='lat' dir='ltr'>Dei</span> <span class='ocrx_word' id='word_1_271' title='bbox 665 3298 846 3363; x_wconf 74' lang='lat' dir='ltr'>leqatus</span> <span class='ocrx_word' id='word_1_272' title='bbox 886 3299 1111 3349; x_wconf 78' lang='lat' dir='ltr'>docuit...</span> 
     </span>
     <span class='ocr_line' id='line_1_37' title="bbox 99 3371 1114 3448; baseline 0.011 -28"><span class='ocrx_word' id='word_1_273' title='bbox 99 3371 252 3443; x_wconf 79' lang='lat' dir='ltr'>Nobis</span> <span class='ocrx_word' id='word_1_274' title='bbox 273 3383 387 3425; x_wconf 68' lang='lat' dir='ltr'>tanc</span> <span class='ocrx_word' id='word_1_275' title='bbox 414 3394 532 3444; x_wconf 79' lang='lat' dir='ltr'>opus</span> <span class='ocrx_word' id='word_1_276' title='bbox 558 3398 657 3430; x_wconf 76' lang='lat' dir='ltr'>non</span> <span class='ocrx_word' id='word_1_277' title='bbox 687 3392 758 3430; x_wconf 83' lang='lat' dir='ltr'>est</span> <span class='ocrx_word' id='word_1_278' title='bbox 777 3382 989 3448; x_wconf 81' lang='lat' dir='ltr'>amplius</span> <span class='ocrx_word' id='word_1_279' title='bbox 1009 3400 1114 3431; x_wconf 85' lang='lat' dir='ltr'>eam</span> 
     </span>
     <span class='ocr_line' id='line_1_38' title="bbox 98 3456 1115 3529; baseline 0.013 -26"><span class='ocrx_word' id='word_1_280' title='bbox 98 3456 364 3507; x_wconf 78' lang='lat' dir='ltr'>doctrinam</span> <span class='ocrx_word' id='word_1_281' title='bbox 405 3461 756 3529; x_wconf 77' lang='lat' dir='ltr'>demonstrare,</span> <span class='ocrx_word' id='word_1_282' title='bbox 796 3468 962 3515; x_wconf 72' lang='lat' dir='ltr'>mium</span> <span class='ocrx_word' id='word_1_283' title='bbox 1007 3485 1115 3516; x_wconf 82' lang='lat' dir='ltr'>vero</span> 
     </span>
     <span class='ocr_line' id='line_1_39' title="bbox 97 3543 1116 3608; baseline 0.013 -22"><span class='ocrx_word' id='word_1_284' title='bbox 97 3555 202 3587; x_wconf 86' lang='lat' dir='ltr'>eam</span> <span class='ocrx_word' id='word_1_285' title='bbox 234 3543 640 3608; x_wconf 73' lang='lat' dir='ltr'>comprehendere.</span> <span class='ocrx_word' id='word_1_286' title='bbox 673 3547 738 3597; x_wconf 64' lang='lat' dir='ltr'>Sa·</span> <span class='ocrx_word' id='word_1_287' title='bbox 770 3556 1008 3598; x_wconf 79' lang='lat' dir='ltr'>ostensam</span> <span class='ocrx_word' id='word_1_288' title='bbox 1043 3566 1116 3599; x_wconf 86' lang='lat' dir='ltr'>se-</span> 
     </span>
     <span class='ocr_line' id='line_1_40' title="bbox 99 3619 1108 3695; baseline 0.014 -28"><span class='ocrx_word' id='word_1_289' title='bbox 99 3619 194 3668; x_wconf 84' lang='lat' dir='ltr'>mel</span> <span class='ocrx_word' id='word_1_290' title='bbox 205 3630 301 3687; x_wconf 78' lang='lat' dir='ltr'>est,</span> <span class='ocrx_word' id='word_1_291' title='bbox 327 3622 498 3674; x_wconf 77' lang='lat' dir='ltr'>Iesum</span> <span class='ocrx_word' id='word_1_292' title='bbox 520 3643 627 3677; x_wconf 87' lang='lat' dir='ltr'>eam</span> <span class='ocrx_word' id='word_1_293' title='bbox 643 3629 887 3695; x_wconf 74' lang='lat' dir='ltr'>docuisse,</span> <span class='ocrx_word' id='word_1_294' title='bbox 915 3648 1002 3681; x_wconf 82' lang='lat' dir='ltr'>nos</span> <span class='ocrx_word' id='word_1_295' title='bbox 1027 3631 1108 3680; x_wconf 82' lang='lat' dir='ltr'>de-</span> 
     </span>
    </p>
   </div>
   <div class='ocr_carea' id='block_1_6' title="bbox 1188 1970 2217 2939">
    <p class='ocr_par' dir='ltr' id='par_1_8' title="bbox 1188 1970 2217 2939">
     <span class='ocr_line' id='line_1_41' title="bbox 1188 1970 2210 2047; baseline 0.002 -19"><span class='ocrx_word' id='word_1_296' title='bbox 1188 1998 1339 2028; x_wconf 89' lang='lat' dir='ltr'>seram</span> <span class='ocrx_word' id='word_1_297' title='bbox 1359 1970 1632 2046; x_wconf 83' lang='lat' dir='ltr'>proclamat.</span> <span class='ocrx_word' id='word_1_298' title='bbox 1652 1979 1839 2046; x_wconf 89' lang='lat' dir='ltr'>Optima</span> <span class='ocrx_word' id='word_1_299' title='bbox 1862 1981 1960 2029; x_wconf 82' lang='lat' dir='ltr'>haec</span> <span class='ocrx_word' id='word_1_300' title='bbox 1988 1982 2210 2047; x_wconf 80' lang='lat' dir='ltr'>quidem3</span> 
     </span>
     <span class='ocr_line' id='line_1_42' title="bbox 1190 2062 2212 2131; baseline 0.003 -21"><span class='ocrx_word' id='word_1_301' title='bbox 1190 2062 1270 2111; x_wconf 88' lang='lat' dir='ltr'>sed</span> <span class='ocrx_word' id='word_1_302' title='bbox 1297 2079 1406 2110; x_wconf 89' lang='lat' dir='ltr'>cum</span> <span class='ocrx_word' id='word_1_303' title='bbox 1437 2073 1530 2111; x_wconf 84' lang='lat' dir='ltr'>toto</span> <span class='ocrx_word' id='word_1_304' title='bbox 1553 2062 1784 2115; x_wconf 88' lang='lat' dir='ltr'>Hermesii</span> <span class='ocrx_word' id='word_1_305' title='bbox 1817 2073 2063 2130; x_wconf 84' lang='lat' dir='ltr'>systemate</span> <span class='ocrx_word' id='word_1_306' title='bbox 2092 2081 2212 2131; x_wconf 89' lang='lat' dir='ltr'>quo·</span> 
     </span>
     <span class='ocr_line' id='line_1_43' title="bbox 1190 2147 2213 2214; baseline 0.003 -20"><span class='ocrx_word' id='word_1_307' title='bbox 1190 2164 1298 2195; x_wconf 91' lang='lat' dir='ltr'>nam</span> <span class='ocrx_word' id='word_1_308' title='bbox 1334 2157 1464 2211; x_wconf 86' lang='lat' dir='ltr'>pacto</span> <span class='ocrx_word' id='word_1_309' title='bbox 1497 2147 1763 2195; x_wconf 68' lang='lat' dir='ltr'>cohaerent?</span> <span class='ocrx_word' id='word_1_310' title='bbox 1803 2155 1848 2195; x_wconf 90' lang='lat'>1⁰</span> <span class='ocrx_word' id='word_1_311' title='bbox 1875 2147 2062 2196; x_wconf 87' lang='lat' dir='ltr'>Etenim</span> <span class='ocrx_word' id='word_1_312' title='bbox 2096 2148 2213 2214; x_wconf 87' lang='lat' dir='ltr'>quid</span> 
     </span>
     <span class='ocr_line' id='line_1_44' title="bbox 1191 2227 2214 2294; baseline 0.003 -18"><span class='ocrx_word' id='word_1_313' title='bbox 1191 2238 1259 2276; x_wconf 89' lang='lat' dir='ltr'>est</span> <span class='ocrx_word' id='word_1_314' title='bbox 1288 2228 1415 2294; x_wconf 89' lang='lat' dir='ltr'>quod</span> <span class='ocrx_word' id='word_1_315' title='bbox 1446 2227 1711 2277; x_wconf 86' lang='lat' dir='ltr'>Hermesius</span> <span class='ocrx_word' id='word_1_316' title='bbox 1748 2246 1832 2293; x_wconf 89' lang='lat' dir='ltr'>pro</span> <span class='ocrx_word' id='word_1_317' title='bbox 1865 2228 2143 2278; x_wconf 83' lang='lat' dir='ltr'>discretione</span> <span class='ocrx_word' id='word_1_318' title='bbox 2168 2239 2214 2279; x_wconf 86' lang='lat' dir='ltr'>et</span> 
     </span>
     <span class='ocr_line' id='line_1_45' title="bbox 1192 2308 2215 2374; baseline 0.002 -17"><span class='ocrx_word' id='word_1_319' title='bbox 1192 2308 1472 2358; x_wconf 88' lang='lat' dir='ltr'>admissione</span> <span class='ocrx_word' id='word_1_320' title='bbox 1506 2308 1806 2374; x_wconf 80' lang='lat' dir='ltr'>sinqulorum</span> <span class='ocrx_word' id='word_1_321' title='bbox 1845 2309 1954 2358; x_wconf 86' lang='lat' dir='ltr'>fidei</span> <span class='ocrx_word' id='word_1_322' title='bbox 1991 2310 2215 2360; x_wconf 87' lang='lat' dir='ltr'>articulo—</span> 
     </span>
     <span class='ocr_line' id='line_1_46' title="bbox 1193 2392 2211 2461; baseline 0.002 -21"><span class='ocrx_word' id='word_1_323' title='bbox 1193 2410 1298 2441; x_wconf 92' lang='lat' dir='ltr'>rum</span> <span class='ocrx_word' id='word_1_324' title='bbox 1320 2430 1332 2454; x_wconf 89' lang='lat'>,</span> <span class='ocrx_word' id='word_1_325' title='bbox 1376 2403 1426 2441; x_wconf 87' lang='lat' dir='ltr'>ut</span> <span class='ocrx_word' id='word_1_326' title='bbox 1463 2393 1578 2441; x_wconf 87' lang='lat' dir='ltr'>fides</span> <span class='ocrx_word' id='word_1_327' title='bbox 1610 2396 1686 2457; x_wconf 89' lang='lat' dir='ltr'>pia</span> <span class='ocrx_word' id='word_1_328' title='bbox 1716 2403 1762 2461; x_wconf 74' lang='lat' dir='ltr'>et</span> <span class='ocrx_word' id='word_1_329' title='bbox 1797 2392 2086 2442; x_wconf 83' lang='lat' dir='ltr'>rationabilis</span> <span class='ocrx_word' id='word_1_330' title='bbox 2119 2396 2211 2455; x_wconf 87' lang='lat' dir='ltr'>sit,</span> 
     </span>
     <span class='ocr_line' id='line_1_47' title="bbox 1194 2475 2213 2541; baseline 0.003 -19"><span class='ocrx_word' id='word_1_331' title='bbox 1194 2475 1644 2524; x_wconf 73' lang='lat' dir='ltr'>demonstrationem</span> <span class='ocrx_word' id='word_1_332' title='bbox 1676 2477 1947 2524; x_wconf 84' lang='lat' dir='ltr'>acerrimam</span> <span class='ocrx_word' id='word_1_333' title='bbox 1982 2493 2081 2541; x_wconf 78' lang='lat' dir='ltr'>pro-</span> <span class='ocrx_word' id='word_1_334' title='bbox 2098 2492 2213 2525; x_wconf 75' lang='lat' dir='ltr'>con-</span> 
     </span>
     <span class='ocr_line' id='line_1_48' title="bbox 1195 2557 2216 2623; baseline 0.004 -19"><span class='ocrx_word' id='word_1_335' title='bbox 1195 2557 1377 2606; x_wconf 77' lang='lat' dir='ltr'>ditione</span> <span class='ocrx_word' id='word_1_336' title='bbox 1404 2559 1510 2606; x_wconf 77' lang='lat' dir='ltr'>sine</span> <span class='ocrx_word' id='word_1_337' title='bbox 1538 2574 1637 2623; x_wconf 79' lang='lat' dir='ltr'>qua</span> <span class='ocrx_word' id='word_1_338' title='bbox 1668 2574 1768 2605; x_wconf 78' lang='lat' dir='ltr'>non</span> <span class='ocrx_word' id='word_1_339' title='bbox 1799 2560 1938 2622; x_wconf 81' lang='lat' dir='ltr'>exigit</span> <span class='ocrx_word' id='word_1_340' title='bbox 1973 2562 2216 2623; x_wconf 80' lang='lat' dir='ltr'>expresse?</span> 
     </span>
     <span class='ocr_line' id='line_1_49' title="bbox 1194 2638 2214 2706; baseline 0.002 -19"><span class='ocrx_word' id='word_1_341' title='bbox 1194 2638 1293 2688; x_wconf 79' lang='lat' dir='ltr'>cfr.</span> <span class='ocrx_word' id='word_1_342' title='bbox 1326 2658 1427 2706; x_wconf 87' lang='lat' dir='ltr'>quae</span> <span class='ocrx_word' id='word_1_343' title='bbox 1461 2657 1518 2689; x_wconf 84' lang='lat' dir='ltr'>ex</span> <span class='ocrx_word' id='word_1_344' title='bbox 1558 2658 1612 2689; x_wconf 90' lang='lat' dir='ltr'>eo</span> <span class='ocrx_word' id='word_1_345' title='bbox 1647 2642 1859 2705; x_wconf 82' lang='lat' dir='ltr'>superius</span> <span class='ocrx_word' id='word_1_346' title='bbox 1893 2641 2133 2689; x_wconf 88' lang='lat' dir='ltr'>attulimus</span> <span class='ocrx_word' id='word_1_347' title='bbox 2161 2659 2214 2691; x_wconf 85' lang='lat' dir='ltr'>ex</span> 
     </span>
     <span class='ocr_line' id='line_1_50' title="bbox 1193 2721 2216 2788; baseline 0.003 -18"><span class='ocrx_word' id='word_1_348' title='bbox 1193 2721 1325 2772; x_wconf 78' lang='lat' dir='ltr'>Intr.</span> <span class='ocrx_word' id='word_1_349' title='bbox 1356 2722 1486 2788; x_wconf 79' lang='lat' dir='ltr'>phil.</span> <span class='ocrx_word' id='word_1_350' title='bbox 1538 2731 1591 2770; x_wconf 84' lang='lat'>2⁰</span> <span class='ocrx_word' id='word_1_351' title='bbox 1628 2722 1778 2788; x_wconf 81' lang='lat' dir='ltr'>Quare</span> <span class='ocrx_word' id='word_1_352' title='bbox 1818 2723 2116 2785; x_wconf 90' lang='lat' dir='ltr'>Hermesius,</span> <span class='ocrx_word' id='word_1_353' title='bbox 2163 2723 2216 2773; x_wconf 91' lang='lat' dir='ltr'>in</span> 
     </span>
     <span class='ocr_line' id='line_1_51' title="bbox 1198 2801 2216 2870; baseline 0.002 -18"><span class='ocrx_word' id='word_1_354' title='bbox 1198 2821 1281 2853; x_wconf 87' lang='lat' dir='ltr'>sua</span> <span class='ocrx_word' id='word_1_355' title='bbox 1309 2801 1662 2869; x_wconf 76' lang='lat' dir='ltr'>Methodoloqia</span> <span class='ocrx_word' id='word_1_356' title='bbox 1715 2807 1947 2870; x_wconf 68' lang='lat' dir='ltr'>praemissa</span> <span class='ocrx_word' id='word_1_357' title='bbox 1981 2803 2216 2855; x_wconf 78' lang='lat' dir='ltr'>Positivoe</span> 
     </span>
     <span class='ocr_line' id='line_1_52' title="bbox 1198 2888 2217 2939; baseline 0 -1"><span class='ocrx_word' id='word_1_358' title='bbox 1198 2888 1562 2939; x_wconf 78' lang='lat' dir='ltr'>Introductioni</span> <span class='ocrx_word' id='word_1_359' title='bbox 1600 2890 1655 2935; x_wconf 80' lang='lat' dir='ltr'>in</span> <span class='ocrx_word' id='word_1_360' title='bbox 1707 2888 1887 2938; x_wconf 77' lang='lat' dir='ltr'>Christ.</span> <span class='ocrx_word' id='word_1_361' title='bbox 1932 2888 2217 2938; x_wconf 78' lang='lat' dir='ltr'>catholicam</span> 
     </span>
    </p>
   </div>
   <div class='ocr_carea' id='block_1_7' title="bbox 1184 2955 2210 3036">
    <p class='ocr_par' dir='ltr' id='par_1_9' title="bbox 1184 2955 2210 3036">
     <span class='ocr_line' id='line_1_53' title="bbox 1184 2955 2210 3036; baseline 0.003 -17"><span class='ocrx_word' id='word_1_362' title='bbox 1184 2955 1504 3036; x_wconf 63' lang='lat' dir='ltr'>,theoloqiam,</span> <span class='ocrx_word' id='word_1_363' title='bbox 1529 2989 1726 3021; x_wconf 87' lang='lat' dir='ltr'>canones</span> <span class='ocrx_word' id='word_1_364' title='bbox 1758 2972 1894 3021; x_wconf 89' lang='lat' dir='ltr'>hosce</span> <span class='ocrx_word' id='word_1_365' title='bbox 1913 2971 2054 3021; x_wconf 83' lang='lat' dir='ltr'>veluti</span> <span class='ocrx_word' id='word_1_366' title='bbox 2074 2974 2210 3022; x_wconf 88' lang='lat' dir='ltr'>iude-</span> 
     </span>
    </p>
   </div>
   <div class='ocr_carea' id='block_1_8' title="bbox 1196 3052 2264 3698">
    <p class='ocr_par' dir='ltr' id='par_1_10' title="bbox 1196 3052 2264 3698">
     <span class='ocr_line' id='line_1_54' title="bbox 1196 3052 2217 3103; baseline 0 -2"><span class='ocrx_word' id='word_1_367' title='bbox 1196 3053 1435 3102; x_wconf 85' lang='lat' dir='ltr'>clinabiles</span> <span class='ocrx_word' id='word_1_368' title='bbox 1451 3056 1644 3102; x_wconf 73' lang='lat' dir='ltr'>statuit?</span> <span class='ocrx_word' id='word_1_369' title='bbox 1664 3052 1716 3103; x_wconf 88' lang='grc' dir='ltr'>Ι.</span> <span class='ocrx_word' id='word_1_370' title='bbox 1733 3053 1836 3102; x_wconf 86' lang='lat' dir='ltr'>Nos</span> <span class='ocrx_word' id='word_1_371' title='bbox 1853 3053 2074 3102; x_wconf 79' lang='lat' dir='ltr'>debemus</span> <span class='ocrx_word' id='word_1_372' title='bbox 2088 3053 2217 3103; x_wconf 82' lang='lat' dir='ltr'>vale-</span> 
     </span>
     <span class='ocr_line' id='line_1_55' title="bbox 1196 3133 2218 3200; baseline 0.002 -18"><span class='ocrx_word' id='word_1_373' title='bbox 1196 3133 1354 3182; x_wconf 80' lang='lat' dir='ltr'>dicere</span> <span class='ocrx_word' id='word_1_374' title='bbox 1368 3135 1589 3183; x_wconf 80' lang='lat' dir='ltr'>omnibus</span> <span class='ocrx_word' id='word_1_375' title='bbox 1606 3135 1939 3200; x_wconf 75' lang='lat' dir='ltr'>systematibas</span> <span class='ocrx_word' id='word_1_376' title='bbox 1968 3145 2070 3183; x_wconf 83' lang='lat' dir='ltr'>tum</span> <span class='ocrx_word' id='word_1_377' title='bbox 2088 3135 2218 3184; x_wconf 74' lang='lat' dir='ltr'>theo-</span> 
     </span>
     <span class='ocr_line' id='line_1_56' title="bbox 1196 3216 2264 3284; baseline 0.005 -19"><span class='ocrx_word' id='word_1_378' title='bbox 1196 3216 1333 3283; x_wconf 75' lang='lat' dir='ltr'>loqioe</span> <span class='ocrx_word' id='word_1_379' title='bbox 1360 3227 1462 3266; x_wconf 75' lang='lat' dir='ltr'>tum</span> <span class='ocrx_word' id='word_1_380' title='bbox 1492 3217 1739 3282; x_wconf 75' lang='lat' dir='ltr'>reliqionis</span> <span class='ocrx_word' id='word_1_381' title='bbox 1755 3254 1772 3279; x_wconf 90' lang='lat'>‚</span> <span class='ocrx_word' id='word_1_382' title='bbox 1806 3219 1860 3266; x_wconf 75' lang='lat' dir='ltr'>in</span> <span class='ocrx_word' id='word_1_383' title='bbox 1893 3228 2129 3284; x_wconf 75' lang='lat' dir='ltr'>quantum</span> <span class='ocrx_word' id='word_1_384' title='bbox 2160 3236 2218 3268; x_wconf 85' lang='lat' dir='ltr'>ea</span> <span class='ocrx_word' id='word_1_385' title='bbox 2260 3265 2264 3270; x_wconf 83' lang='lat'><em>.</em></span> 
     </span>
     <span class='ocr_line' id='line_1_57' title="bbox 1199 3299 2218 3350; baseline 0 -2"><span class='ocrx_word' id='word_1_386' title='bbox 1199 3299 1416 3348; x_wconf 77' lang='lat' dir='ltr'>nondum</span> <span class='ocrx_word' id='word_1_387' title='bbox 1451 3299 1600 3348; x_wconf 75' lang='lat' dir='ltr'>veluti</span> <span class='ocrx_word' id='word_1_388' title='bbox 1635 3310 1756 3348; x_wconf 80' lang='lat' dir='ltr'>certe</span> <span class='ocrx_word' id='word_1_389' title='bbox 1793 3318 1906 3350; x_wconf 83' lang='lat' dir='ltr'>vera</span> <span class='ocrx_word' id='word_1_390' title='bbox 1942 3303 2218 3349; x_wconf 77' lang='lat' dir='ltr'>noverimus</span> 
     </span>
     <span class='ocr_line' id='line_1_58' title="bbox 1197 3381 2215 3449; baseline 0 -20"><span class='ocrx_word' id='word_1_391' title='bbox 1197 3381 1478 3438; x_wconf 76' lang='lat' dir='ltr'>theoretice.-</span> <span class='ocrx_word' id='word_1_392' title='bbox 1511 3382 1567 3430; x_wconf 79' lang='lat' dir='ltr'>id</span> <span class='ocrx_word' id='word_1_393' title='bbox 1589 3381 1715 3447; x_wconf 80' lang='lat' dir='ltr'>quod</span> <span class='ocrx_word' id='word_1_394' title='bbox 1735 3399 1994 3449; x_wconf 81' lang='lat' dir='ltr'>possamus</span> <span class='ocrx_word' id='word_1_395' title='bbox 2017 3383 2215 3447; x_wconf 78' lang='lat' dir='ltr'>exequi,</span> 
     </span>
     <span class='ocr_line' id='line_1_59' title="bbox 1197 3465 2218 3533; baseline -0.001 -20"><span class='ocrx_word' id='word_1_396' title='bbox 1197 3466 1247 3514; x_wconf 82' lang='lat' dir='ltr'>si</span> <span class='ocrx_word' id='word_1_397' title='bbox 1271 3467 1434 3515; x_wconf 82' lang='lat' dir='ltr'>vivam</span> <span class='ocrx_word' id='word_1_398' title='bbox 1470 3467 1528 3514; x_wconf 78' lang='lat' dir='ltr'>in</span> <span class='ocrx_word' id='word_1_399' title='bbox 1560 3468 1726 3515; x_wconf 75' lang='lat' dir='ltr'>animo</span> <span class='ocrx_word' id='word_1_400' title='bbox 1746 3467 2110 3533; x_wconf 80' lang='lat' dir='ltr'>persuasionem</span> <span class='ocrx_word' id='word_1_401' title='bbox 2132 3465 2218 3512; x_wconf 75' lang='lat' dir='ltr'>ha-</span> 
     </span>
     <span class='ocr_line' id='line_1_60' title="bbox 1198 3546 2218 3614; baseline -0.001 -19"><span class='ocrx_word' id='word_1_402' title='bbox 1198 3547 1473 3609; x_wconf 73' lang='lat' dir='ltr'>hum-imus,</span> <span class='ocrx_word' id='word_1_403' title='bbox 1511 3549 1638 3614; x_wconf 80' lang='lat' dir='ltr'>quod</span> <span class='ocrx_word' id='word_1_404' title='bbox 1673 3548 1893 3611; x_wconf 76' lang='lat' dir='ltr'>nullum,</span> <span class='ocrx_word' id='word_1_405' title='bbox 1934 3566 1995 3597; x_wconf 79' lang='lat' dir='ltr'>ne</span> <span class='ocrx_word' id='word_1_406' title='bbox 2023 3546 2218 3612; x_wconf 77' lang='lat' dir='ltr'>quidem</span> 
     </span>
     <span class='ocr_line' id='line_1_61' title="bbox 1196 3631 2217 3698; baseline -0.003 -17"><span class='ocrx_word' id='word_1_407' title='bbox 1196 3648 1271 3681; x_wconf 71' lang='lat' dir='ltr'>ex.</span> <span class='ocrx_word' id='word_1_408' title='bbox 1305 3649 1383 3698; x_wconf 76' lang='lat' dir='ltr'>qr.</span> <span class='ocrx_word' id='word_1_409' title='bbox 1409 3631 1796 3692; x_wconf 75' lang='lat' dir='ltr'>catholicismas,</span> <span class='ocrx_word' id='word_1_410' title='bbox 1824 3641 1911 3682; x_wconf 75' lang='lat' dir='ltr'>aut</span> <span class='ocrx_word' id='word_1_411' title='bbox 1934 3631 2217 3682; x_wconf 75' lang='lat' dir='ltr'>christiani·</span> 
     </span>
    </p>
   </div>
  </div>
 </body>
</html>
