2502 4134
251 120 367 180 358

871 142 1072 179 TRACT.
1121 143 1189 180 DE
1235 143 1381 183 Locts
1425 147 1799 188 mnotoclcls.

334 287 434 347 40.
484 285 667 349 Nimis
705 304 882 365 porro
916 282 1160 362 longum
1193 296 1343 346 esset
1380 296 1438 346 et
1477 309 1510 346 a
1547 291 2048 355 nostro‘instituto
2075 293 2330 356 alienum
2352 343 2367 372 ,

252 382 410 466 quod
453 378 899 454 contendiinuS‚
951 381 1264 442 ostendere
1312 381 1386 442 de
1435 382 1659 464 singula
1710 389 1911 467 quavis
1961 411 2031 449 ex
2079 392 2375 452 recensitis

250 473 618 538 naturalibus
657 473 1033 549 veritatibu83
1079 476 1217 536 hinc
1258 499 1365 537 nos
1402 478 1476 538 ad
1511 500 1691 539 unam
1726 492 1959 542 tantum
1999 485 2376 567 probationes

254 584 483 633 nostras
519 570 939 631 coarctabimus
960 619 975 647 ,
1022 573 1095 632 ad
1129 573 1460 634 naturalem
1491 577 1884 655 cognitionem
1918 579 2134 641 scilicet
2168 604 2234 642 ac
2269 583 2375 644 de-

175 733 179 738 ,
253 667 742 728 monstrationem
790 669 1113 729 existentiae
1162 670 1308 745 Dei,
1361 691 1492 753 quae
1539 692 1680 758 sane
1729 673 1943 761 veritas
1985 685 2044 734 et
2089 678 2376 761 praecipua

251 767 409 825 inter
443 765 571 825 illas
616 777 743 848 est7
790 777 848 826 et
890 767 1260 848 potissimum
1309 780 1727 848 argumentum
1773 769 1918 844 fuit,
1973 782 2174 831 contra
2220 775 2378 855 quod

253 862 574 923 adversarii
619 862 917 923 machinas
959 885 1089 922 suas
1137 863 1570 925 admoverunt.-
1600 866 1670 924 Et
1719 868 1986 947 quamvis
2034 865 2142 926 bac
2188 866 2262 927 de
2307 890 2373 930 re

254 959 391 1018 satis
416 979 709 1041 superque
731 959 795 1018 in
823 969 992 1018 tract.
1022 958 1095 1018 de
1112 961 1231 1019 Deo
1254 959 1751 1043 disputaverimus
1772 1006 1787 1035 ,
1816 960 1910 1021 hic
1937 971 2141 1022 tamen
2161 961 2380 1023 directe

259 1076 667 1137 oppugnamus
730 1076 827 1115 eos
854 1100 871 1130 7
934 1056 1036 1137 qui
1087 1067 1304 1135 negant
1333 1102 1350 1130 7
1412 1077 1544 1116 eam
1603 1057 1806 1116 nativo
1863 1057 2106 1117 rationis
2162 1057 2384 1119 lumine

256 1151 524 1232 cognosci
549 1172 616 1211 ac
644 1151 1037 1212 demonstrari
1076 1174 1274 1233 posse3
1312 1151 1372 1212 id
1398 1152 1557 1235 quod
1584 1165 1647 1214 et
1678 1154 2115 1234 Scripturarum
2142 1153 2384 1215 oraculis

258 1246 609 1321 adversans,
639 1258 699 1307 et
725 1249 1017 1307 constanti
1050 1250 1293 1307 Petrum
1325 1248 1603 1309 doctrinae
1636 1251 1969 1332 oppositum
1990 1294 2005 1324 ‚
2039 1270 2104 1309 ac
2132 1249 2384 1333 denique

258 1343 603 1404 revelationi
637 1343 963 1404 christianae
1002 1345 1296 1404 infensum
1332 1346 1415 1405 sic
1449 1366 1573 1406 esse
1607 1345 1944 1425 probamus.

343 1439 442 1500 41.
490 1441 568 1500 Ac
605 1440 797 1522 primo
827 1441 1068 1523 quidem
1091 1442 1526 1524 Scripturarum
1555 1442 1798 1502 oraculis
1828 1442 2129 1504 adversari
2163 1464 2385 1504 novum

261 1536 374 1595 hoc
411 1547 666 1619 systema
702 1535 913 1596 exinde
950 1537 1239 1597 evincitur
1261 1584 1277 1612 ,
1314 1537 1473 1619 quod
1514 1537 1640 1597 istae
1679 1550 1966 1620 perpetuo
2008 1549 2382 1621 supponant,

265 1631 571 1692 hominem
603 1654 675 1692 ex
717 1631 1096 1714 adspectabili
1135 1631 1245 1691 hoc
1283 1634 1558 1694 universo
1599 1654 1897 1712 assurgere
1931 1655 2136 1715 posse,
2175 1635 2295 1693 imo
2329 1644 2391 1694 et

264 1728 470 1788 dehere
504 1728 567 1786 in
601 1727 994 1808 cognitionem
1026 1728 1151 1786 Dei.
1192 1728 1455 1803 Etenim,
1493 1727 1609 1787 Job
1643 1729 1883 1787 XXXVI
1911 1774 1927 1804 a
1961 1729 2075 1804 25,
2118 1729 2332 1810 legitur
2369 1752 2383 1787 ε

269 1934 373 1982 tion
414 1949 635 1994 aucune,
685 1949 786 1981 aux
826 1933 1155 1999 propositions
1191 1933 1295 1980 sui-

269 2024 438 2066 vantes
486 2034 505 2066 .·
558 2025 607 2066 1⁰
653 2014 719 2065 Le
773 2018 1136 2085 raisonnement
1175 2024 1297 2082 peut

263 2115 479 2166 prouver
511 2115 625 2148 avec
665 2099 893 2148 certitudo
931 2097 1202 2148 I'eaeistence
1239 2099 1296 2149 de

276 2181 406 2233 Dieu
438 2191 482 2230 et
507 2180 735 2246 l'infinite
778 2181 836 2229 de
872 2198 945 2230 ses
985 2181 1294 2248 perfectione.

275 2265 353 2313 La
379 2263 489 2327 foi,
520 2263 615 2311 don
645 2263 712 2310 du
749 2263 871 2322 ciel,
905 2279 1106 2330 suppose
1139 2262 1186 2311 la
1222 2268 1297 2312 re-

273 2345 515 2407 velatiom·
546 2344 629 2393 elle
658 2361 720 2393 ne
733 2354 851 2411 peut
882 2345 1001 2394 donc
1010 2362 1108 2412 pas
1130 2340 1299 2395 conve-

276 2428 543 2479 nablement
577 2430 675 2476 &tre
700 2428 908 2493 alloquee
940 2429 1155 2487 vis-iz-vis
1181 2429 1300 2478 d’un

278 2512 410 2561 atheo
434 2529 495 2561 en
508 2529 689 2579 preave
706 2513 763 2560 de
780 2513 1047 2562 l’existence
1068 2513 1125 2562 de
1142 2514 1295 2565 Dieu.

280 2603 336 2641 2⁰
372 2593 450 2642 La
484 2593 691 2642 divinite
723 2593 782 2643 de
822 2593 869 2643 la
907 2594 1163 2643 revelation
1196 2613 1298 2644 mo·

279 2677 447 2739 suique
476 2692 526 2724 se
549 2667 734 2741 prouve
760 2693 872 2726 avec
889 2677 1120 2726 certitudo
1133 2695 1235 2743 par
1249 2678 1297 2728 la

281 2756 515 2806 tradition
550 2757 677 2807 orale
710 2768 754 2807 et
786 2762 928 2809 ecrite
968 2760 1025 2808 de
1060 2760 1108 2809 la
1150 2778 1297 2826 syna-

278 2856 429 2905 yoque
439 2848 486 2888 et
496 2840 565 2888 du
577 2840 953 2893 christianisme.
968 2841 1019 2889 3⁰
1034 2841 1109 2889 La
1119 2860 1298 2908 preuve

281 2924 398 2971 tiree
427 2921 510 2972 des
544 2923 765 2973 miracles
799 2924 857 2973 de
885 2923 1060 2986 J.-C.‚
1096 2925 1299 2975 sensible

281 3013 325 3053 et
332 3006 595 3072 frappante
602 3023 733 3071 pour
743 3005 808 3054 les
821 3007 1023 3055 temoins
1035 3007 1170 3055 ocula
1177 3009 1270 3056 ires
1280 3045 1293 3065 ,

282 3086 364 3132 n'a
380 3089 526 3152 point
538 3088 697 3153 perda
715 3105 770 3137 sa
786 3089 918 3154 force
937 3106 1048 3138 avec
1070 3105 1157 3137 son
1177 3090 1300 3138 eolat
1342 3099 1347 3102 ’

283 3170 518 3218 οἰε-ὰ-υῐε
532 3171 613 3218 des
625 3174 932 3237 qenerations
945 3172 1294 3240 subsequentes.

288 3250 425 3299 Noas
463 3261 685 3302 trouvons
719 3263 834 3304 cette
863 3272 1044 3320 preuve
1080 3271 1139 3303 en
1175 3263 1299 3304 toute

285 3334 515 3382 certitude
538 3335 661 3383 dans
684 3335 1022 3386 l’authenticite
1037 3335 1104 3384 du
1118 3335 1182 3385 N.
1212 3337 1298 3396 T„

289 3415 414 3463 dans
433 3414 479 3463 la
506 3416 738 3465 tradition
756 3418 884 3467 orale
900 3428 943 3467 et
963 3419 1106 3468 ecrite
1123 3418 1180 3467 de
1195 3428 1300 3468 tous

289 3498 355 3546 les
379 3497 612 3546 chretiens
623 3515 645 3561 ,·
672 3507 717 3547 et
738 3501 848 3549 e'est
871 3517 970 3567 par
992 3508 1106 3549 cette
1134 3500 1301 3549 double

287 3580 521 3629 tradition
547 3597 637 3646 que
664 3597 786 3629 nous
818 3583 995 3632 decons
1026 3582 1075 3630 la
1103 3582 1298 3632 demon-

289 3671 385 3710 trer
416 3663 447 3711 ἀ
478 3661 754 3711 Pincredule
780 3666 867 3729 qai
888 3664 936 3713 Ia
962 3668 1149 3733 repelle,
1185 3682 1247 3715 ou
1269 3666 1300 3714 ὰ

1375 1948 1496 1981 ceute
1526 1933 1614 1997 qui
1626 1967 1642 1993 ‚
1680 1949 1795 1981 sans
1823 1931 2084 1982 l’admettre
2113 1948 2281 1982 encore
2297 1968 2315 1996 ,
2345 1932 2394 1982 Ia

1376 2014 1606 2066 desirent.
1625 2013 1682 2079 4⁰
1706 2014 1790 2063 On
1812 2014 1892 2064 n’a
1911 2017 2054 2084 point
2073 2015 2114 2064 10
2132 2016 2260 2066 droit
2278 2017 2396 2065 d'at-

1376 2099 1539 2147 tendre
1569 2097 1689 2146 d'un
1713 2097 1958 2149 incredulo
1984 2098 2104 2164 qa’il
2117 2098 2318 2148 admetto
2345 2098 2394 2148 la

1377 2183 1698 2229 resurrection
1727 2180 1785 2229 de
1816 2189 1949 2230 notre
1980 2180 2121 2230 divin
2139 2178 2393 2245 Saweur,

1378 2275 1526 2312 avant
1553 2263 1610 2312 de
1641 2263 1713 2311 lui
1748 2280 1810 2313 en
1837 2265 1974 2313 avoir
2001 2263 2289 2313 administro
2314 2264 2396 2315 des

1372 2363 1577 2412 preuves
1599 2349 1863 2404 certaine-s,
1896 2356 1941 2395 et
1968 2363 2043 2395 ces
2068 2364 2271 2414 preuves
2293 2357 2398 2397 sont

1379 2428 1595 2477 dedaites
1614 2446 1711 2495 par
1739 2428 1782 2478 10
1813 2431 2186 2478 raisonnement.
2219 2427 2274 2479 5⁰
2298 2429 2399 2479 Sar

1384 2529 1460 2560 ees
1474 2514 1714 2577 questions
1731 2512 1938 2561 diverses
1953 2511 2000 2559 la
2017 2514 2184 2561 raison
2199 2511 2399 2579 precede
2455 2513 2458 2515 ’

1381 2593 1427 2641 la
1447 2596 1526 2660 foi
1544 2603 1587 2642 et
1604 2594 1704 2642 doit
1720 2611 1841 2642 nous
1859 2612 1891 2660 y
1904 2594 2153 2645 conduire.
2166 2592 2221 2643 6ο
2243 2594 2397 2663 Quol-

1379 2694 1469 2743 que
1484 2675 1637 2742 saihle
1664 2685 1709 2724 et
1730 2677 1926 2725 obscure
1954 2694 2043 2742 que
2058 2678 2150 2726 soit
2167 2675 2214 2726 la
2230 2679 2395 2726 raison

1371 2775 1472 2826 par
1493 2757 1534 2806 10
1551 2758 1701 2824 peche
1725 2757 1935 2823 oriqinel
1951 2796 1965 2820 ,
1997 2758 2038 2806 il
2066 2759 2141 2806 lui
2171 2765 2288 2806 reste
2314 2773 2392 2806 as-

1379 2857 1460 2889 sez
1479 2840 1536 2888 de
1559 2840 1705 2889 clerte
1726 2849 1772 2890 et
1795 2841 1852 2889 de
1864 2841 1995 2906 force
2003 2858 2133 2907 pour
2145 2856 2267 2887 nous
2283 2840 2395 2904 qai-

1377 2920 1464 2970 der
1473 2938 1586 2970 aveo
1602 2922 1833 2970 certitude
1848 2924 1878 2971 ὰ
1889 2921 2156 2971 l'existenee
2171 2920 2228 2969 de
2239 2918 2368 2969 Dieu
2380 2956 2395 2981 ,

1380 3006 1412 3053 ὰ
1450 3004 1498 3052 la
1535 3004 1796 3053 revelation
1835 3005 1957 3070 faite
1998 3019 2100 3052 aaa:
2127 3002 2264 3070 juiss
2299 3019 2398 3068 par

1380 3087 1544 3136 Moise
1561 3125 1575 3148 ‚
1613 3103 1715 3134 aux
1739 3087 1975 3136 chretiens
1998 3102 2098 3153 par
2125 3094 2260 3134 notre
2284 3085 2397 3133 ado-

1380 3169 1511 3220 rable
1531 3169 1919 3221 Homnae-Diem
1936 3169 2042 3217 Post
2066 3169 2192 3229 haec,
2216 3178 2397 3217 tantum

1381 3255 1538 3315 abest,
1580 3264 1630 3303 ut
1680 3263 1895 3319 putemus
1934 3253 2083 3302 eidem
2119 3252 2183 3302 cl.
2223 3253 2399 3301 auctori

1382 3337 1623 3405 quidpiam
1658 3336 1894 3385 detrahere
1928 3346 2084 3385 nostra
2116 3336 2205 3384 hac
2234 3335 2399 3384 confu-

1383 3423 1556 3470 tatione
1579 3422 1676 3487 ejus
1700 3421 1952 3485 systematis
1971 3458 1984 3481 ,
2017 3430 2070 3468 ut
2100 3420 2255 3485 potius
2276 3419 2318 3466 ei
2341 3432 2399 3467 ex

1382 3504 1520 3553 corde
1545 3503 1829 3568 gratulemur
1846 3540 1860 3563 ‚
1902 3520 1955 3551 ac
1979 3521 2077 3552 rem
2108 3504 2194 3568 ipsi
2225 3510 2398 3567 gratam

1382 3603 1468 3634 nos
1511 3586 1663 3634 facere
1698 3585 2019 3650 confidamuS,
2057 3603 2115 3634 ne
2151 3584 2288 3634 ceteri
2322 3580 2401 3630 tali

1382 3668 1590 3717 doctrina
1618 3666 1880 3716 abutantur.
