2502 4134
279 202 435 244 PART.
481 204 568 242 111.
615 202 762 240 SBCT.
808 204 850 239 1.
898 200 1020 240 CAP.
1070 201 1110 239 l.
1157 201 1224 239 ΒΕ
1265 200 1399 238 RA'r.
1445 199 1573 237 Aur.
1622 197 1732 235 rm.
1778 194 1959 234 Smer.

2056 172 2173 234 377

80 345 219 429 quid
243 356 441 405 tamen
468 345 571 418 sit,
604 342 856 421 theologi
884 364 1005 401 non
1040 354 1130 402 est
1163 341 1331 419 hujus
1369 339 1463 400 vel
1501 339 1651 398 illius
1688 334 2019 421 philosophi
2043 336 2180 397 vin-

80 440 251 499 dicias
287 440 594 520 suscipere.
649 438 815 511 Quod
849 438 895 496 si
941 437 1181 497 Cartesii
1228 436 1466 495 nomine
1509 436 1814 516 impetit-ur
1854 431 2022 492 realis
2056 431 2179 513 ipsa

80 556 144 595 ac
182 534 499 595 essentialis
539 534 834 593 distinctio
869 534 1023 592 inter
1061 532 1360 591 scientiam
1400 529 1860 611 philosophicam
1885 547 2045 587 mere
2078 547 2181 585 na-

79 629 327 689 turalem
360 641 418 688 et
453 630 752 689 scientiam
787 627 1164 706 theologicam
1199 624 1518 685 revelatam
1538 668 1553 697 ,
1582 643 1872 703 >negamus
1900 622 2179 696 omnin0‚

81 747 207 786 eam
239 748 269 785 a
295 725 550 784 Cartesio
572 725 761 807 primo
785 724 1073 782 invectam
1101 721 1308 796 fuisse,
1344 731 1475 778 cum
1515 738 1745 799 semper
1777 719 1840 776 in
1871 717 2181 776 christiana

83 819 396 880 traditione
417 820 608 898 agnita
638 819 810 878 fuerit
832 818 944 896 (l).
968 814 1140 876 Haud
1162 814 1471 875 abnuimus
1487 859 1503 889 ,
1532 834 1603 873 ex
1634 812 1917 894 analytica
1943 811 2186 872 Cartesii

86 1065 517 1132 Inoompossibilite
533 1066 614 1114 des
621 1066 873 1132 principes
897 1065 954 1114 de
970 1062 1098 1113 Des·

87 1156 238 1196 cartes
269 1156 313 1195 et
349 1148 406 1195 de
441 1144 659 1212 Spinoza
673 1182 691 1205 ,
723 1163 833 1211 opp.
874 1157 986 1195 tom.
1017 1161 1063 1194 lv
1082 1183 1095 1205 ‚

86 1246 141 1277 ac
178 1232 407 1277 recentius
444 1227 689 1292 Galluppi,
726 1227 910 1275 Lettere
943 1225 1102 1291 filoso-

80 1310 227 1375 fiche‚
251 1310 415 1375 Napoli
437 1307 589 1369 1838,
610 1320 659 1358 ut
676 1311 952 1358 contrariam
969 1311 1099 1374 prin·-
1124 1370 1128 1373 ι

88 1395 313 1457 cipiorum
334 1402 546 1440 naturam
563 1428 577 1450 ‚
609 1391 780 1457 quibus
808 1392 876 1439 illi
902 1391 1102 1456 philoso-

86 1474 212 1539 phati
239 1483 345 1520 sunt
364 1508 378 1533 ,
406 1475 614 1537 apprime
645 1472 888 1529 elucescat.
917 1469 964 1519 Si
995 1487 1102 1520 vero

89 1555 146 1604 de
163 1553 348 1603 Cartesii
370 1554 586 1602 methodo
606 1554 808 1620 loquaris
827 1590 841 1612 ,
870 1571 924 1602 ac
948 1553 1005 1602 de
1022 1571 1103 1619 ge-

88 1638 230 1687 nerali
259 1655 339 1685 sua
362 1636 677 1692 dubitatione,
708 1647 828 1686 certe
850 1639 997 1702 prima
1024 1655 1105 1687 ve-

87 1720 174 1768 luti
207 1721 359 1769 fronte
385 1721 762 1785 reprehendenda
793 1721 870 1768 illa
902 1721 1103 1770 videtur.

89 1801 178 1851 Sed
222 1805 259 1850 si
309 1812 509 1851 mentem
560 1802 747 1851 Cartesii
792 1806 1097 1868 perspexeris,

92 1883 321 1932 dubitatio
352 1881 580 1949 ejusmodi
620 1886 805 1932 nonnisi
837 1884 1016 1946 fictitia
1053 1900 1107 1932 ac

92 1965 390 2032 hypothetica
412 1983 508 2015 esse
529 1974 681 2031 patet,
714 1984 807 2032 qua
838 1984 1004 2031 nempe
1028 1966 1107 2015 ille

91 2065 202 2096 usus
225 2057 319 2109 est,
345 2058 394 2096 ut
423 2051 630 2096 animum
655 2050 706 2095 in
735 2048 871 2097 rebus
899 2048 1107 2113 philoso-

95 2128 242 2195 phicis
263 2146 289 2177 a
313 2129 613 2196 praejudicatis
629 2131 926 2195 opinionibus
942 2145 1112 2196 expur-

98 2218 246 2275 garet,
262 2217 313 2258 ut
325 2213 557 2259 veritatem
574 2214 791 2260 severiori
805 2211 884 2259 illo
904 2214 1110 2262 examine

99 2293 242 2355 magis
261 2290 485 2357 liquidam
508 2292 772 2354 exhiberet,
794 2304 936 2360 utque
954 2295 1109 2361 aliquo

99 2375 371 2422 inconcusso
395 2373 698 2422 fundamento
714 2375 929 2424 humanae
950 2379 1109 2441 cogni-

100 2460 237 2506 tionis
253 2461 464 2524 praejacto
477 2462 693 2524 scepticos
707 2461 990 2511 confundere
1004 2479 1111 2528 pos-

101 2550 192 2600 set,
210 2539 336 2588 haud
350 2539 481 2589 aliter
493 2558 636 2608 quam
651 2543 867 2592 adversus
881 2545 1110 2594 academi-

100 2637 177 2670 cos
198 2621 510 2687 philosophice
525 2636 799 2689 processerat
812 2624 1113 2691 Augustinus.

101 2702 224 2752 Hinc
248 2705 297 2752 in
326 2705 523 2753 secunda
556 2707 654 2771 ipsa
690 2707 985 2758 meditatione
1015 2711 1112 2776 jam

100 2784 296 2833 dubium
326 2803 465 2835 omne
495 2805 521 2835 a
553 2803 599 2836 se
627 2791 846 2856 rejecerat
865 2827 878 2851 ‚
910 2807 962 2838 ac
990 2794 1112 2856 posi-

100 2869 192 2917 tive
222 2872 412 2918 omnino
438 2880 588 2935 postea
621 2873 926 2937 progreditur.
955 2872 1115 2939 Quid?

103 2952 226 3016 quod
252 2950 482 3002 Cartesius
498 2956 594 3019 ipse
612 2957 661 3003 in
683 2955 769 3004 lib.
791 2955 849 3004 de
865 2953 1110 3018 Methodo‚

102 3028 130 3095 §
157 3031 187 3079 3
207 3069 222 3096 ,
255 3034 336 3082 has
365 3035 454 3083 sibi
481 3036 598 3101 leges
631 3041 1005 3102 praescripserat?
1047 3038 1117 3088 Ut

105 3110 288 3176 leqibus
307 3124 350 3163 et
370 3118 605 3165 institutis
626 3121 806 3184 patriae
824 3121 1114 3187 obtempera·

105 3207 231 3249 rem,
261 3196 552 3265 firmiterque
575 3198 709 3248 illam
738 3200 1015 3266 reliqionem
1039 3219 1115 3250 re-

103 3276 326 3334 tinerem,
365 3297 506 3344 quam
541 3285 770 3349 optimam
785 3284 1109 3350 judicabam,

106 3364 151 3404 et
192 3359 250 3405 in
291 3375 385 3423 qua
421 3361 523 3412 Dei
561 3364 786 3429 beneficio
814 3362 1007 3431 fueram
1053 3365 1114 3413 ab

106 3441 301 3487 ineunte
325 3450 457 3492 oetate
477 3446 746 3498 institutus.
763 3477 828 3484 -
848 3448 1115 3513 Postquam

103 3537 212 3569 vero
229 3538 303 3570 me
320 3522 397 3571 hio
412 3527 586 3591 requlis
600 3531 961 3593 manumissam,
980 3529 1112 3583 illae-

107 3618 196 3667 que
225 3603 375 3651 simul
398 3607 453 3652 in
478 3607 614 3657 rebus
635 3611 778 3674 fidei,
803 3629 910 3677 quoe
927 3598 1114 3679 semper

105 3685 245 3748 apud
263 3700 336 3732 me
343 3688 605 3751 potissimoe
622 3692 818 3753 fuerant
837 3729 851 3754 ,
880 3710 1115 3742 reservas-

1179 1082 1309 1126 sem,
1355 1071 1590 1130 quantum
1639 1062 1717 1111 ad·
1745 1062 1927 1128 reliqua
1946 1098 1964 1125 ‚
2015 1062 2191 1128 quibus

1179 1146 1295 1196 olim
1316 1147 1510 1211 sueram
1532 1130 1752 1193 *imbutus
1765 1179 1782 1206 ‚
1812 1161 1910 1192 non
1935 1143 2187 1205 dubitavi,

1179 1231 1303 1294 quin
1330 1228 1456 1285 mihi
1479 1226 1638 1274 liceret
1656 1226 1821 1274 omnia
1839 1231 1898 1274 ea·
1911 1227 2076 1274 animo
2088 1240 2191 1274 meo

1182 1310 1350 1358 delere.
1390 1309 1503 1376 Quae
1537 1308 1675 1374 igitur
1707 1310 1845 1356 nimis
1878 1317 1998 1357 certe
2035 1310 2193 1373 singu·-

1182 1395 1292 1445 leria
1308 1431 1322 1455 ‚
1359 1397 1411 1442 in
1441 1397 1587 1459 prima
1613 1394 1860 1458 praesertim
1877 1394 1975 1457 ejus
1994 1391 2190 1439 medita-

1183 1479 1305 1524 tione
1320 1513 1331 1535 ,
1363 1485 1635 1535 occurrunt,
1658 1484 1767 1523 sun-t
1788 1476 1918 1540 juxta
1941 1474 2064 1521 hanc
2080 1489 2192 1520 nor-

1183 1576 1310 1606 mam
1325 1558 1641 1623 intelligenda.
1658 1556 1886 1606 Caeterum
1899 1554 2198 1620 hypothetica

1182 1641 1280 1689 haec
1308 1641 1534 1689 dubitatio
1554 1677 1568 1700 ,
1604 1655 1704 1703 quae
1733 1641 1922 1688 inservit
1945 1638 2004 1686 ad
2032 1637 2198 1702 analy-

1185 1725 1273 1772 sim
1291 1726 1603 1790 cognitionum
1621 1721 1950 1771 instituendam
1966 1758 1980 1781 ‚
2001 1721 2201 1768 innocue

1186 1822 1212 1853 a
1246 1804 1472 1870 plerisque
1490 1803 1695 1852 adhibita
1724 1804 1840 1864 suit,
1874 1820 1926 1850 ae
1950 1803 2037 1867 ipsi
2065 1801 2199 1849 scho-

1187 1887 1333 1935 lastici
1352 1923 1366 1946 ‚
1400 1886 1462 1936 D.
1495 1884 1673 1934 Thema
1705 1895 1937 1950 praeeunte
1956 1921 1970 1944 ‚
2000 1883 2075 1931 illa
2097 1898 2202 1948 pas·

1188 1970 1277 2018 sim
1312 1971 1383 2017 nsi
1416 1979 1543 2018 sunt.
1578 1967 1659 2016 Ast
1686 1985 1784 2017 non
1817 1984 2070 2032 negamus,
2099 1980 2203 2015 eam

1189 2069 1243 2102 ex
1284 2051 1480 2101 humani
1527 2045 1701 2115 ingenii
1740 2050 1958 2111 licentia,
2002 2059 2048 2098 et
2086 2064 2204 2098 nova

1188 2144 1430 2201 systemata
1453 2134 1654 2183 cudendi
1678 2135 1926 2199 omniaque
1949 2133 2111 2182 veteris
2133 2149 2205 2184 sa·

1190 2219 1374 2283 pientiae
1408 2216 1709 2266 fundamenta
1749 2214 2038 2266 convellendi
2083 2216 2207 2266 lubi-

1192 2299 1301 2350 dine
1320 2339 1332 2361 ,
1361 2299 1485 2366 apud
1517 2302 1767 2350 neotericos
1796 2300 2073 2370 quaudoque
2097 2316 2205 2366 per-

1191 2386 1412 2434 niciosam
1443 2384 1656 2434 effectam
1682 2400 1796 2434 esse.
2011 2372 2013 2374 i

1262 2466 1331 2532 (l)
1367 2465 1615 2532 Augustin.
1652 2469 1898 2533 praesertim
1934 2468 1985 2516 in
2012 2466 2096 2516 lib.
2136 2464 2210 2515 De

1193 2551 1419 2614 maqistro
1436 2584 1450 2610 ,
1483 2566 1572 2598 nec
1593 2567 1690 2599 non
1703 2548 1754 2601 S.
1772 2549 1942 2599 Thom.
1959 2550 2050 2599 loc.
2069 2549 2209 2598 modo

1193 2634 1274 2680 cit.
1303 2642 1442 2698 atque
1472 2632 1603 2680 alibi.
1634 2632 1827 2681 Bautain
1853 2634 1950 2697 ipse
1976 2634 2206 2698 agnoscit,

1193 2714 1314 2763 hanc
1338 2716 1680 2764 distinctionem
1703 2716 1950 2764 invaluisse
1969 2717 2020 2763 in
2042 2714 2210 2764 scholis

1195 2798 1453 2846 christianis
1489 2797 1625 2862 longe
1665 2807 1770 2846 ante
1810 2796 2087 2846 Cat-tesiam.
2132 2795 2211 2846 Sic

1196 2884 1323 2931 enim
1354 2875 1539 2941 scribit,
1577 2876 1882 2947 Philosophie
1921 2879 1988 2926 du
2022 2875 2208 2929 Christ.

1196 2974 1309 3012 tom.
1331 2981 1369 3024 1,
1393 2979 1504 3030 pag.
1523 2959 1619 3027 267
1642 2959 1744 3011 :La
1763 2961 2043 3026 dialectique
2058 2960 2214 3010 s’etat't

1193 3044 1424 3111 qlissee...
1456 3045 1580 3093 dam
1618 3044 1682 3092 les
1725 3043 1870 3093 booles
1914 3043 2212 3092 obretiennes

1198 3131 1264 3177 du
1288 3130 1605 3194 moyen-aye,
1642 3137 1688 3175 et
1719 3126 1804 3176 elle
1838 3128 1970 3175 avait
1998 3128 2155 3175 reussi
2179 3126 2212 3174 ἅ

1190 3213 1322 3278 faire
1349 3214 1501 3261 croire
1517 3228 1719 3277 presque
1747 3209 2098 3275 qeneralemem
2122 3226 2213 3275 que

1195 3293 1412 3342 l'homme
1442 3294 1674 3359 pertenit,
1711 3309 1808 3358 par
1843 3292 1889 3341 la
1928 3291 2055 3341 seule
2082 3292 2213 3357 force

1198 3376 1254 3424 de
1284 3393 1369 3424 son
1404 3378 1581 3443 esprit,
1625 3374 1812 3423 s’elever
1842 3375 1872 3423 ὰ
1906 3373 1953 3422 Ia
1986 3375 2213 3423 connais-

1197 3474 1342 3507 sance
1367 3458 1447 3506 des
1477 3459 1647 3506 veritas
1675 3455 2054 3521 fundamentales
2088 3454 2146 3503 de
2164 3453 2212 3502 Ia

1197 3541 1552 3607 metaphysique
1563 3576 1580 3602 ‚
1607 3538 1733 3588 telles
1754 3557 1845 3605 que
1872 3539 2138 3587 l’ezcistenoe
2153 3536 2212 3584 de

1199 3622 1368 3680 Dieu,
1404 3620 1748 3671 l'immortalite
1770 3623 1827 3670 de
1856 3620 2022 3678 l‘dme,
2050 3628 2140 3668 etc.
