2502 4134
383 175 543 212 mur.
592 174 654 210 11.
698 172 847 209 επιστ.
900 171 962 206 11.
1004 170 1126 207 cu».
1176 170 1237 206 11.
1286 170 1353 206 nu
1399 170 1527 205 mun.
1579 169 1708 207 cun,
1756 167 1918 207 TRAD.
2095 145 2209 204 301

184 316 321 375 458.
371 313 536 388 Quod
587 314 632 372 si
677 311 1041 371 scholasticos
1097 309 1563 383 consideremus,
1618 321 1906 392 quatenus
1947 308 2211 370 doctores

104 422 241 471 sunt
270 457 285 486 ‚
329 408 608 469 debemus
665 407 803 489 ipsis
839 430 868 464 a
903 406 1124 465 fortiori
1159 416 1360 487 aptare
1382 450 1398 478 ,
1440 403 1598 486 quod
1628 404 1702 464 de
1738 407 1977 466 Patrum
2005 416 2213 462 aucto-

104 506 273 566 ritate
299 504 648 563 disserentes
672 502 944 560 diximus.
980 499 1272 560 Debemus
1298 498 1567 559 videlicet
1588 498 1653 557 in
1682 500 1884 580 primis
1913 520 2213 559 secernere

104 599 397 679 objectum
430 620 461 657 a
494 598 713 657 motivo
740 618 837 655 seu
870 619 902 655 a
933 583 1227 654 rationum
1261 606 1322 653 et
1349 604 1828 672 argumentorum
1854 595 2169 653 momentis
2194 638 2211 669 ,

105 694 315 777 quibus
353 692 499 752 illud
540 693 854 751 adstruunt
897 714 963 752 ac
1001 698 1410 773 propugnant3
1448 686 1732 746 debemus
1781 701 2062 770 praeterea
2091 689 2216 748 dis-

106 810 338 871 pescere
360 834 374 861 .,
415 808 541 870 quae
586 798 926 869 proponunt
954 797 1020 845 ut
1058 784 1196 844 fidei
1231 795 1292 853 et
1327 782 1586 842 Ecclesiae
1632 781 1991 860 doctrinam,
2031 807 2063 843 a
2100 785 2216 844 sin-

106 883 370 963 gulorum
402 893 503 941 aut
523 881 778 964 plurium
804 882 978 941 etiam
997 879 1224 962 placitis
1250 889 1310 938 et
1331 877 1634 938 sententiis
1651 922 1666 951 7
1695 900 1836 958 quas
1859 891 2213 961 sequuntur-3

107 978 306 1037 rimari
343 978 726 1037 fundamenta
747 1023 762 1051 ,
808 975 1019 1058 quibus
1050 976 1386 1033 innituntur
1407 1018 1423 1046 ,
1466 995 1582 1054 quo
1617 993 1788 1033 sensu
1826 976 2217 1058 verescripsit

110 1076 299 1134 Canus
328 1097 341 1132 :
386 1075 677 1133 Plurium
715 1075 1046 1130 auctoritas
1074 1071 1326 1128 obruere
1368 1069 1695 1149 theoloqum
1733 1089 1852 1128 non
1875 1071 2074 1140 debet,·
2097 1073 2215 1143 sed,

108 1172 165 1227 si
183 1188 409 1247 paucos
436 1170 593 1225 viros
615 1166 783 1224 modo
797 1185 1011 1244 graves
1030 1184 1228 1221 secum
1253 1160 1471 1221 habeat
1484 1205 1508 1234 ,
1523 1167 1747 1241 poterit
1770 1185 1913 1222 sane
1935 1167 2216 1226 adversus

101 1266 401 1342 plurimos
431 1272 606 1320 stare.
657 1260 800 1319 Non
837 1262 1001 1316 cuim
1045 1279 1294 1316 numero
1334 1258 1457 1318 haec
1483 1258 1892 1337 judicantur,
1928 1262 2034 1319 sed
2056 1283 2216 1341 pon-

108 1358 240 1416 dere
274 1356 382 1436 (l).
428 1356 576 1413 Sane
619 1354 910 1413 cernimus
949 1352 1286 1421 interdum„
1340 1353 1692 1433 peculiarem
1734 1354 2072 1435 opinionem
2116 1367 2218 1417 aut

107 1471 476 1510 communem
514 1461 634 1508 aut·
661 1450 780 1509 fere
822 1470 1198 1508 communem
1237 1447 1311 1506 ab
1357 1437 1597 1530 longum
1635 1451 1916 1531 temporis
1967 1462 2218 1512 tractum

108 1545 351 1624 viguisse
372 1590 388 1619 .,
414 1566 543 1626 quae
571 1557 772 1626 *postea
794 1538 981 1604 veluti
1009 1541 1409 1625 improbabilis
1430 1589 1446 1618 ‚
1472 1556 1573 1604 aut
1601 1545 1779 1605 etiam
1811 1544 1948 1604 falsa
1965 1590 1983 1620 ‚
2008 1550 2218 1624 rejecta

97 1659 160 1698 ac
197 1639 492 1698 eliminata
533 1651 620 1699 cst
654 1640 766 1718 (2).
814 1638 1214 1717 Adjiciendum
1239 1639 1479 1721 insuper
1503 1651 1631 1711 est,
1678 1661 1786 1699 nos
1827 1639 2043 1701 debere
2071 1641 2216 1702 vitia

98 1732 355 1815 plurium
391 1746 491 1792 aut
539 1734 876 1816 pauciorum
916 1733 1392 1793 scholasticorum
1442 1735 1678 1817 proprisi
1713 1757 1746 1794 a
1785 1734 2064 1795 methodo
2095 1738 2219 1819 ipsa

97 1827 430 1887 scholastica
458 1850 777 1889 secernere.
806 1830 939 1888 Haec
966 1828 1119 1888 bona
1157 1841 1278 1906 est,
1311 1850 1377 1888 ac
1397 1828 1718 1912 plurimum
1742 1832 1986 1893 inservit
2011 1830 2086 1890 ad
2108 1831 2219 1891 hae-

99 1926 408 1983 reticorum
443 1925 800 2006 sophismata
830 1924 1154 2007 detegenda
1176 1970 1192 1999 a
1238 1925 1314 1985 ad
1349 1937 1568 1985 statum
1589 1927 1925 2007 quaestionis
1953 1913 2220 2009 apprinie

102 2018 613 2079 determinandum
633 2066 648 2095 .,
678 2021 750 2079 ad
768 2020 1102 2080 claritatem
1133 2020 1584 2080 consectandam
1607 2066 1624 2096 .,
1648 2020 1906 2103 aliosque
1942 2020 2019 2079 ad
2060 2043 2216 2080 usus.

104 2114 251 2173 Vitia
277 2125 472 2176 autem
493 2161 507 2190 ,
536 2135 663 2197 quae
692 2116 1054 2198 irrepserunt
1087 2137 1157 2175 ex
1189 2114 1342 2175 illius
1376 2114 1561 2175 abusu
1583 2161 1599 2191 ‚
1625 2136 1868 2198 quaeque
1896 2116 2086 2176 Canus
2129 2114 2219 2196 (3)

179 2331 247 2395 (1)
287 2331 389 2381 Lib.
421 2350 500 2380 vm
522 2369 535 2392 ‚
572 2349 676 2397 cap.
710 2332 743 2396 4
762 2370 775 2390 ,
805 2352 857 2381 n.
898 2349 941 2381 1.
1206 2334 1291 2380 vim
1304 2332 1454 2396 diyua
1469 2332 1797 2380 lucubratione
1816 2331 2223 2384 anicularum.Et

174 2418 239 2480 (2)
275 2415 495 2480 Exemplo
520 2416 577 2463 sit
598 2416 823 2463 sententia
850 2413 908 2462 dc
930 2412 1117 2462 materia
1204 2429 1314 2460 cum
1345 2415 1402 2460 in
1430 2413 1509 2461 liis
1534 2427 1778 2461 sacrorum
1795 2412 2076 2462 Bibliorum
2091 2415 2223 2462 testi-

107 2499 333 2549 essentiali
369 2498 653 2546 Sacramenti
687 2495 872 2544 Ordinis
896 2534 910 2557 ,
944 2497 1117 2544 consis-
1207 2497 1372 2543 monia
1421 2496 1673 2542 rarissima
1713 2496 1842 2556 sint,
1892 2494 2222 2545 conciliorum

107 2591 233 2632 tente
277 2584 326 2628 in
374 2579 620 2628 traditione
660 2580 1078 2628 instrumentorum
1102 2615 1115 2638 ,
1207 2578 1382 2626 mentio
1395 2575 1559 2636 nulla,
1580 2575 1711 2624 nihil
1721 2592 1781 2625 em
1793 2578 2009 2642 antiquis
2021 2572 2224 2626 Sanctis

108 2680 213 2730 quae
247 2679 372 2711 nunc
397 2664 474 2709 vix
501 2660 702 2709 obsoleta
732 2678 828 2708 uon
856 2669 956 2721 est,
996 2661 1118 2726 apud
1207 2657 1361 2707 oleant
1381 2695 1394 2718 ‚
1423 2656 1553 2706 nihil
1576 2675 1638 2706 uo
1670 2675 1728 2706 ca:
1758 2660 1903 2723 qravi
1917 2658 2224 2726 philosophia

106 2745 406 2794 Scholasticos
423 2754 575 2792 tamen
589 2746 849 2792 communis
861 2743 1117 2792 erat.Idem
1206 2742 1431 2806 quidem,
1468 2740 1550 2788 sed
1575 2741 1677 2805 fere
1710 2758 1736 2790 s
1763 2740 2041 2808 puerilibus
2073 2741 2224 2791 disci·

109 2844 205 2876 non
236 2829 394 2892 paucis
428 2826 527 2874 aliis
559 2825 856 2890 opinionibus
891 2827 1117 2890 contigit,
1203 2823 1357 2889 pliuis
1391 2824 1662 2872 scholastici
1698 2833 1915 2887 tument,
1956 2828 2002 2872 si
2036 2827 2223 2891 superis

111 2928 224 2976 quas
273 2910 462 2975 longum
515 2917 632 2958 esset
683 2908 949 2973 singillatim
1004 2926 1121 2958 enu-
1200 2906 1389 2972 placet,
1435 2906 1635 2972 theoloqi
1672 2915 1934 2968 vocamur3
1967 2923 2053 2955 uec
2087 2906 2222 2956 scho-

108 3010 300 3042 merare.
396 3009 400 3012 ’
1206 2987 1369 3037 lastici
1395 2999 1534 3048 sunt,
1572 2989 1748 3037 nedum
1781 2988 2006 3054 theoloqt‘‚
2033 2991 2117 3056 qui
2141 3005 2217 3038 so·

176 3073 242 3138 (3)
277 3075 378 3123 Lib.
397 3090 503 3135 vin,
536 3091 640 3139 cap.
667 3091 682 3121 1
704 3110 717 3132 ‚
737 3073 818 3122 ubi
839 3076 959 3122 inter
972 3085 1120 3122 cetera
1200 3066 1499 3137 phismatum
1531 3070 1732 3137 phrases
1769 3073 1825 3119 iu
1863 3069 2071 3120 scholam
2101 3070 2223 3136 infli-

114 3156 266 3204 scribit
305 3173 318 3204 ε
357 3155 580 3221 Intelliyo
630 3163 791 3204 autem
811 3193 825 3218 ,
863 3156 1020 3220 fuisse
1064 3157 1119 3203 iu
1205 3161 1434 3211 rentes‚et
1450 3153 1513 3200 ad
1526 3154 1677 3201 risum
1691 3153 2221 3208 virosdoctosiucitant,

111 3235 266 3284 schola
283 3237 506 3302 quosdam
520 3236 749 3303 theoloqos
765 3237 1116 3303 adscriptitios,
1205 3245 1249 3284 ot
1279 3235 1573 3284 delicatiores
1608 3235 1673 3283 ad
1707 3243 2087 3301 contemptum...
2126 3234 2223 3284 In-

111 3318 196 3379 qui
229 3320 474 3368 universas
508 3321 791 3384 quoestionss
834 3318 1117 3384 theoloyicas
1206 3316 1363 3383 tolliqo
1388 3319 1558 3378 etiam,
1585 3319 1643 3364 iu
1658 3315 1814 3365 schola
1829 3315 1984 3381 fuisse
2006 3318 2221 3368 nonnul·

104 3396 292 3460 frivolis
307 3405 598 3464 arqumentis
613 3401 940 3463 absolverunt,
966 3411 1011 3449 et
1030 3418 1118 3449 va·
1204 3399 1272 3449 los
1289 3436 1306 3462 ‚
1338 3399 1481 3465 quasi
1509 3398 1574 3447 ad
1604 3399 1896 3448 discordiam
1931 3409 2068 3458 natos
2086 3437 2099 3460 ‚
2139 3403 2222 3464 qui

111 3479 190 3524 uis
215 3478 531 3546 invalidisque
559 3483 854 3532 ratiunculis
882 3500 1113 3549 maquum
1196 3489 1299 3530 tum
1316 3483 1491 3549 optime
1511 3482 1792 3531 disseruisse
1814 3498 1863 3530 sc
1875 3491 2056 3549 putam
2070 3519 2083 3542 ,
2109 3484 2221 3530 cum

102 3559 293 3623 pondus
321 3561 458 3611 rebus
471 3567 771 3628 ¹qrcwissimis
788 3565 1111 3628 detrahentes,
1197 3573 1363 3613 contra
1391 3564 1598 3613 doctores
1625 3562 1840 3612 dixerint
1858 3603 1870 3625 ,
1912 3572 1967 3611 ut
1998 3580 2097 3611 mm
2122 3572 2221 3610 tam

110 3639 358 3690 ediderunt
386 3644 441 3690 iu
469 3644 744 3711 theoloqiam
767 3650 1113 3698 commentaria
1198 3664 1361 3698 verum
1381 3648 1622 3698 iuvenisse
1639 3640 1753 3697 velle
1770 3648 2056 3707 videantur,
2076 3662 2220 3712 quam
