2502 4134
238 141 365 202 554
868 165 1068 204 macr.
1115 166 1187 203 mi
1230 167 1383 206 ιοαιε
1426 170 1797 214 τειιςοιοαισιε.

243 330 383 372 vero
425 308 775 369 recentiores
825 308 1229 368 protestantes
1249 354 1265 383 ,
1314 308 1390 369 ad
1432 314 1880 391 mystioiemum
1922 341 1988 380 ac
2029 325 2382 405 pietismum

242 404 438 466 nescio
468 423 647 485 quem
675 401 922 485 dilapsi,
952 401 1101 463 adeo
1141 415 1367 464 arctam
1411 407 1782 468 contendunt
1814 411 2096 476 unionem
2130 438 2256 479 esse
2278 417 2384 476 Dei

242 522 376 561 cum
417 499 658 559 homine
689 502 851 577 justo
873 545 888 572 ,
933 510 1001 558 ut
1041 501 1529 562 substantialiter
1560 505 1752 564 Deum
1789 526 1924 565 cum
1961 527 2032 567 eo
2065 513 2382 593 conjungi,

240 599 360 656 imo
402 606 462 654 et
500 616 637 655 cum
683 615 753 654 eo
800 595 922 656 sere
954 595 1420 658 substantialiter
1467 599 1814 660 identificari
1855 613 2200 680 autument,
2236 608 2383 667 toti-

241 693 497 774 demque
532 691 659 751 fieri
695 689 879 752 veluti
912 696 1400 764 incarnationes,
1429 707 1574 776 quot
1606 697 1751 774 justi
1783 696 2135 758 efficiuntur.
2165 699 2379 778 Objur-

239 800 383 870 gant
410 786 657 870 proinde
695 786 1025 848 Catholicos
1045 834 1061 864 ,
1105 790 1265 872 quod
1295 790 1540 850 nimiam
1582 793 1773 859 Deum
1807 792 1970 855 inter
1994 805 2055 854 et
2084 794 2386 858 hominem

239 884 586 944 distantiam
622 883 948 959 collocent,
986 883 1131 944 dum
1178 886 1418 945 nonnisi
1452 888 1883 949 accidentalem
1926 893 2206 951 unionem
2240 912 2382 973 pro-

237 991 513 1066 pugnant
540 980 698 1040 inter
741 981 843 1040 Dei
886 981 1134 1061 gratiam
1175 993 1235 1042 et
1262 983 1524 1043 animam
1553 985 1697 1062 justi
1739 985 1851 1066 (l).
1888 987 2181 1046 Nimirum
2208 990 2384 1048 semel

239 1099 305 1138 ac
343 1077 433 1142 via
475 1077 745 1138 veritatis
782 1075 1076 1137 deseritur
1100 1123 1115 1153 7
1159 1099 1347 1160 prona
1379 1090 1469 1139 est
1503 1101 1571 1141 ac
1596 1101 1856 1163 praeceps
1887 1081 1961 1142 ad
1987 1082 2253 1165 opposita
2293 1103 2390 1143 ex-

241 1184 429 1234 trema
450 1171 783 1256 prolapsi03
817 1174 985 1233 Dum
1020 1176 1218 1232 vitant
1234 1176 1413 1234 stulti
1432 1177 1617 1244 vitia,
1651 1180 1723 1236 in
1746 1181 2066 1237 contraria
2097 1189 2382 1239 currunt.

323 1269 467 1329 315.
517 1269 608 1330 Ad
646 1270 753 1344 5¹¹¹,
810 1271 968 1328 Dist.
1005 1271 1232 1352 Nempe
1266 1291 1334 1330 eo
1365 1271 1495 1353 ipso
1525 1271 1685 1354 quod
1723 1293 1927 1333 recens
1964 1273 2386 1356 protestantis-

238 1387 373 1425 mus
416 1387 696 1448 supremo
732 1365 916 1446 gradu
945 1365 1126 1425 fidem
1161 1388 1222 1427 se
1275 1366 1575 1449 possidere
1601 1372 1821 1447 jactat,
1859 1370 2021 1428 omni
2053 1369 2171 1429 fide
2206 1368 2389 1429 desti-

241 1473 402 1523 tutus
429 1474 550 1539 est,
582 1483 746 1522 conc.
769 1483 790 1532 ;
825 1483 964 1524 vere
991 1461 1165 1522 fidem
1206 1461 1468 1544 possidet
1487 1508 1505 1539 .‚
1536 1486 1667 1544 neq.
1692 1464 1955 1524 Possidet
2004 1466 2164 1525 enim
2195 1467 2390 1542 subje-

238 1568 466 1622 ctivum
495 1565 947 1643 fanatismum,
970 1562 1072 1643 qui
1111 1583 1292 1622 novas
1316 1560 1644 1621 identidem
1674 1562 1891 1621 formas
1922 1573 2210 1639 assumet,
2248 1583 2383 1621 cum

237 1680 394 1720 nova
430 1679 679 1741 quaeque
717 1656 877 1740 apud
917 1655 1088 1715 illum
1128 1656 1357 1716 theoria
1391 1656 1789 1739 praevaluerit.
1823 1656 1990 1716 Fides
2036 1668 2383 1738 protestan-

237 1755 431 1830 tismi,
480 1755 527 1814 si
576 1754 687 1814 hoc
725 1754 812 1812 uti
860 1753 1103 1812 nomine
1150 1751 1436 1824 velimUS,
1483 1771 1715 1834 semper
1757 1754 2104 1831 temporalis
2150 1763 2271 1827 est,
2318 1771 2385 1810 ac

236 1849 485 1934 proinde
512 1848 712 1924 nulla7
757 1847 1241 1931 quandoquidem
1261 1847 1480 1927 jugiter
1509 1845 1731 1929 pendet
1767 1845 1842 1907 ab
1870 1847 2182 1906 hominum
2208 1846 2383 1906 adin-

240 1947 465 2022 ventiS‚
517 1966 646 2027 quae
688 1966 826 2005 eum
877 1945 1250 2005 dextrorsum
1295 1954 1397 2002 aut
1440 1941 1847 2002 sinistrorsum
1897 1942 2180 2015 trahunt,
2224 1941 2384 2002 haud

238 2064 399 2104 secus
436 2063 503 2101 ao
546 2042 609 2101 in
636 2041 847 2123 amplis
881 2041 1082 2101 Africae
1124 2039 1372 2100 desertis
1417 2038 1616 2119 magni
1651 2038 1739 2098 illi
1777 2060 2093 2099 arenarum
2128 2038 2380 2113 cumuli,

239 2139 342 2224 qui
364 2186 381 2217 a
409 2149 588 2222 prout
622 2161 654 2197 a
687 2139 880 2199 ventis
909 2138 1207 2219 agitantur
1241 2147 1301 2197 et
1327 2134 1800 2218 compelluntur,
1839 2146 1898 2197 et
1934 2134 2133 2197 sedem
2158 2137 2382 2195 immu-

239 2247 407 2311 tant,
453 2246 513 2296 et
546 2257 732 2297 novas
766 2246 1055 2319 perpetuo
1089 2233 1310 2293 formas
1344 2244 1680 2294 assumunt.

1036 2454 1451 2510 PROPOSITIO
1489 2455 1558 2508 ΙΙ.

239 2620 336 2680 Ab
376 2620 683 2680 essentiali
694 2618 1182 2700 protestantismi
1211 2614 1630 2675 constitutione
1675 2632 1750 2671 ac
1787 2620 2019 2671 natura
2057 2612 2385 2670 necessario

845 2712 1106 2795 profluit
1137 2711 1630 2779 rationalismus,
1659 2729 1760 2768 seu

363 2827 436 2886 Si
461 2829 992 2907 protestantismus
1027 2832 1112 2882 est
1140 2842 1349 2894 verus,
1378 2821 1581 2901 falsus
1604 2828 1690 2878 est
1727 2818 2240 2877 christianismm.

324 3044 466 3105 316.
514 3041 1027 3104 Protestantismus
1046 3086 1063 3115 ‚
1091 3038 1277 3122 qualis
1297 3061 1329 3098 a
1348 3036 1606 3098 Luthero
1620 3036 1882 3118 primum
1917 3031 2174 3116 prodivit
2193 3075 2209 3105 ,
2237 3027 2379 3088 bifa-

244 3141 393 3201 riam
415 3140 664 3223 spectari
687 3138 897 3212 debet,
937 3149 1069 3198 tum
1099 3157 1316 3218 nempe
1346 3135 1409 3194 in
1441 3135 1693 3195 essentia
1714 3179 1729 3207 7
1771 3153 1874 3194 seu
1904 3141 2111 3190 natura
2141 3136 2202 3186 et
2233 3146 2375 3184 con-

244 3237 550 3298 stitutione
591 3259 732 3311 sua,
779 3247 909 3295 tum
955 3236 1015 3294 in
1061 3255 1164 3294 sua
1196 3232 1385 3292 forma
1428 3228 1700 3291 exteriori
1739 3239 1799 3289 et
1843 3220 2216 3311 accidentali3
2270 3217 2378 3279 sub

312 3443 378 3509 (l)
413 3441 695 3492 Recolantur
717 3480 731 3504 ,
777 3458 884 3510 quae
926 3458 1011 3490 nos
1055 3441 1265 3506 superius
1349 3455 1444 3506 quo
1478 3454 1649 3496 sensu,
1681 3437 1808 3501 juxta
1830 3429 2039 3497 plurium
2059 3428 2377 3493 theologorum

242 3527 564 3577 adnotavimus
594 3524 653 3574 de
684 3525 773 3573 hac
810 3524 894 3574 Dei
925 3542 1035 3573 cum
1072 3523 1266 3572 homine
1348 3521 1658 3576 sententiam,
1681 3515 1773 3565 dici
1799 3513 1937 3579 possit
1960 3509 2231 3579 hujusmodi
2265 3509 2378 3557 unio

243 3611 577 3677 conjunctione
608 3626 690 3674 per
723 3608 1008 3657 charitatem
1034 3605 1276 3674 diffusam·
1349 3598 1683 3652 substantialis
1701 3636 1714 3659 ‚
1751 3597 2105 3663 explicavimus.

243 3695 302 3742 in
343 3692 565 3744 cordibu·
603 3692 814 3755 matris,
867 3711 917 3741 n.
973 3689 1099 3753 130,
1146 3688 1263 3750 ubi,
1315 3711 1318 3714 *
