2502 4134
283 137 403 196 244
879 159 1076 196 rnAoT.
1122 161 1190 196 ως
1233 160 1385 198 mols
1430 163 1813 203 rnnonocmis

283 305 432 362 dum
482 303 868 361 traditionem
911 301 1263 369 hominum‚·
1318 301 1389 360 3⁰
1442 314 1842 388 testaturque,
1893 310 2089 368 omnia
2135 310 2195 368 in
2236 314 2408 372 sacris

282 397 505 471 Libris,
558 415 686 477 quae
724 394 800 453 ad
835 392 1084 455 salutem
1129 395 1339 455 saltem
1383 400 1706 459 necessaria
1744 414 1914 478 sunt,
1969 405 2291 480 contineri,
2346 419 2412 466 ut

290 494 475 574 liquet
517 513 590 551 ex
635 492 700 551 iis
742 511 870 573 quae
912 492 1037 574 ipse
1066 490 1268 551 scribit
1297 492 1609 574 Apostolus
1636 498 1687 554 ΙΙ
1711 496 1963 559 Timoth.
1990 502 2101 576 111,
2132 503 2236 559 16:
2267 503 2413 563 Om-

282 594 380 647 nis
426 588 755 666 Scriptura
804 588 1108 646 divinitus
1156 591 1502 667 inspirata,
1540 593 1709 650 utilis
1747 592 1770 670 (
1802 614 2018 676 nempe
2060 598 2352 675 sufficiens
2387 599 2411 677 )

283 694 366 742 cst
404 683 490 743 ad
525 684 894 757 docendum,
930 685 1018 742 ad
1050 684 1471 763 aryucndum,
1512 686 1598 743 ad
1620 690 2110 766 corripiendum,
2156 694 2239 751 ad
2263 715 2413 752 eru-

279 780 573 838 diendum
611 783 680 838 in
701 783 996 858 justz'tz‘a,·
1031 791 1099 837 ut
1124 784 1429 858 perfectus
1468 785 1550 839 sit
1582 783 1750 842 lzomo
1789 784 1909 842 Dei
1950 787 2037 843 ad
2065 807 2236 846 omne
2268 810 2414 867 opus

277 877 504 935 honum
538 880 895 934 instructus.
935 875 1196 935 Profecto
1219 920 1235 946 ,
1279 876 1381 957 qui
1415 875 1551 935 solis
1595 879 1909 959 Scripturis
1941 885 2243 960 perfectus
2276 903 2415 946 eva-

277 972 415 1031 dere
442 982 665 1052 potest,
703 982 763 1030 et
800 969 874 1030 ad
902 992 1073 1030 omne
1119 992 1269 1050 opus
1304 973 1531 1030 honum
1559 978 1927 1052 instructus,
1962 975 2127 1035 nullo
2149 976 2260 1037 alio
2282 978 2416 1038 sub-

278 1066 424 1126 sidio
464 1065 686 1146 indiget
723 1066 799 1126 ad
836 1065 1087 1126 salutem
1127 1065 1531 1126 obtinendam.
1578 1068 1667 1127 Sic
1704 1071 1885 1129 etiam
1920 1071 2206 1132 S.’Lucas
2241 1076 2302 1149 Ι,
2338 1073 2412 1150 3,

277 1163 478 1222 scribit
507 1185 522 1221 :
566 1163 775 1222 Visum
808 1173 891 1222 est
922 1174 975 1220 ct
1001 1164 1189 1236 mihi,
1214 1174 1473 1223 assecuto
1500 1168 1706 1223 omnia
1729 1188 1768 1224 a
1797 1170 2118 1246 principio
2154 1170 2415 1251 dz'liqen-

278 1271 401 1329 ter,
442 1281 514 1318 ea·
557 1260 767 1318 ordine
807 1260 928 1317 tibi
972 1260 1251 1317 scrihere.
1309 1259 1374 1317 4⁰
1414 1260 1638 1333 Quare,
1693 1263 1926 1320 tametsi
1977 1262 2249 1339 daretur,
2295 1286 2416 1325 non

278 1357 475 1417 omnia
510 1377 746 1438 prorsus
793 1356 856 1414 in
898 1356 1212 1437 Scripturis
1251 1357 1583 1430 contineri,
1630 1379 1760 1439 quae
1805 1358 2070 1418 Christus
2107 1362 2277 1439 gessit
2314 1373 2416 1422 aut

274 1452 471 1514 docuit
494 1495 510 1519 ,
546 1451 643 1511 illa
678 1462 877 1511 tamen
900 1498 916 1526 ,
964 1473 1093 1534 quae
1131 1453 1195 1510 in
1239 1473 1430 1512 sacros
1472 1452 1698 1513 codices
1737 1454 1919 1514 relata
1955 1468 2131 1531 sunt,
2179 1457 2254 1516 ad
2293 1479 2359 1517 ea
2383 1503 2399 1534 ,

273 1567 402 1631 quae
439 1547 588 1607 scitu
624 1559 682 1607 et
726 1545 952 1606 creditu
999 1548 1322 1607 necessaria
1362 1559 1537 1622 sunt,
1584 1548 1819 1609 abunde
1859 1550 2157 1609 sufficiunt
2185 1597 2201 1626 ,
2242 1557 2413 1631 juxta

274 1643 422 1703 illud
476 1646 647 1702 Joan.
703 1644 843 1715 XX,
886 1642 959 1700 31
999 1664 1012 1699 ι
1073 1643 1223 1700 Hoec
1258 1653 1465 1700 autem
1507 1646 1735 1722 scripta
1781 1656 1961 1716 sunt,
2015 1657 2083 1705 ut
2113 1648 2412 1719 credatis,

276 1746 424 1820 quia
453 1742 635 1801 Iesus
653 1749 737 1798 est
769 1738 1044 1799 Christus
1061 1740 1231 1817 filius
1255 1742 1403 1805 Dei5
1428 1749 1484 1796 et
1507 1749 1578 1797 ut
1601 1740 1900 1799 credentes
1933 1746 2123 1800 vitam
2147 1743 2417 1803 habeatis

276 1841 346 1897 in
380 1840 624 1897 nomine
656 1841 803 1916 ejus,
835 1837 1001 1915 Ergo.

363 1933 505 1993 358.
555 1935 728 2015 Resp.
770 1931 858 1992 Ad
898 1933 998 2005 1¹1¹,
1038 1932 1190 2011 Ney.
1233 1933 1323 1992 Ad
1353 1934 1432 1992 lm
1474 1932 1646 2015 prob.
1690 1943 1926 2008 autem,
1965 1934 2125 1992 Disc.
2156 1933 2417 1994 Christus

280 2031 468 2110 arguit
520 2028 839 2110 pharisaeos
861 2073 877 2102 ,
928 2049 996 2086 eo
1040 2028 1198 2109 quod
1225 2027 1568 2088 admiserint
1593 2028 1934 2088 traditiones
1958 2028 2246 2088 humanas
2270 2075 2285 2105 ,
2317 2051 2418 2089 seu

277 2126 473 2207 potius
498 2122 952 2184 consuetudines
975 2143 1048 2182 ex
1071 2122 1212 2182 falsa
1233 2125 1350 2182 Scri
1355 2136 1666 2205 pturarum
1687 2125 2182 2206 interpretatione
2210 2147 2417 2207 super-

280 2220 548 2280 inductas
574 2266 591 2289 ,
643 2239 836 2287 conc-5
886 2219 1230 2279 traditiones
1271 2219 1500 2280 divinas
1550 2241 1615 2279 ac
1666 2221 1906 2302 proprie
1945 2219 2127 2279 dictas
2152 2220 2417 2301 ,quales

285 2327 486 2376 tuetur
512 2314 757 2375 Ecclesia
784 2313 1064 2373 catholica
1086 2360 1102 2389 ,
1137 2337 1267 2395 neq.
1305 2314 1372 2373 Id
1383 2326 1548 2397 patet
1568 2337 1640 2374 ex
1665 2314 1956 2374 substrata
1981 2316 2222 2376 materia
2239 2361 2255 2391 ,
2288 2337 2415 2398 quae

283 2411 457 2471 estde
487 2423 576 2471 tot
596 2408 1043 2469 lustrationibus
1064 2455 1089 2490 ,Γ
1113 2432 1257 2492 quas
1286 2421 1421 2492 post
1434 2404 1846 2491 babylonicam
1874 2413 2202 2494 praesertim
2226 2413 2414 2494 capti-

280 2508 523 2570 vitatem
564 2529 683 2566 una
713 2527 848 2566 cum
890 2505 1015 2565 aliis
1053 2505 1260 2566 ritibus
1301 2507 1675 2589 frequentare
1710 2519 2033 2590 coeperant.
2074 2511 2229 2567 Dum
2273 2529 2412 2569 vero

273 2602 413 2685 plus
450 2624 613 2686 aequo
649 2603 738 2662 his
781 2604 1153 2678 insisterent,
1190 2604 1360 2685 parvi
1395 2602 1719 2678 faciebant,
1756 2615 1858 2662 aut
1897 2604 2075 2663 etiam
2118 2613 2407 2663 extenua-

279 2698 427 2758 bant
476 2699 744 2760 divinum
796 2699 1139 2758 mandatum
1195 2700 1268 2757 de
1310 2698 1573 2775 honore,
1612 2720 1727 2781 quo
1778 2698 1882 2758 filii
1912 2711 2186 2781 parentes
2222 2698 2409 2759 colere

279 2794 638 2855 tenebantur
672 2797 781 2877 (l).
822 2794 977 2870 Quid
1006 2816 1145 2855 vero
1187 2794 1472 2873 ejusmodi
1498 2794 1950 2855 consuetudines
1980 2806 2039 2854 et
2071 2797 2216 2853 ritus
2246 2815 2408 2853 com-

278 2911 456 2951 mune
502 2890 728 2952 habent
768 2913 903 2950 cum
939 2889 1349 2950 traditionibus
1382 2889 1723 2969 dogmaticis
1746 2935 1760 2964 ,
1802 2889 1875 2949 de
1918 2889 2130 2971 quibus
2168 2889 2256 2947 his
2281 2889 2404 2968 agi-

278 2988 454 3047 mus?
488 2987 851 3048 Traditiones
895 3009 1071 3070 porro
1114 2987 1177 3045 in
1218 3008 1354 3047 vera
1383 3007 1485 3046 sua
1522 2985 1943 3065 significatione
1975 2996 2237 3067 acceptas
2273 3005 2406 3066 sup-

273 3097 507 3163 ponunt
551 3097 609 3145 et
669 3082 1089 3144 commendant
1144 3104 1320 3143 sacrae
1377 3083 1639 3155 Litterae,
1691 3092 1821 3139 tum
1862 3080 1999 3140 locis
2046 3078 2221 3161 paulo
2267 3091 2405 3139 ante

348 3261 416 3327 (1)
454 3262 553 3311 cfr.
596 3262 889 3312 Maldonatus
908 3299 923 3323 ,
958 3264 1026 3310 rin
1073 3259 1166 3309 loc.
1213 3263 1292 3309 cit.
1381 3259 1561 3328 daicae,
1585 3257 1770 3306 Dresdae
1792 3256 1947 3322 1733,
1973 3261 2024 3306 in
2040 3275 2141 3323 cap.
2159 3275 2217 3306 xv
2233 3257 2403 3309 Matth.

276 3344 479 3394 Matthaei
501 3381 514 3403 ‚
564 3362 746 3393 necnon
790 3344 979 3393 Cornel.
1032 3361 1059 3391 a
1103 3342 1295 3407 Lapide.
1381 3362 1482 3409 pag.
1507 3339 1601 3392 136
1620 3351 1663 3390 et
1679 3358 1810 3407 seqq.
1831 3341 2177 3407 etLightfootus
2198 3380 2211 3401 ,
2252 3340 2405 3390 Horae

277 3426 414 3475 Hanc
431 3425 642 3474 eamdem
662 3429 1087 3492 interpretationem
1109 3424 1299 3473 exhibet
1382 3424 1613 3474 hebraicoe
1639 3434 1685 3473 et
1724 3422 2027 3472 Talmudoeoe
2043 3458 2061 3485 ,
2096 3426 2143 3471 in
2182 3424 2401 3489 Evangel.

275 3508 475 3558 Kuinoiil
495 3543 510 3568 ‚
547 3506 732 3557 Comm.
755 3510 811 3556 in
839 3507 1022 3558 Matala.
1045 3524 1106 3555 xv
1123 3543 1136 3567 ‚
1165 3523 1192 3554 2
1208 3543 1224 3569 ‚
1248 3507 1296 3557 3.
1382 3507 1434 3558 S.
1463 3507 1696 3567 Matthaei,
1720 3525 1832 3573 opp.
1852 3506 1963 3556 edit.
1984 3506 2223 3571 Ultrajccti
2246 3503 2400 3573 1699,

274 3593 394 3641 Fuse
422 3594 562 3641 etiam
592 3593 651 3640 de
680 3592 768 3640 hoc
799 3601 1068 3657 argumento
1102 3602 1300 3657 egerunt
1382 3591 1473 3641 vol.
1501 3600 1566 3652 n,
1601 3607 1709 3658 pag.
1740 3590 1838 3640 330
1864 3598 1909 3638 et
1934 3606 2066 3656 seqq.

271 3673 624 3740 schoettgenius
638 3709 651 3735 ,
688 3672 834 3723 Horae
855 3674 1089 3724 hebr-aiom
1109 3679 1153 3722 et
1166 3671 1298 3722 chal-
