2502 4134
2063 172 2182 233 237

262 196 422 235 PART.
466 195 527 235 11.
575 195 724 231 SEC'r.
770 194 837 230 11.
886 194 1014 231 CAP.
1059 194 1100 230 1.
1148 194 1215 229 ΒΕ
1251 194 1437 231 NECES.
1483 193 1548 230 ΕΤ
1591 194 1767 230 Exls'r.
1817 196 1980 232 TRAD.

76 338 288 401 Eodem
328 335 518 396 seculo
553 335 826 414 Origenes
863 334 1178 394 Clementis
1215 333 1526 416 discipulus
1549 379 1565 408 .,
1606 344 1824 394 certam
1858 333 2059 396 volens
2088 357 2187 395 re-

72 433 265 514 gulam
284 432 567 510 assignare
589 429 664 488 ad
687 429 1100 489 secernendam
1127 429 1432 490 veritatem
1450 472 1468 503 ‚
1493 441 1770 508 provocat
1790 429 2184 512 discrepantes

73 539 252 586 sectas
280 524 354 584 ad
374 525 842 606 praedicationem
870 546 883 582 ε
922 530 1072 583 Cum
1095 525 1279 582 multi
1296 528 1447 595 sint,
1476 522 1675 581 scribit
1692 569 1708 597 ,
1734 527 1846 603 qui
1873 546 1930 583 se
1953 536 2187 604 putant

71 625 319 693 sentire,
357 642 490 698 quoe
527 621 747 679 Christi
771 631 910 678 sunt
930 664 945 692 ,
989 630 1044 677 et
1076 619 1358 676 nonnulli
1376 637 1580 675 eorum
1609 619 1846 678 diversa
1876 642 1912 677 α
1935 623 2183 699 priori-

71 718 184 775 bus
219 719 509 786 sentiant,
546 726 810 773 servetur
840 735 970 772 vero
1008 715 1392 772 ecclesiastica
1422 712 1781 790 praedicatio
1808 735 1925 792 per
1954 736 2184 774 succes-

70 815 254 871 sionis
300 812 569 869 ordinem
611 811 686 868 ab
725 810 1015 888 Apostolis
1061 808 1323 877 tradita»,
1372 817 1427 863 et
1470 828 1656 884 usque
1696 807 1782 863 ad
1805 829 2075 885 proesens
2114 815 2185 869 in

70 908 130 966 E
132 908 353 964 eclesiis
367 925 730 986 permanens
756 928 777 965 .·
794 906 901 962 illa
930 905 1052 962 sola
1076 902 1370 961 credenda
1398 912 1481 959 est
1500 903 1751 969 veritaS,
1774 923 1903 979 quae
1930 910 1999 962 in
2020 906 2189 964 nullo

71 1002 149 1058 ab
174 1003 560 1058 ecclesiastica
587 1010 642 1057 et
666 998 986 1077 apostolica
1013 997 1313 1055 discordat
1336 997 1658 1054 traditione
1684 994 1797 1076 (l).
1824 997 1893 1054 Et
1922 994 2137 1057 iterum
2162 1022 2179 1057 τ

70 1094 342 1153 Ecclesia
365 1095 441 1152 ab
458 1094 747 1172 Apostolis
770 1092 1151 1150 traditionem
1174 1094 1424 1166 suscepit
1443 1093 1624 1148 etiam
1651 1092 1929 1172 parvulis
1944 1095 2186 1175 Baptis-

76 1211 244 1247 mum
276 1191 418 1246 dare
443 1189 548 1267 (2).
589 1188 646 1244 S.
679 1185 998 1265 Cyprianus
1031 1205 1044 1242 :
1083 1184 1465 1253 Admonitos‚
1489 1184 1715 1265 inquit,
1756 1206 1861 1243 nos
1893 1190 2087 1261 scias,
2115 1200 2188 1249 ut

75 1288 144 1340 in
189 1284 367 1340 calice
412 1280 697 1359 offerendo
747 1280 1069 1338 Dominica
1127 1278 1372 1336 traditio
1429 1283 1729 1348 servetur,
1777 1300 1962 1358 neque
2013 1285 2190 1342 aliud

65 1377 179 1453 fiat
216 1397 254 1433 a
287 1376 483 1443 nohis,
530 1395 714 1452 quam
743 1373 904 1452 quod
937 1393 1051 1450 pro
1089 1373 1261 1430 nobis
1298 1374 1602 1432 Dominus
1626 1376 1810 1452 prior
1838 1378 2081 1452 fecerit,
2117 1389 2187 1436 ut

72 1472 229 1529 calia·
258 1513 273 1541 ,
335 1473 448 1547 qui
489 1470 558 1526 in
615 1472 1224 1527 commemorationem
1269 1471 1400 1545 ejus
1450 1469 1730 1546 offertur,
1776 1471 2000 1529 mixtus
2048 1476 2186 1531 vino

72 1564 355 1642 offeratur
382 1562 490 1643 (3).

156 1656 292 1716 350.
336 1655 536 1715 Seculo
567 1668 775 1737 quarto
810 1654 976 1715 ndbis
1007 1678 1130 1716 sese
1161 1657 1415 1718 offerunt
1444 1657 1776 1718 divinarum
1800 1659 2183 1720 traditionum

76 1763 385 1811 assertores
429 1751 702 1810 Eusebius
752 1753 1114 1811 Caesariensis
1149 1798 1164 1825 .,
1219 1753 1613 1834 Epiplianiu3‚
1673 1753 1910 1812 Basilius
1943 1800 1959 1829 ,
2014 1757 2184 1815 Joan.

77 1846 549 1925 ClirysostolnuS‚
600 1845 932 1905 Ambrosius
977 1859 1037 1906 et
1084 1848 1493 1927 Hieronymus
1544 1849 1691 1908 Sane
1739 1849 2014 1907 Eusebius
2052 1872 2185 1909 cum

76 1939 311 2000 dixisset
342 1987 359 2011 ,
425 1941 719 2001 Christum
776 1942 839 1999 in
907 1940 1213 2000 hominum
1279 1941 1574 2000 mentibus
1636 1943 1960 2003 doctrinam
2020 1967 2184 2004 suam

75 2035 468 2118 descripsisse,
493 2035 688 2095 subdit
713 2059 727 2094 z
765 2037 923 2116 Ejus
948 2059 1078 2096 vero
1112 2039 1471 2117 discipuli...
1492 2042 1733 2118 partim.
1760 2042 2009 2110 litteris,
2028 2063 2186 2119 par—

77 2135 187 2188 tim
228 2135 356 2189 sine
392 2134 603 2190 litteris
637 2137 818 2209 quasi
833 2136 985 2210 jure
1020 2134 1280 2211 quodam
1311 2155 1431 2192 non
1456 2138 1675 2212 scripto
1710 2137 2006 2193 servanda
2033 2157 2186 2195 com-

77 2226 445 2283 mendarunt
479 2225 587 2304 (4).
630 2226 985 2307 Epiphanius
1024 2249 1161 2285 vero
1203 2249 1216 2284 :
1268 2228 1324 2285 T
1319 2230 1615 2286 raditione
1657 2251 1915 2307 quoque,
1954 2230 2183 2310 inquit,

78 2339 224 2395 opus
252 2328 352 2376 est.
387 2318 594 2397 Neque
619 2324 779 2377 enim
812 2342 883 2378 em
913 2323 1251 2399 Scripturis
1266 2325 1400 2399 peti
1419 2334 1666 2398 possunt
1699 2327 1922 2380 omnia.
1949 2325 2186 2383 Idcirco

72 2570 177 2640 u‘orlp
195 2578 274 2622 ‘tob'
287 2579 364 2629 τῆν
384 2576 543 2640 αἵρεε-ιν
558 2570 1086 2628 συστῆσασθοιι.8ἰνονη.

71 2656 155 2704 lib.
183 2673 246 2704 vn
265 2692 280 2716 ,
312 2674 413 2721 cap.
458 2655 516 2704 16
534 2691 549 2714 ‚
569 2658 680 2705 edit.
698 2656 903 2715 Potterii,
920 2656 1086 2705 Venet.

72 2749 183 2787 tom.
211 2756 271 2797 11,
314 2757 415 2804 pag.
444 2735 565 2805 896.
598 2738 832 2803 Integrum
868 2748 1007 2803 caput
1032 2739 1089 2786 de

74 2818 163 2869 hoc
187 2825 457 2885 argumento
485 2829 567 2868 est.

147 2902 212 2966 (1)
254 2902 385 2950 Praef.
418 2903 468 2949 in
498 2901 600 2949 libr.
622 2918 656 2949 1.
686 2897 791 2967 Περὶ
824 2901 970 2967 α’ρχιῖυ
1006 2918 1089 2949 seu

80 2981 159 3031 De
170 2985 433 3050 principiis
446 3001 498 3031 n.
519 2999 547 3030 2
561 3019 574 3042 ,
599 2983 712 3032 edit.
733 2983 883 3032 Maur.
904 2994 1021 3032 tom.
1042 3000 1058 3031 1
1075 3019 1089 3045 ‚

79 3081 183 3130 pas·
210 3062 293 3129 47·
370 3130 375 3134 .

147 3145 206 3207 (⁰2)
244 3145 507 3195 Comment.
558 3148 613 3194 in
660 3149 795 3213 epist.
840 3147 904 3195 ad
944 3147 1083 3196 Rom.

81 3222 168 3273 lib.
190 3244 213 3272 v
229 3263 241 3285 ,
257 3229 304 3274 in
319 3245 417 3294 cap.
434 3243 506 3288 vl,
524 3246 631 3295 opp.
649 3230 756 3278 edit.
775 3229 915 3278 Paris.
937 3229 1082 3295 1572,

78 3322 185 3370 pag.
216 3306 328 3358 352.

152 3385 216 3450 (3)
250 3385 410 3453 Epist.
455 3409 565 3440 mn
588 3423 621 3454 ,·
645 3393 710 3440 ad
761 3392 925 3444 Caecil.
971 3393 1082 3443 edit.

80 3467 229 3516 Maur.
266 3486 312 3532 p.
354 3469 462 3534 104.

149 3550 213 3614 (lt)
251 3551 304 3600 Οἱ
338 3549 448 3610 δῗγε
479 3555 610 3605 αὑτοῦ·
637 3554 979 3620 gustantium..
1018 3551 1081 3607 va*

79 3630 159 3695 μὲν
195 3629 275 3682 διαὶ
309 3633 584 3700 γραμμοίτω
608 3675 621 3700 ,
661 3637 721 3689 ταὶ
761 3637 816 3690 δὲ
848 3637 898 3689 δι’
933 3640 1081 3708 ‹³57qu-

1173 2587 1258 2635 φων
1310 2578 1493 2638 θεωριῶν
1556 2576 1804 2637 φυλάττειν
1860 2577 2182 2646 παρεδίδου-σιν.

1173 2656 1433 2707 Demonst.
1461 2675 1633 2723 evanq.
1656 2660 1739 2708 lib.
1766 2678 1783 2707 1
1802 2698 1815 2720 ‚
1848 2679 1947 2727 cap.
1976 2660 2008 2710 8
2026 2699 2040 2726 ,
2069 2665 2190 2712 edit·

1171 2737 1319 2787 Paris.
1347 2737 1500 2799 1638,
1531 2758 1633 2805 pag.
1658 2757 1737 2807 29.
1757 2741 1822 2791 Ac
1838 2761 2019 2792 rursum
2040 2745 2183 2795 Cont.

1172 2820 1460 2868 Marcellam
1497 2824 1736 2886 Ancyrat.
1774 2824 1858 2873 lib.
1893 2842 1943 2882 ι,
1980 2843 2083 2890 cap.
2131 2844 2146 2874 1
2171 2864 2185 2885 ‚

1172 2903 1365 2951 mirifice
1394 2904 1686 2952 traditionem
1715 2904 1929 2953 Ecclesiae
1955 2907 2188 2955 catholicae

1172 2986 1349 3033 extollit
1370 3003 1478 3050 quoe
1510 3003 1539 3034 a
1564 2988 1666 3050 fine
1687 2988 1751 3034 ad
1769 2988 1918 3050 finem
1947 2980 2187 3037 terrarum

1171 3065 1497 3132 diffunditur,
1543 3085 1650 3132 quoe
1685 3086 1777 3134 per
1820 3085 1920 3116 non
1959 3069 2187 3136 scriptam

1171 3148 1475 3196 traditionem
1526 3166 1774 3197 sacrarum
1821 3149 2186 3216 Scripturarum

1170 3232 1441 3278 testimonia
1464 3232 1713 3294 confirmat
1749 3239 1794 3279 et
1824 3232 2058 3296 obsiqnat.
2095 3232 2186 3289 Tn's

1168 3308 1259 3360 olm*
1288 3313 1480 3379 περάτων
1517 3318 1604 3372 γῖς
1632 3309 1707 3365 ἕως
1727 3311 1920 3379 περάτων
1946 3321 2187 3371 καθολικῆς

1168 3395 1440 3451 Ἐκκλησ-ιάς
1472 3402 1552 3444 τοῦ
1569 3401 1706 3455 Θεοῦ,
1738 3395 1823 3451 τοὶς
1840 3396 1931 3447 oia-l
1956 3404 2036 3447 retr
2056 3395 2185 3448 Sala»

1169 3482 1348 3542 γραφῶν
1379 3474 1621 3544 μοιρτυρῖοις
1643 3516 1655 3537 ,
1694 3479 1739 3539 ἒξ
1756 3477 1962 3546 ἀγράφου
1987 3478 2187 3547 παραδο-

1169 3557 1312 3619 σέως,
1361 3558 1823 3627 ἔπισ-φροιγιζομένης.
1857 3562 1979 3611 lbid.
2012 3580 2117 3629 pag.
2153 3578 2187 3628 9

1167 3641 1380 3690 secundae
1413 3652 1534 3708 part.
1567 3643 1776 3709 ejusdem
1800 3644 1977 3694 volum.
