2502 4134
276 115 394 176 394
874 135 1069 175 macr.
1118 137 1188 175 na
1233 136 1384 175 Locis
1428 138 1809 180 Tnnotoc101s.

277 298 473 347 conc.;
516 279 578 336 in
607 276 901 335 sententia
941 288 1182 354 nostra,
1225 299 1358 357 neq.
1398 279 1548 338 Nam
1583 280 1734 340 satis*
1761 294 1886 343 erat
1932 284 2243 345 domestica
2282 298 2402 345 tra-

278 374 424 435 ditio
472 380 686 453 praeter
734 370 844 430 alia
892 372 1121 447 media7
1181 370 1391 454 quibus
1430 372 1759 434 identidem
1795 376 1995 439 divina
2037 382 2402 462 providentia

278 491 384 530 usa
411 478 500 526 est
525 465 601 525 ad
626 466 831 548 primae
870 467 1243 530 revelationis
1281 469 1552 529 notitiam
1599 469 2092 535 disseminandam
2116 477 2225 557 (1).

364 562 464 622 87.
515 561 603 621 Ad
643 563 750 630 6¹¹¹.
786 566 945 623 Dz‘st.
981 565 1280 638 Quatenus
1312 565 1614 625 immutari
1661 568 1868 648 nequit
1902 568 2061 649 quod
2104 592 2408 655 nunquam

282 659 515 729 extitit,
569 679 767 728 conc.;
804 681 1003 735 secus,
1055 683 1183 741 neq.
1235 659 1536 736 Vidimus,
1594 664 1783 721 Deum
1828 664 1990 746 prius
2024 665 2409 746 singularibus

282 753 622 815 hominibus
663 757 938 816 veritates
975 778 1107 816 suas
1137 758 1474 839 patefecisse
1511 780 1577 818 ea
1605 757 1731 839 lege
1752 804 1772 831 ,
1813 772 1879 819 ut
1907 783 1939 819 a
1977 762 2314 844 parentibus
2346 766 2409 823 in

289 848 436 910 filios
478 852 853 916 continenter
893 865 1374 935 propagarentur.
1413 855 1563 914 Cum
1603 877 1743 915 vero
1789 856 1876 915 illi
1914 858 2133 939 passim
2162 858 2413 919 officium

295 946 585 1027 ejusmodi
609 947 974 1030 negligerent
994 994 1009 1023 ,
1049 961 1151 1008 aut
1183 950 1458 1010 veritates
1483 949 1611 1009 illas
1631 952 1883 1033 turpiter
1899 953 2412 1030 commacularent,

289 1063 365 1103 ne
408 1043 599 1124 prima
651 1044 885 1125 penitus
926 1043 1207 1105 oblivioni
1253 1045 1492 1106 daretur
1547 1046 1859 1123 revelatio,
1914 1049 2266 1130 peculiarem
2308 1049 2416 1109 sibi

290 1138 571 1201 familiam
599 1139 802 1220 selegit
838 1142 990 1200 Deus
1028 1141 1091 1199 in
1125 1139 1420 1201 Abraham
1442 1187 1457 1217 .,
1483 1164 1612 1224 quae
1642 1155 1832 1203 custos
1859 1144 2045 1204 fidelis
2074 1144 2228 1204 illius
2249 1166 2418 1206 reve-

296 1235 531 1299 lationis
561 1237 857 1304 existeret.
903 1239 1167 1321 Cumque
1205 1239 1328 1300 haec
1368 1240 1492 1323 ipsa
1537 1241 1752 1301 familia
1785 1243 1847 1300 in
1883 1242 2171 1325 populum
2203 1244 2420 1306 crevis-

296 1343 417 1407 set,
475 1333 752 1401 eumdem
802 1336 1104 1394 constituit
1154 1357 1273 1396 suae
1311 1336 1687 1398 revelationis
1742 1337 2159 1420 depositarium
2187 1385 2201 1412 a
2254 1339 2422 1420 eique

296 1429 534 1513 speciali
588 1452 825 1513 prorsus
870 1431 1240 1513 providentia
1282 1433 1618 1515 prospexit.¹
1676 1454 1753 1492 ne
1798 1435 2031 1494 muneri
2071 1434 2298 1494 deesset
2318 1455 2423 1492 suo

293 1547 403 1609 per
431 1527 856 1592 successionem
886 1526 1313 1609 Prophetarum
1333 1572 1350 1603 a
1385 1527 1570 1588 donec
1594 1532 1755 1593 venit
1769 1531 2081 1607 plenitudo
2103 1535 2385 1610 temporis
2399 1572 2422 1601 ,

293 1627 361 1682 in
382 1644 505 1702 qua
535 1612 707 1683 mabit
733 1625 901 1684 Deus
936 1625 1172 1683 Filium
1203 1644 1405 1683 mum.
1449 1622 1712 1682 Christus
1743 1646 1917 1705 porro
1939 1625 2195 1684 instituit
2231 1624 2426 1684 Eccle-

290 1717 474 1794 siam,
517 1739 697 1800 quam
726 1717 1140 1778 infallibilitate
1177 1718 1564 1780 communivit
1584 1763 1600 1791 ,
1632 1730 1698 1776 ut
1726 1740 1912 1800 usque
1947 1720 2009 1777 in
2038 1711 2212 1779 seculi
2246 1721 2424 1780 finem

293 1813 717 1878 revelationem
746 1812 1003 1894 -plenam
1047 1824 1223 1894 atque
1270 1813 1560 1893 integram
1602 1814 1949 1874 intemerate
1981 1814 2335 1889 custodiret,
2368 1827 2428 1875 et

297 1908 571 1973 omnibuis
614 1907 885 1989 gentibus
925 1909 1331 1969 annunciaret.
1376 1909 1484 1968 Hic
1522 1920 1582 1969 et
1620 1931 1742 1968 non
1792 1909 1938 1969 alius
1974 1910 2190 1971 divinae
2228 1911 2429 1992 provi-

294 2004 506 2066 dentiae
542 2005 738 2066 extitit
777 2003 921 2064 ordo
955 2006 1020 2069 in
1060 2004 1417 2065 revelatione
1444 2026 1545 2064 sua
1570 2005 1694 2067 sive
1718 2005 2117 2067 conservanda
2151 2007 2273 2067 sive
2299 2027 2429 2089 pro-

256 2116 258 2120 ·
291 2099 583 2184 paganda.
614 2103 818 2183 Itaque
843 2100 1086 2165 Ecclesia
1113 2111 1201 2162 est
1215 2100 1455 2183 quidem
1478 2122 1764 2181 organum
1790 2101 2042 2173 Christi,
2076 2125 2198 2160 non
2226 2113 2425 2162 autem

294 2199 522 2281 generis
554 2198 840 2273 humani,
891 2198 1049 2281 quod
1088 2210 1176 2258 est
1218 2196 1665 2281 perabsurdum.

379 2294 477 2354 88.
527 2293 616 2354 Ad
650 2294 761 2369 7¹¹³7
803 2297 964 2354 ,Bisa
1010 2293 1255 2353 Ecclesia
1296 2293 1448 2352 nihil
1495 2294 1654 2352 aliud
1705 2296 1983 2377 proponit
2028 2294 2388 2355 credendum
2413 2339 2429 2368 7

298 2391 413 2451 nisi
474 2390 632 2474 quod
677 2413 934 2473 semper,
973 2402 1084 2451 etc.
1139 2388 1215 2450 ab
1258 2389 1504 2453 Ecclesia
1552 2389 1869 2466 catholica,
1915 2403 2137 2458 tram.;
2174 2389 2247 2449 ab
2297 2389 2435 2449 uni·

297 2508 470 2549 verso
517 2487 778 2546 humano
826 2484 1086 2567 genere.
1127 2496 1187 2546 et
1234 2486 1472 2568 quidem
1529 2508 1561 2545 a
1612 2487 1824 2546 mundi
1874 2486 2209 2569 primordiis
2253 2507 2435 2567 usque

297 2603 494 2653 nunc,
551 2605 681 2664 neq.
730 2583 966 2642 Etenim
1015 2594 1412 2665 praeterquam
1447 2580 1642 2665 quod,
1690 2593 1754 2640 ut
1800 2604 1953 2664 saepe
1993 2583 2133 2642 alias
2171 2579 2434 2642 animad-

298 2680 581 2741 vertimus
620 2680 737 2762 (2),
775 2679 1088 2739 Lirinensis
1126 2679 1369 2739 effatum
1409 2677 1588 2738 habet
1637 2700 1872 2738 sensum
1902 2683 2266 2760 positivum,
2311 2693 2433 2734 non

304 2787 502 2836 autem
562 2781 944 2858 ηθῃαεὶυαηι,
989 2776 1199 2858 nequit
1237 2774 1388 2834 illud
1427 2773 1607 2856 accipi
1648 2775 1759 2833 nisi
1799 2774 1872 2835 de
1905 2797 2010 2850 cO,
2056 2772 2214 2857 quod
2243 2769 2435 2831 credi-

302 2883 434 2932 tum
473 2883 561 2932 est
610 2874 672 2932 in
715 2871 961 2933 Ecclesia
1029 2870 1311 2932 catholica
1339 2916 1356 2946 ‚
1414 2871 1658 2944 minime
1704 2891 1841 2930 vero
1895 2869 1968 2930 de
2019 2891 2124 2944 eo,
2184 2865 2342 2951 quod
2404 2887 2435 2924 a

307 2990 518 3048 genere
548 2968 810 3029 humano
833 2967 1124 3029 creditum
1151 2980 1259 3030 est.
1290 2969 1412 3035 Hoc
1428 2978 1831 3048 commentum
1852 3012 1868 3041 ,
1897 2977 2100 3047 utpote
2125 2963 2432 3037 novitium,

307 3063 483 3146 plane
533 3066 800 3146 ignotum
838 3063 1106 3126 Patribus
1145 3064 1274 3124 fuit.
1322 3065 1597 3127 Ceterum
1640 3082 1749 3122 nec
1784 3060 1934 3123 illud
1978 3058 2436 3134 dimittendum,

385 3314 457 3380 (l)
491 3313 623 3369 Tales
664 3315 790 3363 fuere
829 3315 1094 3382 frequentes
1130 3312 1339 3362 hebraici
1423 3320 1568 3369 terat,
1604 3319 1658 3358 ut
1694 3309 1854 3359 notitia
1890 3307 2181 3358 revelationis
2203 3309 2258 3357 ad
2297 3310 2444 3361 varios

314 3396 475 3464 populi
507 3396 632 3462 apud
658 3396 811 3462 plures
830 3406 986 3463 gentes
1019 3397 1304 3461 captivitates
1323 3430 1337 3453 ‚
1424 3393 1618 3461 populos
1647 3393 1924 3457 perveniret.

315 3481 614 3546 migrationes
633 3478 658 3527 J
663 3479 897 3527 udaeorum
918 3479 1043 3544 apud
1060 3478 1239 3532 dissitas
1258 3493 1343 3525 na·
1490 3476 1560 3540 (2)
1578 3476 1833 3527 Praesertim
1851 3477 1901 3524 in
1918 3485 2051 3524 tract.
2072 3477 2146 3524 De
2161 3490 2273 3525 vera
2288 3472 2442 3539 Reliq.

322 3566 499 3623 tiones,
518 3562 848 3628 dispersiones,
867 3563 1232 3621 commercium,
1250 3570 1341 3613 etc.
1424 3569 1545 3625 part.
1581 3574 1647 3620 n,
1686 3575 1815 3625 prop.
1855 3572 1940 3618 m,
1977 3576 2030 3608 n.
2062 3555 2127 3606 56
2147 3592 2164 3619 ,
2201 3574 2308 3607 cum
2338 3565 2445 3605 nota

323 3644 498 3713 quibus
533 3644 927 3695 vicissitudinibus
962 3644 1096 3699 facile
1132 3644 1230 3693 fieri
1260 3660 1341 3709 po·
1426 3640 1626 3691 adnexa.
