2502 4134
186 200 189 203 Δ
246 116 363 178 188

855 141 1054 181 TRAGT.
1097 142 1176 181 DE*
1210 143 1361 184 Locls
1404 146 1789 190 THEOLOGICIS.

244 284 694 344 canonizationis
743 282 1115 362 Bellarmini‚
1153 299 1223 346 ut
1279 309 1471 370 neque
1520 292 1904 354 Bellarminus
1954 317 2218 378 unquam
2252 322 2357 360 ca-

242 384 564 438 nonizatus
595 379 769 439 fuerit
790 425 806 455 .,
852 392 911 440 et
955 381 1079 442 haec
1114 382 1237 464 ipsa
1271 384 1533 465 praefatio
1562 390 1919 450 occasionem
1973 390 2200 451 dederit
2237 417 2371 477 pro-

240 473 522 534 movendi
563 473 933 536 difficultates
960 476 1240 538 adversus
1266 478 1419 538 illius
1453 485 1951 545 canonizationem
1983 488 2095 565 (1).

320 568 461 629 275.
507 570 567 628 Si
596 570 772 629 modo
809 571 1005 631 oculos
1043 573 1415 650 conjiciamus
1445 576 1507 634 in
1533 577 1818 639 editiones
1859 579 2110 661 vulgatae
2148 583 2372 643 versio-

191 720 194 723 Α
237 663 328 721 nis
348 709 363 738 .,
391 685 518 745 quae
547 674 686 725 ante
706 666 1114 726 Tridentinum
1141 668 1490 750 prodierunt
1512 716 1528 747 ,
1560 674 1770 754 easque
1791 695 2197 758 comparemus
2232 699 2365 738 cum

239 757 626 837 editionibus,
666 784 810 844 quas
865 762 1078 823 deinde
1123 765 1453 846 accepimus
1490 779 1624 848 post
1667 779 1756 840 tot
1798 772 1966 830 Rom.
2021 774 2371 833 Pontificum

237 876 401 915 curas
432 878 463 915 a
489 859 548 915 S.
584 857 730 918 Sede
750 904 766 932 a
804 858 1093 919 fateamur
1138 881 1372 922 necesse
1402 873 1490 921 est
1512 908 1528 938 ,
1559 868 1631 922 in
1668 866 1871 924 multis
1895 867 2219 946 beneficii&
2240 892 2371 948 quoe

228 973 347 1031 per
398 975 635 1012 sacram
686 955 1115 1014 Tridentinam
1165 959 1528 1037 Synodum(
1568 969 1625 1018 et
1658 961 1864 1019 Sedem
1905 962 2365 1045 Apostolicam‘)

235 1045 517 1108 Ecclesiae
545 1070 670 1110 suoe
701 1051 868 1110 Deus
903 1053 1161 1110 contulit
1182 1099 1198 1121 ,
1239 1054 1311 1110 id
1351 1056 1420 1111 in
1441 1058 1670 1132 primis
1693 1059 2146 1117 numerandum
2165 1102 2190 1131 ,
2214 1061 2379 1139 quod

236 1144 325 1202 ita
351 1146 664 1204 emendata
691 1146 804 1205 hac
836 1147 1087 1207 editione
1115 1151 1441 1227 fruamur.

236 1373 330 1425 est,
367 1375 424 1412 ex
453 1382 547 1431 quo
573 1365 965 1431 deprehendimus
986 1368 1085 1433 ejus
1111 1369 1260 1415 consi-

234 1446 350 1496 lium
366 1485 380 1509 ,
406 1465 460 1496 ac
480 1451 635 1514 ipsum
653 1487 666 1510 ,
699 1460 835 1515 prout
859 1459 995 1499 antea
1025 1451 1227 1499 diximus
1243 1488 1256 1511 ,

232 1541 465 1585 auctorem
508 1533 645 1582 fuisse
688 1534 818 1599 praef.
862 1533 1162 1602 Typographi
1200 1534 1260 1583 ad

233 1612 456 1662 lectorem
476 1652 490 1676 ‚
526 1630 630 1681 quae
657 1616 707 1662 in
735 1615 924 1663 Biblicis
958 1615 1262 1664 Clementinis

232 1694 452 1744 habetur.
492 1695 569 1744 Sic
602 1699 743 1762 igitur
778 1699 876 1762 ipse
908 1697 1068 1745 scribit
1103 1714 1116 1748 :
1152 1697 1263 1746 An-

234 1793 297 1826 no
321 1776 441 1846 1591
462 1815 476 1838 ,
497 1793 607 1825 cum
624 1777 896 1843 Greqorins
912 1796 989 1827 xlv
1003 1780 1257 1842 coyitaret‚

231 1860 350 1927 quid
368 1860 606 1926 ayendum
625 1869 744 1909 esset
759 1861 814 1909 de
834 1861 1020 1909 Bibliis
1033 1878 1063 1908 a
1078 1858 1218 1909 Sixto
1233 1879 1261 1911 v

233 1942 406 1999 editis,
437 1945 495 1991 in
519 1944 698 2008 quibus
725 1953 863 1992 erant
882 1942 1127 2010 permulta
1143 1961 1260 2010 per-

225 2042 399 2092 peram
427 2034 613 2074 niutata
628 2061 646 2087 ,
677 2043 775 2073 non
800 2025 996 2074 deerant
1022 2027 1124 2074 viri
1142 2042 1260 2090 qra-

232 2125 312 2159 ves
329 2144 344 2166 ,
372 2110 460 2173 qni
486 2119 752 2166 censerent,
773 2125 830 2156 ea
847 2107 1022 2157 Biblia
1047 2126 1145 2156 esse
1158 2126 1259 2174 pa-

233 2190 354 2241 blice
367 2190 667 2258 prohibenda
677 2211 696 2254 ,-
718 2192 801 2240 sed
816 2191 886 2242 Ν.
906 2191 1259 2256 (Bellarminus)

233 2291 395 2324 coram
424 2270 659 2340 Pontifice
683 2275 1055 2336 demonstravit,
1088 2276 1261 2325 Biblia

234 2356 319 2406 illa
345 2373 444 2405 non
470 2375 568 2407 esse
588 2357 895 2424 prohibenda
911 2394 928 2420 ,
963 2358 1173 2409 sedasse
1190 2361 1262 2408 ita

233 2439 545 2503 corriyenda,
588 2448 643 2488 ut
682 2439 816 2488 salvo
857 2441 1033 2489 honore
1067 2439 1202 2489 Sixti
1233 2460 1262 2490 v

233 2519 494 2587 Pontificis
530 2522 701 2571 Biblia
742 2522 829 2570 illa
868 2523 1119 2572 emendata
1154 2524 1264 2572 ede-

235 2614 430 2663 rentur;
453 2606 579 2669 quod
595 2607 756 2670 fieret,
786 2607 833 2653 si
853 2623 997 2671 quam
1020 2605 1263 2655 celerrime

235 2685 511 2735 tollerentur
531 2726 544 2749 ‚
583 2705 690 2754 quoe
718 2688 840 2737 male
868 2698 1055 2737 mutata
1093 2697 1258 2752 erant,

235 2778 282 2818 et
325 2769 496 2819 Biblia
538 2772 879 2819 recaderentar
930 2771 1018 2819 sub
1065 2772 1263 2820 nomine

238 2854 449 2920 ‹fjusdem
479 2851 641 2916 Sixaei,
674 2863 718 2903 et
751 2854 919 2902 addita
937 2853 1256 2920 praefatione,

238 2954 334 3001 qua
353 2938 709 3002 siqnifiearetur
725 2972 741 2998 ‚
779 2940 834 2985 in
857 2940 1023 3003 prima
1054 2935 1262 2984 editione

240 3015 491 3085 Sixtiproe
502 3020 814 3084 festinatione
830 3021 1079 3086 irrepsisse
1094 3018 1260 3083 aliqua

242 3111 401 3149 errata
438 3102 513 3150 vel
543 3104 888 3170 typoqraphica
924 3103 1002 3151 vel
1031 3101 1257 3151 aliorum.

242 3181 444 3231 Placuit
475 3186 729 3234 consilium
761 3186 831 3237 N.
866 3186 1099 3252 Greqorio
1126 3185 1262 3233 Pon-

244 3266 398 3329 tifici,
443 3275 486 3314 et
507 3270 692 3333 jussit,
729 3277 784 3317 ut
809 3270 1110 3335 conyreqatio
1125 3268 1265 3333 fieret

245 3347 312 3396 ad
339 3349 763 3415 recoqnoscendam
800 3351 1014 3402 celeriter
1038 3349 1262 3400 Bibliam

1345 1366 1595 1416 Sixtinam
1615 1371 1754 1435 (sic),
1787 1377 1834 1418 et
1854 1371 2168 1420 revocandam
2201 1373 2268 1421 ad
2296 1391 2374 1422 or-

1345 1449 1595 1498 dinariam
1627 1451 1874 1510 Biblz'am‚
1900 1455 2176 1519 praesertim
2209 1454 2369 1505 Lova-

1345 1533 1581 1582 niensem.
1616 1531 1685 1580 Id
1707 1534 1892 1599 factam
1930 1544 1999 1583 est
2026 1536 2284 1600 Zaqarolae
2313 1539 2371 1586 in

1344 1612 1482 1661 domo
1512 1612 1677 1663 Marci
1706 1615 1896 1667 Antan.
1924 1617 2206 1682 Colamnoe,
2235 1636 2369 1685 proe-

1343 1696 1558 1743 sentibus
1587 1696 1851 1747 Cardinali
1875 1701 1978 1764 ipso
2004 1700 2366 1766 columniam,

1344 1785 1389 1825 et
1415 1776 1583 1826 Alano
1625 1778 1888 1828 Cardinali
1921 1782 2111 1847 An9l0,
2150 1800 2239 1831 nec
2273 1797 2372 1833 non

1346 1862 1576 1925 maqistro
1596 1878 1697 1911 sac.
1720 1861 1914 1910 Palatii
1939 1864 2210 1930 Apostolici
2221 1901 2236 1927 ‚
2268 1869 2374 1932 ipso

1344 1942 1402 1991 N
1425 1953 1469 1991 et
1493 1943 1607 1992 aliis
1643 1943 1798 1992 trihus
1833 1944 1908 1993 vel
1932 1955 2170 2010 quantor,-
2195 1956 2240 1996 et
2261 1956 2375 2014 post

1344 2023 1527 2072 obitum
1577 2023 1806 2090 Greqorii
1845 2033 1891 2074 et
1932 2026 2218 2075 Innocentii
2263 2027 2372 2077 Cle-

1343 2124 1479 2155 mens
1507 2125 1591 2157 vm
1623 2108 1783 2156 edidit
1816 2108 2038 2157 Bibliam
2078 2112 2368 2175 recoynitam

1343 2190 1432 2238 sub
1472 2192 1667 2238 nomine
1703 2188 1868 2254 Sinni,
1904 2208 2015 2239 cam
2042 2193 2365 2257 praefatione,

1343 2289 1488 2338 quam
1516 2272 1650 2321 idem
1671 2273 1736 2323 N.
1756 2276 2041 2340 composuit.

1416 2355 1481 2419 (l)
1520 2355 1621 2405 cfr.
1673 2355 1860 2404 Relatio
1925 2356 2092 2405 Caroli
2145 2355 2335 2406 Alberti
2350 2395 2367 2417 ,

1350 2436 1501 2487 Card.
1533 2435 1828 2487 Cavalchini
1842 2474 1859 2501 ‚
1888 2441 2115 2505 ponentis
2143 2440 2198 2486 in
2218 2456 2367 2488 causa

1346 2519 1714 2584 beatificationis
1755 2529 1801 2568 et
1843 2522 2231 2569 canonizationis
2260 2538 2367 2571 ven.

1347 2603 1478 2650 servi
1505 2603 1609 2651 Dei
1625 2602 1846 2659 Roberti,
1879 2601 2029 2652 Card.
2049 2602 2366 2666 Bdlarmini,

1347 2683 1510 2732 Romae
1545 2682 1673 2752 1753
1696 2720 1710 2744 ‚
1747 2702 1854 2748 pag.
1893 2684 1986 2751 175
2006 2695 2050 2732 et
2073 2703 2201 2752 seqq.
2233 2686 2368 2752 Quod

1346 2783 1436 2815 nec
1463 2766 1770 2813 dissimulavit
1805 2766 2015 2815 Leander
2034 2767 2133 2815 Van
2157 2768 2260 2830 Ess,
2286 2771 2368 2835 qui

1346 2858 1391 2897 et
1407 2849 1528 2896 hanc
1543 2865 1729 2896 causam
1749 2850 1950 2912 assignat
1966 2887 1979 2909 ‚
1999 2867 2088 2916 qua
2101 2850 2368 2900 Bellarmini

1346 2935 1632 2982 canonizatio
1650 2932 1969 2981 difficultatem
1991 2941 2176 2999 experta
2195 2937 2267 2982 sit.
2282 2934 2366 2982 At-

1346 3020 1501 3065 tamen
1521 3052 1534 3075 ,
1566 3018 1603 3062 si
1629 3016 1860 3063 credimus
1886 3015 2105 3065 Cellerier
2123 3054 2137 3078 ‚
2168 3016 2258 3065 loc.
2280 3019 2361 3066 cit.

1346 3120 1447 3168 pag.
1460 3098 1579 3150 205:
1597 3098 1660 3146 H
1659 3118 1717 3164 119
1732 3099 1886 3148 donne
1898 3117 1958 3147 en
1974 3107 2079 3148 note
2093 3099 2157 3147 les
2162 3117 2367 3165 preuves

1344 3184 1402 3232 de
1425 3191 1537 3232 cette
1558 3181 1725 3230 double
1743 3183 1978 3229 assertion
1993 3216 2009 3242 ,
2042 3181 2167 3248 quod
2193 3182 2365 3232 scilicet

1346 3266 1651 3315 Bellarminus
1690 3264 1828 3314 fuerit
1863 3274 2021 3313 auctor
2051 3264 2364 3329 praefationis,

1345 3358 1389 3400 et
1413 3364 1561 3401 causa
1588 3349 1692 3416 eju-s
1716 3345 2105 3411 canonizationis
2120 3348 2144 3394 .’
