2502 4134
252 180 409 219 mar.
459 180 518 216 ιι.
567 179 715 216 secr.
762 177 826 213 11.
876 178 997 214 car.
1041 179 1082 213 1.
1132 177 1200 214 ne
1241 157 1434 214 Nuces.
1485 177 1551 213 nr
1596 176 1781 213 Exlsr.
1823 175 1994 213 Tuan.
2051 156 2178 214 269

67 324 284 385 ibidem
319 319 550 394 subd-it,
581 319 657 377 ad
691 319 1160 397 disputationem
1187 320 1650 377 commentitiam
1672 362 1688 391 ‚
1722 338 1845 375 non
1872 328 2068 376 autem
2099 318 2177 377 ad

64 418 474 486 traditionem,
511 435 686 495 quam
733 414 942 472 acriter
979 423 1313 494 propugnat
1333 413 1445 490 (1.)
2093 493 2097 498 ᾗ

141 513 283 572 397.
331 512 397 568 80
431 512 684 568 Joannes
714 509 1007 590 Chrysost.
1050 508 1122 566 de
1150 509 1261 565 illis
1301 507 1593 587 loquitur,
1643 509 1743 588 qui
1777 519 1878 567 aut
1921 510 2180 590 Scriptu-

65 631 191 669 ram
224 604 612 687 respuebant5
651 615 751 661 aut
784 603 883 661 illa
928 601 1356 674 abutebantur,
1396 601 1476 657 uti
1525 601 1845 661 antichristi
1885 614 1945 662 et
1986 602 2178 663 haere-

66 705 159 763 tici
175 702 288 781 (2).
310 700 618 780 Scripturae
634 720 825 757 errare
842 720 946 756 nos
963 697 1203 756 minime
1215 698 1415 754 sinunt
1429 693 1534 753 sub
1553 694 1810 755 Ecclesiae
1826 699 2172 777 magisterio,

148 797 284 856 398.
327 795 393 853 9ο
413 793 798 853 Tertullianus
824 793 1026 851 adorat
1058 795 1388 869 Soripcurae
1411 791 1884 868 plenitudinem,
1905 793 1967 850 in
1984 786 2199 873 quaes—⁴

67 894 226 952 tione
259 890 533 949 adversus
584 891 1009 967 Hermogenem
1048 887 1122 946 de
1156 907 1353 945 rerum
1400 884 1690 943 creatione
1745 905 1816 942 ex
1859 886 2062 945 nihilo.
2107 888 2175 946 In

74 987 257 1046 altero
281 996 475 1044 autem
506 982 630 1041 loco
663 984 880 1061 rejicit,
908 980 1069 1062 ‘quod
1101 983 1170 1039 de
1198 1002 1303 1039 suo
1332 1000 1432 1038 seu
1469 1001 1541 1038 ex
1571 979 1807 1060 proprio
1846 1001 2004 1060 penu
2030 983 2180 1040 Mar-

72 1084 201 1140 cion
231 1079 857 1158 adjiciebat.·Ceterum
884 1097 1058 1134 nemo
1100 1075 1292 1133 forsan
1339 1074 1580 1133 validius
1609 1074 1966 1136 Tertulliano
1997 1077 2178 1136 tradi-

74 1177 258 1234 tiones
285 1174 559 1232 adversus
585 1170 885 1254 vhaereticos
913 1173 1220 1250 protuetur
1251 1168 1367 1247 (3).

156 1269 294 1328 399.
347 1267 454 1324 100-
479 1263 809 1323 Ambrosius
838 1263 977 1342 legit
1008 1264 1073 1321 in
1110 1263 1450 1344 ScripturiS,
1488 1262 1785 1322 Christum
1820 1285 1941 1323 esse
1974 1264 2179 1325 altitu-

75 1364 272 1422 dinem
315 1361 645 1419 divitiarum
705 1358 1000 1439 sapientiae
1048 1369 1106 1417 et
1148 1358 1398 1417 scientiae
1445 1359 1584 1430 Dei;
1624 1380 1746 1416 non
1795 1357 1934 1438 legit
1982 1370 2177 1420 autem

72 1456 387 1518 secundum
408 1499 423 1528 ,
482 1452 829 1512 inhiandum
897 1475 1111 1535 nempe
1160 1475 1282 1512 esse
1335 1453 1505 1532 hujus
1563 1455 1735 1514 seculi
1792 1454 2007 1514 divitiis
2045 1477 2179 1514 cum

75 1552 272 1612 salutis
288 1551 531 1631 propriae
555 1548 858 1628 dispendio
875 1548 982 1627 (4).
1014 1548 1386 1608 Adversarius
1403 1561 1602 1608 autem
1623 1561 1820 1609 noster
1843 1550 1953 1609 hoc
1976 1572 2179 1609 secun-

71 1650 220 1706 dum
249 1645 516 1724 intelligit
546 1644 616 1704 de
651 1643 1003 1703 Traditione.
1048 1647 1083 1704 J
1091 1645 1278 1704 udicet
1317 1644 1497 1703 lector
1525 1646 1598 1704 de
1626 1645 1781 1704 bona
1815 1645 1966 1704 illius
2001 1646 2134 1705 fide.

156 1742 297 1801 400.
331 1742 425 1798 11⁰
448 1742 832 1820 Hieronymus
841 1744 975 1818 jure
999 1741 1205 1798 merito
1233 1742 1454 1820 respuit
1484 1740 1734 1799 Helvidii
1753 1740 2180 1823 blasphemiam

74 1838 147 1896 de
179 1836 368 1894 Mariae
405 1837 622 1917 nuptiis
661 1846 793 1916 post
819 1847 1053 1916 partum
1074 1881 1090 1909 .,
1132 1858 1264 1893 cum
1292 1835 1401 1894 hoc
1424 1858 1614 1917 neque
1648 1837 1957 1918 Scripturae
1987 1858 2180 1919 neque

77 1930 422 1990 Traditionis
470 1931 799 1989 auctoritati
846 1930 1130 2004 innixus,
1187 1930 1402 1990 nebulo
1446 1930 1581 2001 ille,
1646 1932 1747 1990 sed
1789 1931 2028 1991 cerebro
2078 1952 2182 1990 suo

78 2026 251 2106 gratis
286 2025 578 2084 effutierit.

159 2119 298 2178 401.
350 2121 451 2178 120
497 2121 839 2200 Augustinus
887 2120 1049 2199 jubet
1096 2142 1400 2202 respuere,
1452 2121 1736 2203 quidquid
1784 2133 1948 2182 extra
1996 2121 2178 2203 Scrip-

79 2225 274 2272 turam
310 2226 396 2298 est
407 2205 440 2285 ,⁴
465 2214 526 2272 id
567 2226 689 2289 est,
728 2215 1010 2297 quidquid
1040 2217 1346 2296 Scripturas
1376 2217 1726 2295 refragatur,
1765 2239 1871 2276 nec
1911 2219 2185 2298 provenit

151 2403 216 2467 (1)
257 2400 373 2450 Satis
406 2413 472 2451 est
506 2404 652 2467 legere
691 2414 987 2462 contextum,
1036 2415 1089 2451 ut
1169 2405 1483 2469 ingrediantur
1507 2423 1586 2470 per
1615 2408 1810 2462 ostium,
1841 2407 1920 2454 sed
1947 2407 2067 2454 sures
2092 2409 2183 2454 sint

81 2502 295 2549 germana
324 2484 375 2533 S.
405 2484 562 2549 cyrilli
595 2503 723 2533 mens
753 2496 983 2549 appareat.
1004 2485 1090 2534 Ce-
1171 2503 1225 2534 ac
1254 2487 1478 2545 latrones),
1510 2486 1712 2534 scribens
1730 2503 1744 2534 :
1762 2486 2022 2552 Hioporro
2037 2497 2081 2535 et
2097 2489 2186 2552 qui

82 2574 232 2613 terum
258 2583 364 2613 cum
395 2567 629 2614 haereticus
651 2567 934 2615 calvinianus
952 2567 1087 2616 Rive-

84 2656 157 2695 tus
193 2647 288 2695 haec
322 2650 418 2711 ipsa
455 2648 669 2714 objecerit
706 2666 758 2696 ex
796 2647 845 2696 S.
877 2647 1086 2715 Cyrillo‚

86 2744 185 2793 quae
214 2728 373 2794 objicit
400 2731 567 2777 iterum
602 2729 677 2776 hic
706 2729 885 2777 Palmer
915 2731 975 2777 ad
1002 2731 1087 2778 ad-

85 2811 344 2858 struendam
356 2808 396 2856 S
398 2811 622 2876 crv'pturoe
634 2811 963 2875 sufficientiam
974 2848 986 2866 ‚
1006 2813 1087 2859 cfr.

85 2907 187 2955 quie
211 2894 389 2956 copiose
416 2902 461 2940 et
490 2893 665 2940 erudite
691 2893 749 2941 ad
774 2892 988 2941 Rivetum
1014 2911 1087 2941 re-

87 2971 338 3021 fellendum
354 2973 720 3022 habetToutteus
735 3012 746 3031 ‚
765 2978 813 3021 in
828 2976 1003 3023 dissert.
1019 2992 1087 3035 ιιι,

88 3050 168 3100 De
181 3054 394 3103 doctrc'na
412 3053 465 3104 S.
486 3055 680 3120 cyrilli,
698 3075 800 3121 cap.
823 3056 906 3115 13,
924 3075 973 3104 n.
998 3073 1082 3104 101

89 3142 133 3180 et
172 3151 299 3200 seqq.
347 3136 428 3184 De
471 3137 781 3202 adjunqenda
823 3137 1090 3203 Scripturoe

90 3214 360 3264 traditionis
372 3228 416 3265 et
426 3217 654 3268 Ecclesiae
675 3222 971 3268 auctoritate.
990 3219 1089 3268 Hac

94 3295 272 3347 fortasse
295 3301 350 3349 de
366 3319 499 3351 causa
517 3303 696 3352 Palmer
720 3305 967 3369 prudenter
994 3322 1088 3352 non

93 3376 253 3442 allegat
278 3381 520 3433 editionem
548 3385 915 3436 Benedictinam.

159 3460 228 3521 (2)
243 3459 376 3508 Paulo
390 3475 492 3513 ante
506 3469 552 3513 in
570 3469 728 3516 eodem
745 3487 879 3516 num.
892 3467 936 3516 S.
946 3468 972 3516 J
977 3487 1085 3518 oan.

94 3538 438 3604 Chrysostomus
463 3543 685 3611 significat
701 3585 715 3611 ‚
748 3553 940 3615 quinam
960 3552 1087 3608 sint,

93 3623 173 3685 qui
210 3639 304 3670 non
341 3629 529 3675 utantur
563 3625 802 3695 seripturis
821 3667 838 3694 ,
873 3649 955 3680 seu
991 3649 1087 3680 non

1169 2567 1397 2630 suerunt,
1427 2575 1472 2614 et
1497 2571 1584 2631 qni
1603 2568 1766 2631 futuri
1790 2578 1955 2628 erant,
1994 2569 2184 2616 indicat

1175 2650 1435 2712 (Christus)
1451 2650 1834 2710 Antz'cltristum‚
1856 2651 2005 2717 salsos
2038 2653 2184 2702 Chri-

1172 2741 1288 2793 stos,
1313 2732 1494 2780 Iudam
1509 2742 1550 2780 et
1575 2733 1622 2780 T
1620 2733 1824 2781 heudam
1842 2771 1856 2790 ‚
1882 2743 1927 2782 et
1951 2733 2070 2781 alios
2095 2733 2183 2781 hu-

1155 2813 1395 2878 jusmodi.
1431 2812 1556 2878 Quid
1595 2817 1783 2862 senserit
1830 2814 2184 2881 Chrysostomus

1171 2895 1231 2942 de
1259 2895 1607 2955 traditionibus,
1635 2896 1771 2960 paulo
1799 2906 1904 2944 ante
1926 2897 2143 2944 diximus,

1240 2975 1301 3038 (3)
1338 2975 1433 3026 cfr.
1455 2977 1502 3024 P.
1521 2977 1584 3025 La
1607 2977 1752 3026 Cerda
1769 3015 1782 3037 ‚
1802 2981 1852 3026 in
1871 2978 2047 3044 objecta
2067 2978 2181 3028 Ter-

1172 3057 1354 3106 tulliani
1387 3059 1508 3108 loca.

1240 3140 1305 3204 (4)
1343 3140 1526 3189 Etenim
1568 3139 1616 3188 S.
1645 3140 1946 3201 Ambrosius,
1988 3160 2036 3191 n.
2084 3159 2178 3210 70,

1171 3238 1278 3269 cum
1313 3223 1534 3270 attulisset
1574 3239 1626 3271 ex
1662 3221 1845 3271 Eccles.
1894 3241 1938 3271 ιν
1973 3241 1986 3273 z
2027 3223 2182 3289 Cujus

1169 3304 1332 3352 oculus
1357 3322 1456 3352 non
1486 3307 1692 3353 satiatur
1720 3305 1942 3367 diviciis„
1974 3308 2070 3356 haec
2099 3326 2180 3372 ap-

1171 3387 1356 3450 plicavit
1380 3388 1587 3447 Christo‚
1616 3392 1666 3436 in
1694 3407 1786 3455 quo
1808 3401 1875 3439 est
1893 3391 2087 3439 altitudo
2104 3391 2179 3438 di-

1170 3470 1382 3517 vitiarum
1399 3470 1625 3533 sapientiae
1647 3480 1693 3519 ct
1717 3474 1912 3520 scientiae
1938 3472 2052 3532 Dei,
2085 3482 2175 3519 etc.

1171 3559 1215 3597 et
1228 3549 1494 3612 affirmavit,
1518 3551 1698 3601 Christo
1710 3554 2035 3604 adhaerendum
2052 3570 2148 3601 esse
2160 3588 2175 3611 ,

1170 3648 1265 3680 non
1294 3633 1437 3683 seculi
1464 3633 1638 3683 divitiis
1664 3635 2005 3687 inhaerendum.
