2502 4134
2097 161 2215 223 363

317 181 475 222 PAR'r.
527 183 612 220 111.
657 181 806 220 sEc'r.
855 183 894 218 1.
942 182 1060 219 CAP.
1108 184 1147 219 1.
1199 183 1265 219 ΒΕ
1309 181 1440 228 RAT.
1497 183 1624 220 Alvr.
1674 184 1782 221 Fu).
1831 183 2010 222 Sl’nc’r.

196 323 293 381 45.
345 323 577 402 Itaque,
612 321 827 380 seclusa
854 323 1099 404 positiva
1127 324 1229 382 Dei
1260 322 1613 385 revelatione
1636 337 1810 407 atque
1841 337 1976 386 ante
2004 325 2176 386 fidem
2194 371 2212 401 .,

116 418 238 477 dari
273 427 465 498 potest
505 436 569 474 ac
608 414 783 474 debet
811 420 1115 476 naturalis
1157 439 1340 499 eaque
1377 430 1536 478 certa
1571 420 1819 499 cognitio
1863 443 1929 481 ac
1959 420 2208 481 demon-

114 513 313 571 stratio
335 512 656 573 existentiae
678 513 813 589 Dei,
841 536 952 595 qua
987 514 1205 595 posita,
1244 535 1316 573 ex
1349 514 1477 596 ipso
1513 527 1798 597 conceptu
1835 519 1986 578 entis
2014 539 2216 579 neces-

99 604 243 666 sarii
278 629 342 667 ac
378 609 592 667 infiniti
628 631 828 669 omnes
868 613 989 687 ejus
1024 608 1403 690 perfectiones
1446 630 1546 668 seu
1582 610 1860 671 attributa
1899 635 2000 672 sua
2037 613 2215 676 veluti

111 715 318 785 sponte
352 703 655 763 dimanant
678 749 694 779 ,
737 703 797 763 id
837 703 992 786 quod
1025 706 1082 762 S.
1128 702 1377 762 Thomas
1419 704 1743 764 continenti
1785 728 1968 789 eoque
2002 709 2216 768 firmis-

111 798 256 856 simo
292 799 589 857 ratiocinio
617 800 680 858 in
717 797 879 857 libris
919 798 1239 880 praesertim
1280 810 1479 857 contra
1507 808 1706 877 gentes
1738 801 2015 862 ostendit.
2048 803 2217 877 Quod

112 913 252 951 vero
288 892 359 952 de
390 893 640 952 naturali
670 893 772 953 Dei
807 893 1132 972 cognitione
1168 892 1559 962 ostendimuS,
1597 892 1660 951 id
1694 894 1888 975 ipsum
1923 898 1997 956 de
2034 898 2215 959 animi

109 986 352 1046 humani
388 987 826 1069 spiritualitate,
865 986 1135 1048 libertate
1178 1008 1243 1046 ac
1273 986 1709 1047 immortalitate
1733 1034 1748 1063 ,
1786 989 1973 1071 deque
2005 992 2214 1053 immu-

110 1080 272 1140 tabili
296 1083 442 1160 justi
479 1094 654 1164 atque
694 1083 901 1160 injusti
946 1104 1150 1142 norma
1195 1082 1397 1141 nativo
1434 1081 1673 1140 rationis
1722 1082 1946 1146 lumine
1985 1087 2213 1167 cognita

110 1176 423 1236 dicendum
459 1188 583 1250 est3
628 1175 1102 1258 quandoquidem
1148 1176 1240 1236 hae
1293 1177 1566 1238 veritates
1617 1198 1688 1236 ex
1731 1179 2042 1260 primitivis
2093 1182 2214 1245 sive

109 1272 243 1331 faeti
275 1273 489 1331 interni
524 1273 646 1333 sive
687 1274 926 1332 rationis
970 1271 1313 1332 veritatibus
1334 1318 1350 1344 ,
1394 1286 1463 1332 ex
1499 1273 1771 1333 rationali
1816 1275 2065 1336 hominis
2099 1301 2211 1342 na-

114 1377 275 1435 tura,
304 1376 478 1447 atque
506 1387 576 1425 ex
603 1366 783 1447 ipsius
808 1367 910 1426 Dei
949 1366 1242 1426 attributis
1271 1369 1591 1428 necessario
1618 1391 1772 1429 nexu
1808 1370 2207 1449 deducuntur,

111 1460 302 1540 prouti
329 1460 620 1519 innumeri
644 1459 974 1543 philosophi
1004 1473 1178 1543 atque
1214 1461 1527 1544 apologetae
1546 1508 1563 1539 ,
1609 1465 1709 1546 qui
1743 1464 1850 1526 hac
1882 1466 1945 1526 in
1976 1488 2040 1527 re
2068 1489 2204 1531 ver-

111 1554 219 1614 sati
249 1566 420 1629 sunt,
460 1555 680 1635 egregie
714 1557 1113 1637 praestiterunt
1148 1557 1256 1636 (l).

109 1787 360 1849 supponit,
398 1785 546 1834 Deum
587 1803 682 1852 esse
722 1797 843 1835 certo
873 1785 1112 1847 locutum,

108 1867 410 1933 hominesque
442 1868 602 1916 morali
628 1868 778 1917 officio
812 1871 1000 1917 omnino
1034 1870 1117 1918 ob-

109 1948 268 2014 stringi
282 1948 341 1997 ad
354 1948 444 1997 hoc
452 1948 536 1997 Dei
547 1949 738 1998 verbum
756 1951 1113 2016 suscipiendum.

107 2028 251 2095 Atqui
287 2032 376 2078 nisi
406 2031 500 2078 haec
527 2031 888 2096 independenter
922 2051 947 2081 a
986 2051 1113 2082 reve-

110 2110 278 2159 latione
292 2112 601 2175 cognoscenda
615 2113 888 2176 probentur,
906 2129 1112 2180 quonam

108 2192 363 2239 innitentur
388 2192 690 2241 fundamento
705 2195 729 2240 ‘2

177 2272 242 2336 (l)
276 2272 460 2322 Eminet
492 2275 609 2322 inter
635 2277 744 2323 istos
772 2274 1030 2337 Gerdilius,
1062 2279 1112 2326 in

108 2350 240 2418 cujus
275 2353 499 2418 praeclaris
536 2355 859 2420 philosophicis
898 2358 1111 2422 operibus

107 2444 174 2483 tot
202 2444 360 2484 extant
386 2439 444 2487 de
464 2436 791 2505 metaphysicis
816 2439 914 2486 istis
932 2456 987 2487 ac
1012 2425 1111 2488 mo.—

106 2515 278 2566 ralibus
295 2518 567 2568 veritatibus
597 2521 1004 2571 demonstrationes
1019 2560 1033 2584 ,
1058 2540 1111 2572 eo

103 2600 433 2664 principiorum
459 2618 580 2650 nexu
599 2638 612 2661 ,
647 2619 699 2650 ea
728 2588 954 2652 ratiocinii
985 2621 1111 2654 seve-

103 2678 234 2727 ritate
265 2681 511 2742 confectae,
545 2692 596 2730 ut
622 2684 935 2732 omnimodam
967 2685 1109 2734 certi-

101 2760 310 2809 tudinem
339 2761 548 2827 pariant,
591 2781 646 2812 ac
684 2764 893 2830 plurimae
932 2767 1108 2816 mathe-

104 2841 319 2892 maticam
334 2842 430 2893 fere
452 2845 730 2895 evidentiam
757 2864 846 2912 prae
869 2865 916 2896 se
940 2848 1107 2898 ferant.

105 2923 287 2974 Utinam
317 2927 585 2991 perillustris
606 2929 747 2996 hujus
770 2947 824 2978 ac
856 2948 961 2980 vere
995 2931 1118 2980 chri·-

106 3007 237 3056 stiani
252 3007 512 3075 philosophi
529 3028 663 3076 opera
683 3008 824 3078 magis
840 3013 926 3062 hae
956 3024 1112 3076 aetate,

108 3087 229 3149 apud
252 3098 428 3139 exteros
463 3094 705 3156 praesertim
723 3128 736 3153 ,
770 3096 952 3159 cognita
981 3112 1035 3143 ac
1058 3097 1108 3144 in

107 3164 275 3216 honore
309 3161 480 3221 essent!
520 3172 579 3221 At
606 3176 730 3223 enim
761 3178 864 3241 quis
895 3193 991 3225 non
1018 3180 1106 3225 mi-

108 3245 306 3310 rabitur,
353 3252 464 3301 dam
513 3255 699 3316 audiat,
747 3255 1002 3306 Gerdilium
1048 3259 1105 3307 ab

109 3326 262 3393 aliquo
287 3347 312 3379 e
338 3337 665 3386 recentioribus
695 3341 1106 3404 supernaturalistis

107 3423 160 3455 ac
175 3410 521 3465 traditionalistis
542 3419 869 3468 rationalismi
882 3423 1079 3471 incusari
1096 3458 1108 3480 ‚

108 3491 232 3555 quod
249 3493 416 3544 scilicet
431 3497 683 3564 legitimam
709 3506 875 3553 rationi
894 3507 985 3573 vim
1004 3523 1106 3572 cog-

107 3572 322 3622 noscendi
350 3575 593 3630 tribuerit?
623 3583 746 3633 Sunt
773 3600 880 3635 vero
897 3587 1106 3652 complu-

107 3667 176 3700 res
212 3653 320 3718 alii,
348 3673 462 3721 quos
496 3656 779 3714 Germanicae
806 3667 1104 3734 philosophiae

1202 1789 1532 1838 abstractiones
1557 1794 1699 1856 magis
1726 1792 1979 1854 delectent,
1999 1804 2044 1843 et
2070 1796 2210 1845 nimis

1199 1873 1440 1937 antiquam
1456 1875 1713 1923 existiment
1726 1889 1827 1922 eam
1840 1875 2176 1941 philosophiam
2190 1913 2206 1938 ,

1200 1968 1302 2018 quae
1338 1955 1389 2001 in
1419 1953 1509 2001 illis
1541 1955 1804 2005 veritatibus
1840 1956 2210 2011 demonstrandis

1199 2033 1384 2100 operam
1421 2038 1662 2101 impendit.
1688 2034 1764 2104 Sic
1788 2042 1926 2103 'porro
1955 2038 2125 2106 Hegel,
2158 2043 2210 2089 in

1197 2133 1277 2164 sua
1293 2115 1377 2167 W
1373 2116 1653 2182 issenschafi
1665 2118 1752 2168 der
1762 2118 1936 2184 Loqik,
1950 2139 2031 2170 seu
2043 2118 2210 2170 Scien-

1197 2197 1266 2244 tia
1300 2196 1494 2262 loqicoe,
1534 2199 1627 2249 vol.
1670 2213 1715 2258 t,
1758 2199 2004 2267 Niirnberg
2050 2200 2206 2264 1812,

1197 2295 1299 2343 pag.
1329 2280 1390 2340 3,
1433 2277 1466 2342 4
1484 2317 1498 2340 ,
1542 2281 1759 2346 praefatur
1796 2296 1811 2331 ε
1842 2279 1910 2329 Id
1940 2283 2067 2347 qnod
2096 2293 2213 2332 ante-

1195 2358 1322 2407 hane
1356 2367 1541 2409 oetatem
1579 2360 1903 2427 metaphysica
1926 2363 2210 2428 dicebatur,

1188 2439 1293 2505 fuit
1309 2476 1324 2502 ‚
1355 2449 1410 2489 nt
1444 2443 1515 2490 ita
1556 2441 1715 2490 dicam
1735 2479 1750 2504 ,
1782 2460 1808 2492 e
1848 2443 1943 2493 solo
1966 2444 2215 2500 radicitus

1194 2521 1386 2583 evulsa,
1436 2540 1493 2573 aa
1543 2540 1604 2573 ea·
1649 2524 1963 2575 scientiarum
2007 2544 2214 2578 numero-

1195 2607 1410 2654 evanuit.
1435 2604 1564 2673 Quis
1577 2606 1784 2673 amplius
1801 2608 1937 2656 modo
1953 2608 2050 2656 sihi
2061 2609 2206 2674 qaid-
2259 2604 2263 2609 ’

1192 2702 1335 2750 quam
1357 2688 1518 2752 oqqeri
1533 2695 1778 2752 pateretur
1805 2688 1863 2738 de
1889 2691 2039 2738 veteri
2067 2691 2204 2739 onte-

1192 2767 1350 2834 quia,
1399 2769 1456 2817 de
1492 2757 1797 2836 psycholoqia
1842 2770 2100 2829 rationali,
2145 2772 2206 2821 de

1192 2849 1471 2915 cosmoloyia
1482 2886 1500 2913 ‚
1525 2859 1613 2899 ant
1631 2853 1777 2900 etiam
1795 2851 1852 2900 de
1868 2851 2099 2918 theoloqia
2114 2869 2205 2902 na-

1199 2932 1348 2982 curali
1385 2935 1607 2999 temporis
1646 2934 1899 2984 anteacti?
1931 2934 2205 3000 Investiga-

1197 3015 1348 3064 tionea
1377 3031 1469 3073 ex„
1484 3031 1564 3079 qr.
1596 3014 1655 3064 de
1681 3017 1842 3065 animi
1864 3015 2202 3068 immateriali-

1189 3104 1307 3158 tate,
1328 3097 1386 3145 de
1404 3099 1564 3145 causis
1581 3098 1872 3147 mechanicis
1889 3109 1936 3147 et
1943 3098 2199 3165 finalibus,

1188 3178 1273 3226 nbi
1294 3188 1487 3244 possent
1511 3178 1668 3228 adhue
1702 3180 1920 3228 studium
1953 3183 2161 3230 excitare
2177 3186 2204 3230 Ρ

1186 3259 1381 3309 Etenim
1405 3260 1502 3310 illae
1515 3298 1532 3324 ,
1564 3279 1671 3326 quoe
1703 3262 1985 3313 dicebantur
2009 3265 2206 3314 demon-

1186 3345 1439 3391 strationes
1474 3345 1738 3394 existentia?
1772 3342 1869 3394 Dei
1879 3383 1895 3403 ‚
1931 3347 2198 3414 afferantur

1187 3431 1374 3473 tantam
1423 3424 1677 3487 historice,
1725 3436 1811 3476 aut
1850 3428 1915 3476 ad
1947 3428 2202 3493 fovendam

1187 3505 1542 3570 «edificationem
1555 3509 1801 3575 animique
1812 3511 2200 3558 excitamentum.

1190 3589 1319 3638 Hoee
1347 3590 1474 3655 faeti
1505 3607 1578 3639 res
1621 3600 1688 3640 est
1719 3610 1739 3642 .·
1778 3591 1992 3641 studium
2015 3592 2200 3657 partim

1187 3672 1343 3734 quoad
1355 3673 1674 3724 substantiam
1686 3710 1704 3738 ,
1725 3677 1912 3741 partim
1935 3673 2092 3739 quoad
2099 3673 2200 3738 for-
