2502 4134
268 135 346 194 60

889 161 1092 200 TRACT.
1141 163 1208 200 DE
1252 161 1406 202 Locls
1450 164 1836 207 THEOLOGICIS.

342 301 442 362 98.
490 302 661 378 Quod
700 324 841 366 vero
877 304 954 365 ad
989 307 1390 367 protestantes
1419 330 1605 392 prope
1630 311 1880 387 attinet,
1913 309 2092 371 iidem
2111 315 2238 390 jam
2265 313 2407 376 inde

258 396 337 459 ab
374 410 536 458 ortus
571 400 659 458 sui
699 400 869 461 initio
905 424 1091 486 usque
1122 403 1199 463 ad
1233 403 1495 464 medium
1531 406 1716 467 ferme
1744 406 1922 467 seculi
1949 409 2133 467 XVIII
2167 409 2406 490 rigidio-

256 516 388 556 rem
428 496 829 578 inspirationis
866 501 1170 559 notionem
1210 499 1445 559 fuerant
1481 503 1722 578 sectati,
1758 503 1948 563 donec
1980 503 2198 563 scilicet
2225 526 2404 587 opera

256 591 609 672 prodierunt
641 594 954 655 Toehlneri
995 618 1152 654 anno
1194 595 1355 655 1772
1376 641 1392 669 ,
1432 599 1525 656 De
1551 602 1994 678 inspiratione,
2033 611 2092 660 et
2122 601 2403 678 Semleri,

255 689 352 746 De
387 693 668 767 examine
705 695 1000 764 canonis,
1043 692 1212 750 annis
1259 691 1635 752 1771-1773.
1686 696 1767 753 Ex
1811 695 1923 755 hoc
1965 718 2106 757 vero
2137 708 2409 780 tempore

255 781 340 841 ita
374 805 409 842 a
444 790 734 863 majorum
766 809 1005 845 suorum
1042 788 1329 846 institutis
1361 786 1775 864 desciverunt,
1815 802 1883 849 ut
1916 813 2040 851 non
2077 792 2266 854 solum
2292 816 2405 853 no-

256 880 483 942 tionem
531 882 946 965 inspirationis'
976 886 1392 961 extenuarint,
1447 886 1587 961 sed,
1642 908 1857 967 magna
1909 889 2118 950 saltem
2165 892 2406 952 illorum

256 999 395 1060 pars
417 1025 432 1054 ,
462 1001 590 1039 eam
621 1003 861 1062 prorsus
891 983 1365 1041 exterminarint.
1390 984 1561 1042 Nunc
1587 1005 1726 1043 vero
1755 985 2038 1066 temporis
2071 989 2238 1067 pauci
2263 1001 2405 1048 sunt

256 1076 414 1135 inter
438 1077 872 1150 protestantes,
902 1082 1003 1158 qui
1036 1078 1304 1137 divinam
1334 1099 1473 1139 vere
1507 1090 1789 1138 tueantur
1817 1081 2263 1162 inspirationem
2291 1083 2406 1165 (l).·‚

258 1182 347 1248 et,
373 1173 421 1232 si
445 1174 545 1255 qui
567 1174 762 1233 adhuc
780 1172 966 1232 Libris
990 1174 1165 1233 sacris
1189 1173 1457 1234 divinam
1479 1176 1894 1235 auctoritatem
1916 1177 2175 1238 tiibuere
2201 1178 2406 1240 viden-

258 1278 391 1344 tur,
437 1281 682 1330 eatenus
724 1280 964 1328 tantum
1002 1269 1310 1342 tribuunt,
1355 1281 1645 1351 quatenus
1685 1270 1820 1330 libri
1854 1272 1941 1331 illi
1972 1274 2256 1354 quasdam
2292 1297 2407 1336 ve-

258 1366 460 1427 ritates
498 1367 727 1428 divinas
764 1365 1242 1449 complectuntur
1276 1367 1388 1446 (2).
1419 1368 1612 1440 Quare
1642 1368 1901 1444 Bahrdt,
1941 1391 2094 1428 unus
2131 1392 2203 1431 ex
2231 1371 2402 1453 ipsis,

259 1484 499 1524 omnem
534 1464 799 1542 rejiciens
826 1463 1312 1546 inspirationem,
1344 1462 1635 1539 adstruit,
1672 1414 1981 1546 scriptoies
2020 1486 2211 1524 sacros
2239 1465 2412 1525 nullo

257 1705 339 1736 an.
382 1684 507 1755 1587
540 1698 585 1736 et
621 1684 749 1736 1588
770 1724 782 1746 ,
815 1686 885 1734 illi
915 1695 1289 1751 propugnarunt.

257 1768 353 1819 Has
373 1773 501 1820 enim
520 1771 674 1818 theses
689 1771 937 1819 emiserant
951 1770 1045 1818 duo
1060 1770 1128 1817 illi
1146 1771 1290 1835 scrip-

255 1863 378 1902 tores
417 1871 497 1903 an.
548 1850 679 1902 1586
726 1869 740 1903 ε
788 1861 835 1900 1⁰
884 1851 957 1902 Ut
998 1851 1193 1917 aliquid
1228 1854 1295 1900 sit

257 1936 518 2004 Scriptura
532 1935 740 1995 Sancta,
760 1954 861 1985 non
881 1946 950 1985 est
967 1937 1292 1984 necessarium

255 2019 453 2086 sinqula
495 2022 599 2086 ejus
641 2019 786 2068 verba
827 2021 1072 2086 inspirata
1109 2035 1209 2066 esse
1260 2035 1293 2066 a

257 2100 459 2169 Spiritu
493 2100 695 2152 Sancto.
730 2112 785 2150 2⁰
820 2102 937 2151 Non
973 2110 1041 2150 est
1075 2117 1292 2149 necessa-

255 2188 389 2234 rium
420 2193 475 2232 ut
501 2183 711 2250 sinquloe
735 2186 962 2233 veritates
979 2194 1023 2233 et
1042 2184 1293 2232 sementim

255 2273 360 2320 sint
388 2270 664 2318 immediate
693 2286 724 2317 a
760 2265 958 2335 Spiritu
989 2267 1168 2317 Sancto
1193 2268 1294 2333 ipsi

255 2356 490 2420 scriptori
522 2355 798 2419 inspiratas.
838 2353 892 2400 3⁰
924 2352 1083 2401 Liber
1109 2350 1293 2416 aliquis

257 2435 455 2503 (qualis
479 2435 604 2501 forte
623 2443 691 2482 est
713 2434 956 2482 secundus
976 2432 1290 2482 [machabaeo-

256 2522 420 2585 rum),
452 2520 671 2568 humana
706 2518 954 2566 industria
989 2519 1096 2565 sine
1126 2516 1289 2564 adsis-

258 2605 409 2651 tentia
427 2602 646 2668 Spiritus
659 2599 834 2651 Sancti
848 2604 1085 2666 scriptus,
1117 2601 1167 2647 si
1178 2599 1293 2664 Spi-

258 2687 385 2734 ritus
409 2682 621 2735 Sanctus
644 2693 809 2749 postea
842 2692 1038 2732 testetur
1062 2680 1196 2729 nihil
1221 2681 1294 2728 ibi

258 2785 356 2818 esse
373 2767 586 2833 falsum,
613 2767 815 2833 efficitur
832 2767 1089 2831 Scriptura
1108 2760 1288 2812 Sacra.

259 2853 471 2910 calmet,
497 2851 609 2899 diss.
626 2860 672 2910 et
691 2850 777 2899 loc.
799 2847 1073 2906 cit.scribit,
1092 2844 1292 2894 Jesuitas

259 2937 411 2987 valide
441 2935 717 2984 sententiam
738 2950 872 2981 suam
891 2939 1075 2979 tuentes
1092 2963 1106 2992 ,
1128 2927 1291 2993 apolo-

261 3022 383 3086 giam
414 3018 640 3077 edidisse,
677 3018 753 3064 cui
786 3015 1096 3063 Lovanienses
1127 3012 1292 3059 docto-

260 3120 334 3152 res
352 3138 366 3162 ,
412 3101 470 3149 ab
513 3100 743 3165 Episcopo
787 3100 905 3165 jussi
927 3134 941 3157 ‚
992 3096 1068 3145 die
1107 3110 1163 3158 17
1197 3092 1294 3141 Au-

261 3186 386 3251 gusti
438 3180 566 3232 1588
607 3182 940 3249 respondentes
967 3216 982 3241 ‚
1036 3196 1168 3229 suam
1212 3195 1303 3245 pro

262 3269 442 3318 viribus
490 3284 735 3316 censuram
776 3265 1108 3314 defenderunt.
1152 3262 1295 3312 Juxta

264 3354 421 3418 ipsum
453 3349 695 3399 Cornelius
725 3368 751 3398 a
774 3347 978 3414 Lapide,
1009 3347 1080 3395 In
1101 3348 1243 3414 epist.
1263 3363 1298 3394 ιι

265 3434 331 3483 ad
369 3431 580 3481 Timoeh.
605 3446 688 3490 111,
729 3429 815 3493 163
838 3432 1106 3480 Bonfrerius
1125 3466 1140 3493 ‚
1177 3426 1299 3477 Pro-

262 3516 355 3582 leq.
373 3534 475 3582 cap.
495 3513 528 3563 8
549 3553 562 3576 ,
584 3525 695 3564 sect.
717 3531 734 3562 1
753 3531 767 3576 3
795 3514 1002 3564 Mariana
1021 3551 1035 3575 ‚
1054 3511 1098 3563 T
1094 3522 1212 3561 raet.
1243 3513 1301 3560 de

274 3600 327 3647 V
329 3599 495 3665 ulqata
519 3598 636 3647 edit.
666 3608 710 3647 et
726 3598 1057 3659 Bellarminus,
1089 3606 1299 3646 controv.

271 3682 354 3734 De
399 3682 558 3732 Verbo
594 3680 696 3731 Dei
714 3718 727 3738 ,
775 3682 988 3731 eamdem
1031 3682 1304 3730 sententiam

1376 1685 1680 1751 adoptarunt3
1701 1685 1920 1735 Janssens
1947 1686 2151 1751 idipsum
2178 1687 2407 1751 affirmat,

1371 1768 1462 1818 loc.
1493 1771 1558 1818 cit
1574 1807 1587 1830 ‚
1612 1780 1656 1817 et
1680 1771 1827 1818 citatis
1845 1769 2114 1818 auctoribus
2134 1770 2300 1837 adjecit
2315 1770 2407 1820 Ca-

1371 1869 1489 1900 num
1509 1889 1523 1912 ‚
1572 1852 1838 1917 Dupinium
1860 1889 1874 1912 ,
1916 1851 2055 1901 Rich.
2100 1851 2365 1902 Simonium
2389 1892 2404 1915 ,

1373 1934 1784 1995 Contensonium‚
1829 1935 2093 1985 Calmetum
2138 1947 2183 1986 et
2217 1937 2406 1986 moder-

1372 2035 1543 2067 norum
1568 2020 1834 2085 plerosque.
1858 2019 1939 2067 Ast
1962 2020 2100 2068 ambo
2123 2023 2406 2085 permiscent

1372 2103 1569 2150 istorum
1603 2112 1850 2150 auctorum
1882 2104 2150 2167 opinionem
2182 2105 2303 2151 circa
2330 2121 2407 2152 ra-

1371 2185 1553 2232 tionem
1584 2186 1900 2250 inspirationis
1930 2185 2085 2251 quoad
2111 2185 2229 2233 solas
2260 2202 2332 2233 res
2363 2194 2408 2234 et

1372 2268 1624 2315 sententias
1648 2303 1661 2328 ‚
1700 2284 1800 2315 non
1838 2277 1994 2315 autem
2031 2266 2188 2332 quoad
2225 2266 2406 2333 singula

1375 2349 1515 2397 verba
1556 2349 1641 2413 (in
1674 2368 1766 2416 qua
1800 2353 1939 2398 unice
1978 2351 2263 2398 conveniunt
2299 2366 2407 2398 cum

1380 2430 1541 2480 Lessio
1567 2442 1612 2481 et
1632 2432 1843 2480 Hamelio
1858 2432 1897 2496 ),
1919 2449 2027 2480 cum
2049 2434 2274 2497 opinione
2290 2449 2405 2480 con-

1372 2525 1496 2562 tenta
1526 2517 1577 2563 in
1611 2515 1727 2563 thesi
1754 2517 1911 2574 tertia,
1949 2531 2090 2579 quam
2111 2513 2297 2578 allegati
2320 2530 2407 2561 au-

1373 2608 1520 2646 ctores
1561 2599 1756 2645 minime
1790 2605 2054 2653 sectantur,
2095 2597 2190 2641 imo
2230 2606 2274 2643 et
2319 2596 2406 2660 ipsi

1372 2680 1554 2727 Lessius
1575 2690 1627 2726 *et
1643 2678 1884 2725 Hamelius
1906 2679 2004 2742 jam
2021 2675 2080 2724 ab
2095 2694 2145 2725 ea
2164 2694 2405 2742 expunxe-

1373 2770 1504 2819 rant,
1527 2776 1628 2825 quae
1647 2762 1768 2806 intra
1787 2759 2080 2824 parentheses
2099 2760 2409 2810 incluserant.

1375 2842 1541 2909 Quoad
1576 2842 1831 2891 secundam
1864 2843 2032 2891 thesim
2055 2881 2067 2904 ,
2101 2860 2211 2891 cum
2240 2861 2405 2894 sensus

1375 2929 1478 2993 ejus
1499 2928 1584 2985 sit,
1607 2942 1704 2974 non
1722 2926 1974 2991 indiguisse
1993 2929 2235 2992 scriptores
2254 2944 2406 2976 sacros

1373 3027 1501 3059 nova
1527 3009 1805 3058 revelatione
1834 3011 1954 3057 circa
1984 3026 2066 3071 ea,
2091 3027 2292 3075 quorum
2319 3009 2407 3057 sibi

1376 3094 1591 3141 notitiam
1623 3091 1833 3140 humana
1872 3091 2103 3139 industria
2142 3107 2410 3156 comparare

1376 3185 1625 3243 poterant,
1671 3173 1742 3223 nil
1782 3184 1937 3235 vetat,
1982 3172 2236 3241 quominus
2263 3173 2410 3221 iidem

1380 3269 1590 3309 auctores
1630 3260 1683 3306 in
1723 3276 1827 3306 eam
1860 3260 2030 3323 pariter
2069 3258 2406 3317 concesserint,

1379 3354 1518 3410 prout
1555 3344 1703 3407 reipsa
1745 3341 1935 3391 Cornel.
1968 3360 1994 3390 a
2031 3339 2207 3405 Lapide
2237 3339 2410 3406 aliique

1378 3429 1705 3494 praestiterunt.

1452 3511 1518 3575 (Ι)
1552 3509 1653 3558 cfr.
1692 3508 1850 3571 Jahn,
1888 3526 1965 3575 op.
2001 3518 2046 3557 et
2074 3507 2169 3557 loc.
2199 3510 2279 3557 cit.
2319 3506 2408 3556 sub

1383 3594 1529 3643 finem
1558 3591 1585 3659 ὃ
1615 3591 1700 3642 23.

1456 3677 1519 3742 (2)
1557 3675 1685 3729 Ibid.
