2502 4134
260 152 376 212 132
844 173 1041 219 rnAcr.
1089 176 1157 213 nn
1201 176 1350 214 roms
1395 175 1778 215 Tnnotoemis,

254 321 477 379 tatione
504 319 738 377 admitti
764 339 870 400 par
895 330 985 377 est
1015 332 1230 402 praeter
1256 341 1388 378 eam
1406 364 1423 392 .‚
1462 341 1644 402 quam
1676 322 1830 380 Deus
1856 321 1979 401 ipse
2005 322 2393 403 praescripsit3

251 439 430 498 porro
458 419 611 475 Deus
642 426 982 474 constanter
1015 417 1077 475 in
1115 417 1528 476 controversiis
1567 415 1835 475 homines
1870 415 1947 475 ad
1981 415 2173 497 legem
2206 418 2397 497 ipsam

252 512 533 584 remittit7
558 521 623 567 ut
651 511 724 568 Is.
755 511 882 569 VIII
898 557 913 586 a
939 510 1019 570 20
1041 556 1056 586 ‚
1091 511 1193 569 ubi
1218 510 1432 570 dicitur
1458 533 1472 570 :
1507 512 1611 572 Ad
1633 514 1815 592 leyem
1840 517 2038 592 magis
2062 514 2218 571 etad
2236 517 2399 572 testi-

251 611 552 667 monium.
606 605 871 665 Christus
924 607 1000 666 ad
1053 606 1381 688 Scripturas
1431 608 1653 689 pariter
1714 606 2029 668 Pharisaeos
2082 619 2359 688 provocat
2379 653 2395 683 .,

248 704 451 764 'dicens
473 749 489 778 ,
520 705 693 762 Joan.
733 704 812 772 V3
856 703 933 762 39
971 726 984 761 z
1018 705 1410 762 Scrutamini
1438 705 1813 781 Scripturas·
1842 704 1911 762 20
1949 705 2117 762 Ratio
2154 725 2291 763 vero
2331 704 2394 762 in

247 811 532 883 promptu
571 810 695 871 est3
740 797 1034 879 siquidem
1078 810 1346 871 constat,
1399 798 1763 878 Scripturam
1812 819 1940 858 esse
1981 799 2392 874 infallibilem,

247 907 456 978 utpote
482 893 729 956 verbum
756 895 893 968 Deip,
919 906 1125 953 contra
1151 915 1292 954 vero
1318 894 1585 953 homines
1611 893 1793 952 errori
1816 891 2095 953 obnoxios
2112 896 2392 969 existere,

248 992 482 1052 dicente
521 989 833 1072 ApostolQ
873 991 1043 1049 Rom.
1079 991 1158 1049 111
1182 1035 1199 1064 ·,
1244 989 1281 1047 4
1314 1013 1326 1047 :
1370 990 1486 1051 Est
1511 1000 1717 1048 autem
1750 991 1918 1049 Deus
1949 1011 2164 1059 veram,
2200 994 2397 1050 omnis

247 1099 454 1148 autem
478 1089 649 1147 homo
677 1087 963 1145 mendam.
995 1087 1144 1164 Ergo
1169 1087 1470 1167 Scriptura
1495 1107 1680 1166 eaque
1703 1084 1823 1143 sola
1848 1085 1935 1143 sui
1964 1085 2254 1167 interpres
2278 1097 2390 1159 est,

248 1206 312 1244 ac
342 1193 651 1266 propterea
682 1183 1217 1241 controversiarum
1246 1181 1360 1241 fide
1377 1182 1581 1258 judex.

328 1281 471 1341 201.
518 1282 693 1359 Resp.
724 1277 814 1336 Ad
843 1279 947 1352 1¹117
974 1278 1124 1357 Neq.
1148 1282 1303 1336 min.
1336 1277 1450 1337 Sed
1484 1277 1560 1336 ad
1591 1278 1935 1337 Pontificem
1966 1300 2031 1337 ac
2059 1278 2396 1338 Sacerdotes

245 1379 401 1436 Deus
420 1375 672 1435 remittit
695 1374 757 1432 in
781 1374 1191 1433 controversiis
1210 1418 1227 1448 ‚
1252 1393 1381 1454 quae
1404 1375 1559 1433 inter
1585 1371 1860 1433 Hebraeos
1880 1386 2099 1434 exortae
2122 1374 2391 1449 fuissent,

247 1483 314 1531 ut
338 1480 503 1554 patet
530 1492 600 1530 ex
625 1473 797 1529 Deut.
824 1469 981 1527 XVII
1006 1513 1021 1542 ἦ
1053 1468 1090 1528 8
1121 1480 1179 1527 et
1208 1490 1372 1550 seqq.
1401 1470 1475 1527 Se:
1499 1470 1733 1546 difficile
1754 1480 1807 1527 et
1829 1470 2195 1549 amhiyuum
2225 1471 2399 1547 apud

245 1579 297 1626 te
304 1569 630 1647 judicium
656 1586 771 1623 esse
796 1569 1240 1643 perspeoeeris...
1277 1587 1456 1645 surye
1483 1577 1538 1623 et
1572 1565 1821 1624 ascende
1850 1566 1937 1623 ad
1955 1566 2153 1622 locum
2172 1608 2189 1637 a
2220 1586 2396 1644 quem

254 1667 490 1744 eleqerit
533 1665 840 1722 Dominus
891 1661 1056 1719 Deus
1090 1671 1272 1728 tuus,
1327 1663 1634 1740 veniesque
1675 1662 1762 1719 ad
1801 1661 2139 1720 Sacerdotes
2173 1661 2397 1719 levitici

237 1763 476 1840 yeneris
493 1802 516 1830 ,
552 1769 610 1817 et
648 1758 1030 1835 adjudicem
1050 1803 1067 1826 ,
1101 1760 1212 1834 qui
1242 1760 1446 1835 fuerit
1474 1759 1577 1825 illo
1616 1769 1878 1836 tempore
1900 1801 1915 1831 a
1943 1778 2286 1836 quaeresque
2313 1759 2393 1816 ab

244 1860 331 1916 eis
339 1857 590 1933 judicii
619 1859 1006 1913 veritatem...
1042 1854 1164 1932 Qui
1194 1845 1648 1933 contempserit,
1683 1854 1886 1911 nolens
1916 1853 2151 1911 obedire
2180 1854 2393 1912 Sacer·-

244 1955 398 2012 dotis
437 1953 726 2029 imperia,
768 1954 882 2029 qui
924 1970 984 2006 eo
1033 1960 1291 2028 tempore
1332 1953 1650 2007 ministrat
1689 1949 1952 2030 Domino
1997 1949 2119 2008 Deo
2155 1960 2295 2019 tuo,
2341 1960 2396 2007 et

246 2051 472 2107 decreto
476 2048 719 2125 judicis
730 2089 751 2116 ,
780 2056 964 2103 morte
989 2048 1287 2103 morietur
1306 2047 1404 2103 ille
1425 2045 1535 2124 (l).
1553 2045 1643 2120 Sic
1669 2044 1848 2104 etiam
1873 2035 2137 2102 Christus
2159 2043 2343 2102 edixit
2371 2065 2383 2101 :

251 2146 378 2225 Qui
402 2165 498 2202 vos
520 2144 728 2210 audit,
765 2163 857 2199 me
885 2143 1131 2199 audit...
1167 2141 1291 2220 Qui
1310 2141 1654 2200 Ecclesiam
1683 2161 1808 2200 non
1833 2140 2141 2211 audierit,
2173 2143 2251 2197 sit
2276 2140 2396 2198 tihi

243 2243 402 2301 sicut
427 2239 698 2298 ethnicas
727 2248 781 2295 et
800 2238 1174 2315 publicanus
1197 2236 1304 2319 (2).

327 2335 471 2394 202.
518 2336 722 2414 Itaque
754 2333 817 2390 in
853 2331 1083 2410 objecto
1119 2333 1276 2392 Isaiae
1307 2331 1434 2391 loco
1465 2331 1863 2415 prohibentur
1888 2331 2115 2405 Judaei‚
2145 2353 2220 2391 ne
2245 2353 2390 2391 con-

246 2430 443 2491 sulant
485 2429 857 2512 pythonissas
914 2439 973 2486 et
1030 2426 1281 2486 hariolos
1326 2438 1527 2487 contra
1574 2428 1714 2508 legis
1760 2428 2012 2488 vetitum
2048 2427 2123 2487 ad
2159 2427 2386 2486 futuros

245 2539 493 2590 eventus
519 2524 955 2607 cognocendos3
984 2523 1089 2584 sed
1116 2525 1451 2607 praecipitur
1468 2571 1483 2599 .,
1515 2537 1581 2584 ut
1608 2525 1954 2585 Sacerdotes
1979 2535 2040 2584 et
2066 2523 2385 2606 Prophetas

245 2623 459 2683 adeant
505 2620 616 2702 (3).
666 2624 1094 2702 Argumentum
1137 2620 1348 2680 idcirco
1392 2622 1854 2681 protestantium
1895 2622 1957 2679 in
2009 2620 2121 2679 hoc
2172 2618 2386 2681 resolvi

1353 2877 1704 2916 controversum
1718 2905 1731 2930 ‚
1748 2867 1953 2916 arbitrio
1968 2868 2186 2932 definiat.
2197 2902 2229 2918 ..
2243 2871 2388 2934 etqui

1354 2953 1517 2999 minus
1527 2953 1781 3017 paruerit,
1803 2968 2000 3017 poenam
2022 2951 2138 3000 huic
2156 2950 2385 3000 luendam

316 2871 387 2936 (1)
426 2870 614 2934 Absque
638 2869 784 2917 dubio
803 2871 1121 2917 controversiae
1135 2904 1149 2928 ‚
1169 2885 1270 2933 quae

244 2955 369 3020 apud
407 2954 590 3003 Judaeos
621 2962 791 3002 exortae
821 2953 1046 3011 fuissent,
1081 2966 1268 3015 praeser-

245 3040 331 3085 tim
368 3039 559 3103 majoris
593 3037 851 3094 momenti,
894 3052 919 3082 a
954 3031 1185 3100 Synedrio
1220 3050 1273 3081 ac
1354 3051 1481 3092 esse,
1513 3036 1657 3099 quasi
1686 3035 1913 3082 adversus
1942 3034 2097 3084 Deum
2129 3037 2280 3100 impie
2303 3035 2382 3098 se-

245 3137 431 3167 summo
455 3118 703 3167 Sacerdote
722 3155 736 3178 ‚
765 3120 845 3183 qui
877 3116 1027 3165 cidem
1048 3125 1238 3180 praeerat
1255 3152 1269 3173 ‚

244 3203 599 3252 dirimebantur.
616 3202 716 3250 Hoc
731 3218 942 3267 expresse
960 3210 1151 3249 testatur
1165 3200 1271 3248 Fla-

243 3288 347 3334 vius
363 3284 533 3349 Joseph
548 3321 562 3343 ‚
581 3288 662 3350 qui
675 3322 688 3344 ‚
712 3283 854 3333 Com.
871 3283 1086 3349 Appion.
1106 3281 1186 3331 lib.
1205 3299 1237 3329 11
1255 3319 1268 3341 ‚

243 3387 295 3418 n.
328 3367 427 3428 23,
463 3368 577 3416 edit.
615 3366 812 3415 Haverc.
853 3368 911 3415 de
945 3363 1271 3415 Sacerdotibus

242 3455 441 3521 loquens
458 3490 472 3513 ‚
507 3449 606 3500 haec
632 3452 773 3500 habet
794 3469 807 3499 ε
828 3451 907 3499 Iis
933 3459 1093 3500 tamen
1114 3467 1271 3498 unum

242 3553 428 3603 semper
462 3533 673 3599 aliquem
703 3550 907 3598 proeesse
935 3549 1104 3598 qenere
1124 3535 1269 3598 prin-

244 3622 399 3685 cipem
413 3655 425 3674 ,
450 3618 538 3682 qui
557 3633 669 3664 cum
691 3615 805 3663 aliis
822 3617 1145 3665 sacerdotibus
1165 3616 1269 3663 Deo

246 3702 509 3766 sacrificet,
540 3698 659 3766 leqes
687 3698 948 3766 custodiat,
974 3702 1019 3749 si
1040 3699 1160 3768 quid
1177 3700 1271 3750 erit

1354 3120 1488 3166 cerie.
1515 3117 1639 3183 Opp.
1662 3128 1775 3166 tom.
1798 3136 1830 3166 n
1848 3156 1862 3177 ‚
1895 3135 1998 3184 pag.
2017 3117 2139 3182 485.
2160 3118 2381 3166 Nondum

1355 3204 1482 3250 enim
1501 3201 1720 3250 stolidum
1738 3202 1863 3253 istud
1878 3201 2239 3250 Protestantium
2258 3217 2384 3249 com-

1356 3294 1588 3347 mentum,
1604 3283 1661 3330 de
1672 3280 1906 3348 Scriptura
1918 3284 2230 3347 suimetipsius
2245 3286 2382 3332 unica

1354 3366 1599 3431 interprete
1619 3403 1633 3426 ‚
1670 3368 1950 3431 cujusquam
1987 3374 2191 3413 mentem
2231 3368 2384 3414 inces-

1355 3460 1491 3498 serat.
1535 3448 1635 3496 Cfr.
1673 3450 1809 3496 etiam
1850 3446 2058 3496 Becanus
2076 3482 2092 3507 ‚
2139 3447 2379 3496 Manuale

1353 3541 1560 3580 controv.
1593 3530 1679 3580 lib.
1714 3549 1729 3579 1
1749 3568 1762 3592 ,
1796 3549 1901 3596 cap.
1933 3529 1994 3591 5,
2023 3549 2072 3578 n.
2096 3530 2160 3594 43
2183 3542 2227 3580 et
2245 3549 2377 3597 seqq.

1427 3614 1490 3677 (2)
1526 3613 1640 3663 Luc.
1678 3633 1732 3675 x,
1769 3611 1861 3677 163
1889 3612 2059 3663 Matth.
2086 3630 2229 3674 xvm,
2263 3629 2340 3677 17.

1426 3696 1494 3763 (3)
1519 3696 1591 3748 En
1610 3696 1746 3748 verba
1763 3697 2027 3749 immediate
2045 3695 2343 3764 praecedentia
2361 3710 2374 3741 ε
