2502 4134
914 137 1112 177 TRACT.
1160 139 1229 174 DE
1271 137 1424 176 mels
1467 138 1848 178 THEOLOGICIS.

319 120 434 181 180

306 288 540 367 perleve
559 292 713 343 certo
743 290 861 352 est,
896 289 951 337 et
976 280 1135 360 quod
1158 298 1278 338 imo
1301 282 1473 358 apice
1501 284 1806 340 rasa-rciri
1819 284 2077 360 possit...
2103 282 2288 341 Hane
2309 303 2447 361 quo·

312 387 425 441 ties
451 400 591 439 eum
617 377 903 436 hebraica
941 379 1186 434 veritate
1226 375 1622 447 contulimus,
1664 380 1827 435 toties
1861 380 1932 434 in
1963 397 2218 455 maynas
2250 380 2446 457 ipsius

313 477 659 554 interpretis
687 472 894 530 laudes
911 474 1258 550 erupimus,
1293 469 1594 528 admirati
1615 481 1852 530 tantam
1879 475 2286 549 majestatem,
2315 481 2448 529 tan-

310 582 438 629 tam
478 572 548 628 in
587 567 996 645 transferendo
1032 564 1474 645 prudentiam,
1518 575 1760 623 tantam
1794 567 2117 643 judicium
2141 610 2156 640 ,
2211 575 2447 624 tantum

310 667 601 745 leporem,
645 673 880 721 tantam
909 662 1445 741 perspicuitatem,
1488 659 1747 739 etc.·(]).
1791 662 1910 720 Nec
1952 660 2181 721 diversa
2224 659 2447 719 ratione

312 761 386 822 de
420 761 620 840 lingua
656 758 913 838 Vulgatae
946 756 1227 839 judicium
1263 756 1528 815 tulerunt
1565 754 2275 819 celebresProtestantes.

390 855 535 915 267.
582 853 849 914 Alterum
890 874 1065 928 verO,
1113 851 1272 934 quod
1317 849 1674 933 praedicant,
1715 850 2183 912 emolumentum
2225 852 2443 912 nullius

309 951 533 1034 pariter
558 948 846 1009 momenti
874 959 961 1008 est
982 994 998 1023 ,
1033 959 1162 1007 tum
1186 948 1321 1031 quia
1342 947 1635 1009 variantes
1658 947 1795 1029 ipsse
1818 946 2100 1007 lectiones
2131 949 2446 1008 conferunt

308 1047 386 1107 ad
418 1047 679 1108 criticam
721 1056 780 1105 et
817 1045 1167 1123 exegeticarn
1194 1089 1211 1117 .,
1246 1065 1313 1102 ae
1345 1042 1517 1102 utiles
1546 1043 1796 1124 proinde
1831 1054 1970 1102 sunt
1998 1043 2090 1124 (2)
2110 1054 2285 1118 3‘tum
2304 1046 2444 1126 quia

308 1142 735 1202 incurreremus
768 1141 831 1198 in
855 1139 1019 1199 aliud
1062 1137 1542 1212 incommodum3
1583 1136 2069 1220 quandoquidem
2109 1160 2264 1198 nova
2298 1142 2449 1217 ejus-

310 1236 475 1296 modi
501 1236 692 1299 versio
720 1235 994 1316 componi
1019 1233 1179 1293 haud
1210 1244 1408 1316 posset
1435 1254 1568 1292 cum
1595 1244 1682 1292 tot
1712 1232 2073 1295 variantibus
2094 1233 2448 1293 lectionibus

309 1342 585 1392 textuum
624 1342 754 1391 tum
802 1328 1064 1389 hebraici
1114 1340 1245 1388 tum
1289 1328 1496 1409 graeci,
1546 1350 1833 1411 novaeque
1875 1329 2281 1389 controversiae
2313 1327 2449 1410 pul-

307 1423 615 1486 lulassent.

385 1522 529 1581 268.
573 1519 706 1599 Obj.
753 1519 1036 1580 Secunda.
1073 1519 1132 1579 Si
1178 1518 1485 1578 historiam
1522 1518 1884 1579 recensionis
1928 1519 2188 1600 Vulgatae
2233 1540 2447 1578 consu·

305 1615 496 1675 lamus
514 1661 531 1692 .‚
574 1638 753 1698 quam
770 1614 1111 1696 imperfecta
1134 1615 1259 1674 haec
1282 1615 1357 1673 sit
1374 1615 1555 1694 magis
1579 1614 2112 1694 deprehendemus.
2146 1614 2266 1675 Vix
2285 1615 2448 1675 enim

307 1711 722 1770 Tridentinum
744 1711 819 1770 de
848 1721 1047 1771 vetere
1069 1721 1129 1769 et
1162 1709 1407 1789 Vulgata
1442 1709 1696 1768 editione
1724 1713 2205 1770 emendatissime
2238 1710 2447 1793 impri-

305 1806 524 1865 menda
547 1805 849 1866 de‘oretum
877 1805 1073 1864 emisit
1093 1851 1110 1879 ,
1150 1816 1218 1863 ut
1255 1806 1426 1864 Rom.
1461 1806 1769 1865 Pontifices
1799 1805 1871 1864 ad
1899 1827 2023 1866 sese
2047 1805 2201 1865 illud
2230 1806 2449 1886 negotii

304 1901 714 1964 revocaverint
735 1946 751 1976 ,
792 1898 951 1983 quod
979 1899 1367 1961 Lovanienses
1393 1898 1672 1979 Theologi
1693 1901 1974 1982 perficere
2006 1913 2311 1984 coeperant
2334 1900 2443 1982 (3).

305 1996 440 2055 Pius
458 1997 530 2055 IV
559 2007 617 2056 et
640 1997 771 2055 Pius
794 1997 839 2054 V
862 2039 878 2068 ,
904 1994 1449 2074 congregationibus
1481 1994 1559 2053 ad
1587 1995 1649 2052 id
1679 1995 1960 2054 institutis
1984 2041 1999 2070 ,
2023 1996 2446 2055 correctionem

310 2091 727 2151 maturandam
743 2088 1116 2150 tradiderunt
1136 2114 1153 2164 .·‚
1174 2101 1263 2149 ast
1279 2089 1424 2150 Sixti
1445 2090 1487 2147 V
1504 2089 1736 2153 fervens
1758 2090 2022 2151 alacritas
2039 2092 2241 2151 omnis.
2260 2113 2441 2152 morae

364 2306 443 2375 (l)
476 2308 615 2358 Praef.
643 2307 703 2357 ad
730 2308 839 2356 lect.
872 2324 949 2372 op.
980 2304 1172 2354 Veteris
1199 2305 1322 2354 Tes-

301 2399 421 2439 tam.
445 2389 511 2437 ad
531 2390 776 2438 veritatem
794 2387 1009 2436 hebr-aie.
1034 2387 1325 2451 recoquitw,

304 2472 470 2522 Venet.
507 2470 635 2539 1829
651 2509 665 2534 ,
695 2481 739 2520 et
767 2471 817 2519 in
836 2489 912 2537 op.
936 2468 993 2517 V
990 2468 1154 2534 ulqata
1183 2468 1328 2516 editio

301 2571 369 2602 an
394 2556 458 2602 sit
486 2553 809 2620 Hieronymi,
848 2550 1006 2617 1534,
1045 2552 1173 2618 apud
1208 2552 1327 2600 Bru-

302 2638 403 2685 nati
428 2673 441 2696 ,
471 2636 586 2685 diss.
615 2639 701 2686 cit.
731 2653 835 2702 pag.
865 2633 950 2685 81.

371 2718 440 2782 (2)
477 2718 657 2767 Hodius
682 2754 696 2779 ,
746 2736 824 2783 op.
869 2719 950 2766 cit.
994 2714 1074 2763 De
1112 2712 1321 2762 Biblior.

302 2800 509 2849 textibus
525 2798 777 2863 oriqinal„
798 2809 890 2848 etc.
906 2797 992 2847 lib.
1010 2811 1094 2856 ιιι,
1113 2813 1216 2861 cap.
1243 2793 1324 2851 16,

302 2892 633 2933 commemorat
651 2881 916 2929 Alberieum
931 2878 1161 2927 Gentilem
1176 2893 1232 2925 ex
1252 2894 1326 2925 ca-

302 2965 472 3013 tholico
500 2972 859 3030 protestantem,
888 2970 1021 3026 gente
1050 2958 1217 3007 Italum
1253 2968 1323 3006 at-

304 3063 395 3111 que
408 3048 457 3093 in
470 3049 670 3095 univers
684 3043 935 3094 Oxoniensi
949 3041 1324 3109 jurisprudentiae

303 3127 647 3191 professorem,
682 3129 764 3193 qui
807 3124 1018 3174 libellum
1060 3122 1205 3172 edidit
1244 3121 1323 3171 De

303 3205 540 3256 latinitate
578 3207 770 3256 Veteris
797 3205 1071 3255 Bibliorum
1091 3206 1323 3254 versionis

302 3288 426 3337 male
451 3297 694 3339 accusata.
729 3289 860 3341 Obiit
888 3306 1022 3355 porro
1055 3287 1216 3336 infelix
1245 3287 1321 3335 hic

302 3381 510 3440 apostata
543 3388 624 3421 an.
651 3369 792 3421 1608.
813 3369 1050 3421 Michaelis
1067 3406 1085 3432 ,
1112 3380 1231 3420 tom.
1252 3384 1310 3431 11,

302 3456 436 3522 chap.
462 3471 526 3521 7.,
562 3465 672 3504 sect.
700 3453 797 3518 24,
836 3454 1063 3516 ostendit,
1104 3456 1317 3503 criticum

302 3538 430 3587 haud
463 3538 674 3603 exiguam
706 3536 944 3586 utilitatem
972 3555 1026 3586 ex
1057 3536 1205 3585 verbis
1240 3545 1319 3586 aut

303 3620 549 3686 phrasibus
575 3618 727 3669 latinae
754 3617 925 3683 linguae
943 3655 959 3682 ,
994 3636 1094 3687 quae
1118 3621 1167 3668 in
1195 3618 1315 3669 Novi

1423 2306 1713 2355 Testamenti
1744 2309 1950 2356 versione
1979 2311 2295 2374 reperiuntur,
2323 2309 2441 2360 hau-

1419 2391 1510 2437 rire
1542 2406 1670 2453 posse
1690 2425 1704 2449 ,
1747 2399 1887 2455 atque
1923 2391 2160 2439 concludit
2192 2409 2207 2441 :
2245 2391 2298 2439 Il
2325 2391 2449 2441 n'est

1419 2487 1583 2521 aucun
1610 2471 1761 2536 motis
1763 2488 1893 2538 pour
1923 2475 2095 2521 traiter
2121 2489 2235 2522 avec
2264 2477 2442 2540 inepris

1418 2550 1465 2599 Ia
1507 2550 1565 2599 V
1562 2550 1751 2616 alyate,
1791 2570 1882 2617 que
1909 2556 1968 2619 je
1996 2551 2290 2619 preferentis
2327 2557 2359 2603 ὰ
2394 2555 2442 2605 la

1418 2632 1563 2681 Bihle
1591 2633 1650 2681 de
1680 2633 1914 2693 Castalio,
1934 2651 2064 2699 pour
2091 2634 2138 2683 la
2164 2638 2330 2684 raison
2352 2655 2442 2703 que

1402 2715 1463 2779 je
1487 2716 1624 2762 viens
1653 2714 1710 2762 de
1734 2714 1856 2763 dire.
1878 2713 1985 2763 J'ai
2011 2726 2207 2765 souvent
2225 2718 2362 2784 parle
2383 2720 2440 2768 de

1417 2813 1468 2844 ce
1498 2798 1625 2861 sajet
1658 2812 1772 2844 avec
1810 2795 1850 2843 le
1879 2796 2056 2846 celebre
2096 2799 2283 2849 Gesner
2303 2839 2316 2863 ,
2354 2802 2442 2867 qui

1417 2879 1550 2925 avait
1569 2887 1786 2926 coutame
1811 2878 1868 2926 de
1891 2879 2022 2942 dire,
2044 2898 2132 2946 que
2157 2882 2204 2930 la
2231 2882 2287 2931 V
2284 2883 2438 2949 alyate

1415 2961 1533 3007 etait
1551 2976 1681 3025 pour
1701 2958 1776 3008 lui
1802 2977 1871 3009 un
1900 2961 2022 3011 livre
2042 2963 2303 3030 classique,
2336 2980 2437 3013 non

1413 3039 1534 3106 qu’il
1545 3043 1641 3107 pi‘i't
1659 3042 1932 3108 apprendre
1958 3044 2091 3093 d'elle
2114 3061 2182 3092 un
2202 3044 2325 3093 latin
2343 3045 2435 3094 ele-

1412 3132 1559 3188 qam,
1599 3125 1725 3171 mais
1750 3141 1899 3190 parce
1927 3125 2095 3190 qu’elle
2125 3125 2199 3174 lui
2229 3127 2433 3176 domnail

1415 3206 1479 3257 les
1504 3224 1697 3272 moyens
1725 3207 2035 3258 d'embrasser
2074 3208 2116 3257 le
2149 3209 2271 3259 latin
2307 3211 2432 3260 dans

1412 3298 1537 3339 toute
1571 3306 1657 3338 son
1685 3291 1903 3341 etendue.

1480 3373 1550 3439 (3)
1593 3373 1772 3424 Concil.
1800 3374 2129 3425 Tridentinum
2187 3377 2423 3429 decretum

1401 3473 1539 3506 suum
1572 3456 1716 3506 edidit
1748 3456 1826 3505 die
1903 3455 2053 3522 April.
2095 3457 2241 3524 1546.
2266 3459 2419 3510 Prima

1403 3554 1508 3587 vero
1551 3537 1691 3586 editio
1733 3536 2031 3589 Lovaniensis
2078 3541 2252 3609 prodiit
2297 3559 2419 3593 anno

1402 3636 1513 3670 mox
1540 3621 1803 3687 insequenti
1840 3616 1982 3688 1547.
