2502 4134
259 151 418 194 Psnr.
463 153 527 191 11.
575 151 723 189 suc-r.
768 151 831 186 11.
881 146 1003 188 cAP.
1053 147 1092 184 1.
1140 149 1207 185 nu
1251 147 1444 186 mium.
1491 147 1557 184 ur
1598 145 1782 183 uxisr.
1835 145 2002 183 νειμ).
2065 124 2186 184 271

169 293 306 354 404.
349 293 655 374 Gregorius
703 313 877 373 porro
917 289 1294 349 Ariminensis
1318 300 1563 349 eatenus
1591 288 1977 354 contendit'in
2008 289 2197 371 Scrip-

87 402 214 449 tura
244 401 343 448 aut
367 387 684 447 formaliter
707 387 828 447 sive
869 406 1138 465 expresse
1172 387 1440 444 veritates
1463 384 1537 442 ad
1562 383 1809 443 salutem
1845 385 2194 443 necessarias

88 484 403 556 contineri7
444 494 543 540 aut
581 503 652 541 ex
689 503 754 540 ea
786 480 1036 539 mediate
1075 478 1318 554 deduci,
1365 490 1654 559 quatenus
1678 479 1966 537 humanas
1996 477 2198 537 exclu-

89 579 178 637 dit
215 578 713 650 ratiocinationes,
761 597 886 657 quae
929 597 1051 633 non
1088 575 1425 632 innituntur
1467 573 1850 647 revelationi,
1889 574 1989 634 sed
2019 573 2197 633 solius

87 675 327 732 rationis
370 673 698 754 principiiS,
743 675 918 751 atque
946 670 1051 728 has
1074 670 1345 728 veritates
1377 667 1552 725 solius
1576 669 1814 727 rationis
1854 690 1964 749 ope
2008 668 2196 728 dedu-

88 782 210 829 ctas
248 792 368 827 non
397 767 747 846 theologice,
786 765 887 824 sed
927 763 1323 846 philosophice
1353 773 1584 820 tantum
1636 760 1869 842 probari
1905 763 2194 837 affirmat,

91 865 366 923 nimirum
396 862 467 921 ad
493 860 920 944 philosophiam
940 905 958 932 .,
981 881 1102 918 non
1119 854 1314 917 autem
1339 856 1413 914 ad
1428 855 1780 936 theologiam
1805 869 2064 938 spectare
2081 856 2192 937 (l).

172 951 310 1016 405.
361 960 559 1015 Scotus
593 956 809 1036 pariter
840 954 1126 1026 affirmat,
1176 950 1333 1032 quod
1367 962 1426 1009 et
1451 972 1570 1034 -nos
1603 949 1845 1010 dicimus
1867 997 1882 1021 ,
1922 954 2199 1014 veritates

95 1074 299 1112 omnes
323 1052 396 1111 ad
440 1050 683 1110 salutem
725 1049 929 1107 viatori
960 1046 1304 1106 necessarias
1334 1045 1394 1101 in
1427 1045 1738 1125 Scripturis
1788 1047 2074 1106 contineri
2100 1046 2198 1107 vel

94 1147 344 1208 mediate
389 1145 484 1206 vel
523 1142 889 1214 immediate,
945 1140 1079 1221 quia
1120 1139 1235 1197 illae
1279 1139 1591 1212 veritateS‚
1637 1160 1768 1217 quae
1825 1161 2091 1221 expresse
2133 1143 2200 1201 in

94 1243 397 1323 Scripturis
438 1260 557 1297 non
588 1236 916 1309 habentur,
966 1233 1345 1313 continentur
1382 1233 1444 1289 in
1483 1232 1849 1309 Traditione‚
1903 1235 1979 1293 ad
2019 1258 2200 1317 quam

93 1337 394 1416 Scripturas
421 1354 526 1391 nos
559 1331 892 1391 remittunt.
934 1330 1083 1387 Sane
1127 1329 1329 1387 Scotus
1366 1326 1503 1385 alibi
1541 1327 1781 1403 scribit,
1825 1329 2021 1410 plures
2066 1332 2206 1391 fidei

92 1431 362 1488 veritates
401 1426 642 1499 haberi,
691 1446 820 1507 quae
854 1446 960 1507 per
1003 1422 1187 1483 solam
1234 1423 1606 1483 traditionem
1647 1424 1722 1482 ad
1766 1447 1872 1484 nos
1913 1446 2205 1506 pervene-

91 1535 229 1582 runt
258 1524 368 1602 (2).
2125 1519 2128 1522 ’

91 1746 195 1797 quae
222 1731 272 1776 in
303 1729 414 1776 edit.
437 1728 511 1776 Du
536 1727 655 1775 Piuii
679 1729 911 1775 invenitur
932 1729 1097 1775 imme·
1177 1725 1303 1790 quod
1331 1724 1580 1773 discursus
1587 1725 1788 1790 proprie
1804 1723 2089 1789 theologicus
2106 1733 2207 1782 est,

91 1812 211 1860 diate
227 1821 327 1874 post
343 1820 469 1858 tract.
483 1809 564 1859 De
577 1811 797 1857 examine
812 1809 1092 1863 doctrinar„

92 1895 142 1940 in
159 1892 298 1957 gradu
323 1891 522 1940 secundo
537 1927 552 1951 ‚
572 1908 677 1954 pag.
707 1905 770 1938 22
787 1927 800 1950 ‚
828 1891 924 1938 haec
943 1890 1102 1938 scribit

92 1973 332 2022 Gersonius
363 1989 377 2023 ε
411 1972 660 2021 Secundus
683 1972 864 2037 qradus
887 1981 954 2019 est
978 1973 1102 2020 veri-

92 2064 242 2104 tatum
286 2054 343 2102 ab
381 2053 600 2105 Ecclesia
642 2055 1099 2117 determinatarum,

91 2153 197 2201 qum
223 2136 282 2183 ab
311 2135 584 2183 indubitata
614 2135 836 2182 relatione
855 2133 1101 2200 Apostolo-

94 2236 203 2267 rum
224 2235 316 2284 per
346 2220 682 2266 successionem
718 2218 994 2265 continuam
1020 2217 1102 2264 de-

95 2308 340 2347 venerunt.
387 2299 481 2346 Est
521 2307 677 2346 autem
728 2299 830 2347 haec
874 2297 1104 2346 Ecclesiae

95 2383 353 2428 auctoritas
380 2389 514 2428 tanta
531 2415 546 2439 ‚
587 2389 640 2428 ut
671 2380 849 2428 diceret
869 2382 1104 2444 Augusti-

93 2478 189 2508 nus
283 2459 544 2526 Evanqelio
577 2478 671 2509 non
709 2461 971 2522 crederem,
1015 2468 1102 2509 etc.

103 2543 396 2608 Quanquam
424 2545 636 2590 vicissim
664 2542 767 2590 dici
787 2544 968 2606 possit,
1002 2540 1054 2589 E
1055 2558 1104 2589 c-

94 2623 248 2672 clesioe
270 2641 367 2671 non
391 2624 648 2681 crederem,
671 2625 717 2671 si
731 2640 828 2671 mon
849 2623 1106 2671 auctoritas

96 2702 362 2771 Scripturas
396 2704 667 2770 impelleret.
698 2703 766 2754 Et
797 2707 868 2753 ita
903 2704 1106 2752 diversis
1169 2753 1175 2758 ,

95 2787 379 2853 respectibus
417 2789 678 2835 auctoritas
714 2795 913 2850 utraque
942 2793 1107 2833 mutuo

84 2885 146 2916 se
174 2870 439 2933 confirmat.
474 2868 573 2917 Cfr.
610 2877 822 2933 praetcrea
847 2871 896 2915 in
924 2865 1106 2932 Propo-

98 2951 351 2999 sitionibus
371 2951 426 2999 de
444 2968 587 2999 sensu
608 2950 806 2998 litterali
821 2968 917 2998 sac.
939 2950 1106 3015 Scrip-

100 3039 219 3080 turoe
234 3068 250 3093 ,
286 3031 402 3081 ibid.
429 3051 531 3098 pag.
556 3049 585 3080 2
604 3070 616 3092 ‚
639 3032 719 3081 ubi
743 3032 901 3093 scribit
924 3049 937 3080 ε
966 3030 1108 3097 Quod

102 3111 418 3178 Evangelium
472 3115 641 3162 θίαν-οἱ
685 3115 746 3161 sit
788 3112 1107 3178 Evanqelium

108 3181 402 3260 Christiplus
414 3213 552 3260 quam
567 3193 616 3245 E
620 3194 888 3259 vanqclium
903 3195 957 3243 S.
978 3194 1027 3242 T
1025 3194 1106 3242 lto-

104 3288 192 3320 moe
222 3275 294 3323 vel
318 3277 568 3326 Nicodemi
591 3278 830 3327 credimus
864 3293 922 3325 ex
947 3275 1104 3325 tradi-

106 3352 229 3400 tione
254 3354 495 3410 Ecclesiae.
526 3359 582 3408 Et
608 3360 719 3408 alibi
749 3362 919 3425 passim
945 3359 1107 3407 eadem

106 3433 319 3485 inculcat.

175 3513 238 3578 (l)
276 3516 360 3566 Hic
389 3530 453 3568 est
474 3539 634 3589 scopus
661 3527 799 3573 totius
829 3524 1005 3574 articuli
1037 3538 1107 3572 se-

107 3598 246 3644 cundi
264 3634 278 3657 ‚
310 3616 448 3665 quem
477 3605 541 3652 sic
562 3606 741 3655 resolvit
765 3622 777 3654 ι
802 3605 1103 3672 Respondeo,

1178 1811 1267 1874 qui
1301 1817 1482 1856 constat
1517 1825 1574 1855 ex
1612 1809 1755 1856 dictis
1791 1810 1891 1855 sive
1917 1808 2203 1873 propositio-

1185 1890 1329 1938 nibus
1373 1893 1431 1937 in
1473 1906 1612 1938 sacra
1649 1886 1906 1955 Scriptura
1936 1891 2200 1951 contentis,

1185 1971 1258 2020 vel
1286 1989 1344 2019 ea:
1377 1971 1453 2018 liis
1479 1988 1585 2035 quae
1619 1971 1922 2019 deducuntur
1938 1973 2103 2032 exeis,
2131 1972 2208 2020 vel

1184 2052 1349 2100 saltem
1374 2069 1436 2100 ex
1464 2052 1614 2100 altera
1638 2051 1802 2117 hujus.
1826 2051 1988 2117 Itaque
2006 2089 2019 2109 ‚
2050 2061 2205 2118 utpa-

1186 2146 1247 2184 tet
1263 2166 1282 2195 ,-
1301 2135 1547 2199 Gregorius
1568 2134 1712 2183 Arim.
1734 2152 1828 2181 non
1846 2134 2207 2199 opponitScrip-

1186 2228 1335 2265 turam
1357 2217 1614 2264 Traditioui
1631 2255 1643 2275 ‚
1666 2218 1744 2264 sed
1769 2218 1980 2263 humanae
2010 2219 2204 2279 rationi3

1186 2298 1426 2362 alioquin,
1463 2309 1514 2345 ut
1546 2299 1718 2346 ibidem
1754 2298 1918 2354 docet,
1955 2297 2206 2361 Theologia

1186 2378 1280 2426 non
1307 2390 1421 2427 esset
1446 2381 1635 2427 scientia
1662 2379 1817 2426 divina
1836 2414 1851 2439 ,
1877 2378 1952 2425 sed
1976 2378 2204 2428 humana.

1187 2459 1244 2506 Et
1262 2475 1369 2508 sane
1387 2477 1525 2508 nemo
1543 2459 1733 2507 sortasse
1755 2476 1809 2507 ex
1832 2460 2060 2507 veteribus
2074 2460 2207 2508 scho-

1186 2540 1353 2588 lasticis
1379 2543 1521 2605 magis
1548 2550 1676 2604 urget
1699 2538 1749 2589 S.
1782 2541 2024 2604 Augustini
2043 2550 2208 2590 aucto·

1187 2624 1370 2670 ritatem
1403 2640 1543 2688 quam
1574 2621 1832 2687 Gregorius.

1259 2704 1323 2767 (³2)
1355 2704 1570 2762 Etenim,
1600 2703 1686 2751 lib.
1714 2720 1766 2765 1,
1801 2703 1909 2751 dist.
1946 2719 1997 2751 ιι
2020 2739 2034 2764 ,
2061 2720 2113 2770 q.
2150 2719 2167 2752 1
2187 2740 2203 2766 ‚

1190 2785 1302 2834 edit.
1322 2787 1543 2850 Antverp.
1571 2781 1722 2844 1620,
1748 2794 1863 2832 tom.
1893 2802 1934 2842 ι,
1957 2802 2058 2849 pag.
2074 2800 2200 2847 210,

1188 2867 1287 2914 haec
1329 2867 1520 2926 scribit,
1566 2884 1665 2931 quae
1714 2865 1753 2912 si
1797 2866 1983 2914 vidisset
2026 2865 2206 2916 Palmer

1190 2966 1432 3014 uunquam
1458 2950 1777 2996 auctoritatem
1805 2947 1928 3005 Scoti
1958 2948 2092 2996 nobis
2118 2948 2205 2997 ob·

1186 3032 1364 3097 jecisset
1383 3048 1396 3078 ε
1421 3030 1572 3089 Dico,
1594 3030 1721 3094 quod
1742 3028 1990 3077 Christum
2012 3030 2206 3078 descen-

1189 3112 1314 3160 disse
1329 3111 1393 3159 ad
1409 3111 1603 3175 inferna
1621 3149 1633 3170 ‚
1651 3127 1748 3158 non
1765 3111 1956 3159 docetur
1968 3114 2022 3158 in
2035 3111 2085 3161 E
2088 3128 2205 3160 van-

1185 3193 1307 3259 qclio
1321 3214 1339 3252 ,·
1377 3202 1420 3240 et
1461 3203 1619 3241 tamen
1666 3193 1923 3240 tenendum
1966 3203 2033 3241 est
2079 3196 2206 3243 sicut

1188 3277 1428 3326 articulus
1447 3277 1597 3340 fidei,
1631 3278 1748 3341 quia
1774 3279 1978 3342 ponitur
2001 3281 2054 3325 in
2076 3295 2205 3343 sym-

1187 3359 1289 3408 bolo
1323 3358 1691 3425 Apostolorum,·
1726 3360 1797 3406 ita
1832 3358 1981 3408 inulta
2015 3359 2116 3407 alia
2144 3359 2205 3406 de

1189 3441 1517 3490 Sacramentis
1564 3438 1796 3489 Ecclesioe
1838 3457 1937 3488 nou
1973 3452 2088 3489 sunt
2120 3457 2204 3489 ea·-

1185 3539 1349 3588 pressa
1374 3524 1431 3570 iu
1463 3521 1760 3586 Evanqelio,
1782 3530 2005 3571 ettamen
2031 3522 2203 3571 Eccle-

1189 3606 1266 3652 sia
1283 3613 1406 3652 tenet
1419 3639 1434 3664 ,
1467 3603 1550 3651 illa
1573 3620 1670 3652 esse
1691 3603 1869 3653 tradita
1886 3603 2202 3665 certitudiua-
