2502 4134
241 146 360 207 328

831 166 1033 205 TnAc'r.
1080 167 1150 205 DE
1192 166 1344 206 LOCIS
1386 169 1766 211 TEROLomcls.

241 307 709 374 Protestantibus
743 308 1111 370 institerunt.
1166 309 1378 370 Daniel
1427 313 1851 392 Hoffmannus‘,
1889 315 2200 400 theologiae
2243 340 2376 399 pro—

240 410 425 470 fessor
469 409 533 465 in
581 406 965 467 universitate
1020 407 1538 484 Helmstadtiensi‚
1593 412 1841 473 mortale
1892 414 2118 475 bellum
2161 415 2375 475 indixit

239 504 483 577 rationi,
520 502 953 584 philosophiam
1001 526 1151 582 opus
1185 499 1777 587 earnis'appellans,
1821 511 2097 592 quodque
2138 513 2198 570 in
2239 511 2376 593 phi-

238 598 502 681 losophia
547 611 722 680 prout
758 621 967 659 verum
995 599 1367 675 defenditur,
1404 600 1466 659 in
1502 601 1790 682 theologia
1828 603 2036 664 falsum
2070 628 2192 666 esse
2230 630 2377 667 con-

241 695 491 754 tendens
530 694 640 773 (l).
686 695 856 754 Plura
897 696 1175 755 adversus
1224 695 1548 755 humanam
1588 698 1878 757 rationem
1916 703 2201 778 congessit
2230 704 2375 761 Ber-

240 790 523 850 nardinus
538 790 796 850 Ochinus
813 837 827 865 ,
851 815 1032 873 quum
1057 791 1133 850 ad
1157 804 1504 851 novatorum
1530 815 1756 852 errores
1781 795 1989 854 misere
2009 795 2250 855 deflexit
2264 798 2374 878 (2).

241 888 362 946 Nec
390 886 501 946 alio
535 886 835 968 spectabat
875 886 1151 947 Calvinus
1173 933 1190 962 ,
1235 888 1381 947 dum
1421 888 1590 948 liberi
1617 887 1842 948 arbitrii
1876 890 2313 951 immunitatem
2346 915 2381 952 a

243 982 448 1064 quavis
485 985 829 1043 necessitate
868 983 1049 1044 veluti
1087 983 1563 1066 philosophicum
1606 985 1817 1065 dogma
1862 985 2179 1063 irridebat,
2220 988 2381 1071 quod

240 1080 305 1139 in
327 1078 634 1158 Theologia
661 1091 811 1139 esset
836 1079 1313 1162 posthabendum
1331 1081 1436 1161 (3).
1459 1083 1585 1141 Huc
1606 1083 1828 1164 pariter
1846 1083 2176 1142 Kemnitius
2193 1129 2208 1157 ,
2237 1083 2381 1144 dum

242 1196 365 1233 non
397 1196 521 1235 esse
549 1175 875 1235 curandum
906 1175 1203 1251 edicebat,
1239 1178 1285 1236 si
1321 1177 1456 1236 fidei
1484 1177 1758 1259 dogmata
1790 1179 2157 1239 vindicantes
2187 1180 2249 1238 in
2276 1182 2382 1239 ab·

241 1271 562 1331 surditates
589 1273 1032 1352 philosophicas
1069 1273 1435 1332 incurramus
1465 1273 1579 1354 (4).
1626 1276 1752 1333 Huc
1788 1275 2063 1351 demum,
2110 1287 2176 1334 ut
2213 1275 2381 1359 plura

244 1368 354 1450 alia
386 1368 649 1449 ejusdem
681 1370 908 1449 generis
939 1369 1172 1430 silentio
1208 1381 1658 1453 praetereamus,
1707 1370 1914 1431 recidit
1943 1371 2210 1431 doctrina
2245 1371 2378 1448 illa,

247 1624 357 1674 fidei
380 1621 615 1672 infallibili
635 1638 798 1670 norma
819 1658 832 1682 ,
862 1621 1088 1670 nimirum
1110 1618 1273 1668 Eccle-

248 1709 328 1756 siae
362 1708 630 1755 auctoritate
660 1705 896 1768 indigere,
926 1703 1069 1768 idque
1094 1717 1147 1749 ex
1176 1704 1275 1765 ipsa

247 1789 577 1839 incertitudine
624 1805 678 1835 ac
719 1789 970 1844 varietate,
1003 1788 1077 1833 cui
1112 1784 1273 1848 religio

249 1871 411 1920 divina
440 1870 741 1928 subderetur,
772 1870 809 1916 si
843 1884 895 1916 ea
924 1866 1166 1915 fallacibus
1198 1884 1274 1914 ra-

249 1958 390 2005 tionis
417 1956 592 2021 placitis
625 1955 782 2003 relicta
819 1964 964 2011 esset3
1001 1951 1128 2000 aliud
1167 1968 1274 2000 vero

248 2040 418 2087 rationi
445 2037 675 2086 naturales
701 2041 823 2101 ipsas
859 2038 978 2083 vires
1015 2034 1073 2082 ad
1107 2051 1270 2082 verum

249 2122 300 2168 in
325 2118 520 2168 naturali
546 2119 707 2167 ordine
735 2117 1108 2182 cognoscendum
1130 2117 1275 2164 dene-

249 2220 370 2267 gare.
398 2202 516 2249 Illud
543 2203 835 2250 verissimum
867 2210 965 2259 est,
1002 2217 1055 2247 ac
1087 2199 1272 2247 Protes-

248 2287 451 2332 tantium
483 2284 603 2331 facto
633 2283 1026 2347 comprobatum3
1065 2282 1153 2329 hoc
1186 2280 1273 2328 fal-

249 2384 352 2415 sum
377 2378 469 2426 est,
489 2377 533 2415 et
554 2384 578 2414 a
599 2368 777 2414 saniore
804 2365 1034 2413 catholica
1061 2363 1272 2413 doctrina

251 2451 443 2497 omnino
470 2446 804 2512 improbatum.

317 2530 384 2594 (1)
423 2529 494 2578 De
516 2529 586 2577 his
601 2528 938 2591 pertractatJo.
961 2528 1127 2576 Franc.
1143 2527 1272 2575 Bud-

246 2612 370 2661 daeus
390 2611 562 2677 ,.Isaq
581 2611 750 2661 histor.
783 2612 1009 2675 Tlleoloy.
1044 2623 1147 2677 pag.
1173 2608 1273 2674 234

249 2706 294 2744 et
316 2714 446 2762 seqq.
479 2697 631 2745 Etiam
666 2707 924 2762 protestans
957 2696 1126 2744 Paulus
1160 2695 1270 2744 Sle-

247 2783 426 2845 vogtius
443 2779 651 2828 libellum
674 2781 878 2828 ediderat
905 2796 919 2828 :
945 2778 1272 2842 Perviqilium

249 2861 307 2908 de
339 2862 542 2909 dissidio
586 2861 788 2927 tlaeeoloqi
830 2871 874 2909 et
905 2860 1180 2927 philosophi
1217 2862 1273 2907 in

247 2946 497 3009 utriusque
520 2947 793 3011 principiis
819 2944 1028 3009 fundato
1045 2978 1062 3005 ‚
1100 2944 1157 2992 de
1176 2960 1271 3010 quo

249 3027 332 3074 cfr.
365 3027 564 3075 Leibnit.
592 3028 703 3076 diss.
737 3030 816 3075 cit.
847 3025 873 3091 ᾗ
904 3027 981 3075 13.

318 3107 382 3170 (5⁹³.)
421 3108 529 3158 Vid.
572 3107 805 3156 Prediche
836 3108 890 3154 di
927 3105 1109 3155 Messer
1144 3105 1271 3154 Ber-

246 3190 456 3238 nardino
513 3190 706 3238 Ochino
755 3190 953 3239 Sanese.
1012 3190 1148 3238 Pred.
1194 3204 1269 3239 111.

250 3271 459 3319 Ochinus
494 3288 547 3319 ex
585 3272 833 3320 nihilismo
871 3275 1058 3320 rationis
1095 3272 1153 3319 ad
1192 3272 1272 3318 ul-

249 3354 700 3417 tra-mysticismum
716 3370 980 3418 progressus
991 3365 1077 3415 est3
1096 3355 1269 3419 quippe

249 3439 416 3501 reJ'ecta
461 3436 671 3484 Ecclesiae
714 3441 984 3486 auctoritate
1032 3440 1082 3484 in
1132 3437 1269 3485 rebus

249 3518 392 3577 fidei,
435 3535 489 3566 ac
523 3520 658 3566 etiam
696 3521 914 3583 neglectis
939 3519 992 3568 S.
1018 3519 1270 3584 Scripturis

249 3601 392 3649 veluti
414 3603 550 3649 unica
571 3618 623 3650 ac
644 3599 806 3649 ultima
830 3602 1047 3651 credendi
1070 3619 1232 3650 norma
1252 3640 1266 3663 ,

247 3685 369 3735 hanc
389 3685 577 3738 tandem
595 3686 646 3736 in
666 3686 881 3737 interiore
894 3683 1094 3752 Spiritus
1107 3684 1265 3737 Sancti

1358 1620 1623 1667 testimonio
1640 1656 1655 1680 ,
1683 1619 1954 1667 immediata
1981 1617 2157 1669 scilicet
2181 1637 2234 1668 ac
2262 1620 2385 1668 indi-

1357 1703 1496 1751 vidua
1527 1701 1758 1768 cujusque
1785 1706 2093 1768 inspiratione
2117 1704 2380 1752 collocavit.

1355 1786 1435 1833 Di
1458 1786 1576 1850 poi,
1608 1787 1793 1850 inquit,
1820 1802 1914 1850 per
1943 1782 2248 1849 testificarei,
2277 1787 2382 1850 fer·

1357 1867 1513 1914 marci
1530 1901 1546 1927 ,
1578 1875 1622 1914 et
1649 1867 1890 1915 stabiliret·
1905 1866 2027 1914 nelle
2049 1869 2199 1916 verita
2218 1868 2382 1916 divine

1356 1947 1560 1996 revelate
1583 1957 1628 1996 et
1655 1949 2047 2015 supernaturali,
2079 1949 2273 2013 bisoqni
2298 1949 2382 1998 all'

1355 2030 1526 2079 ultimo
1565 2033 1731 2079 venire
1763 2030 1850 2079 all’
1877 2034 2069 2079 interno
2110 2034 2381 2080 testimonio

1355 2112 1473 2161 dello
1495 2112 1685 2180 Spirito
1704 2111 1885 2175 Samo,
1912 2114 2044 2163 senz'
2071 2114 2112 2162 il
2128 2114 2264 2179 quale
2282 2132 2381 2162 non

1354 2197 1400 2242 si
1432 2196 1534 2261 pud
1579 2213 1745 2262 sapere
1784 2196 1923 2261 quali
1964 2197 2203 2245 Scritcure
2246 2199 2380 2244 siena

1354 2287 1492 2326 sante
1528 2297 1552 2326 e
1581 2279 1719 2344 quali
1744 2297 1820 2327 no.
1851 2279 1990 2328 Pred.
2024 2296 2092 2329 lv.
2127 2279 2263 2327 Istius
2291 2280 2381 2328 loci

1355 2363 1502 2409 versio
1535 2361 1680 2409 latina
1714 2363 1913 2410 habetur
1942 2363 1998 2410 ad
2034 2363 2206 2410 calcem
2242 2363 2382 2428 hujus

1354 2444 1624 2493 voluminis.
1671 2445 1796 2493 Adeo
1853 2443 2141 2493 nilzilismus
2193 2448 2381 2494 rationis

1354 2545 1463 2576 eum
1498 2529 1859 2577 protestantismi
1891 2533 2129 2595 principiis
2148 2548 2382 2578 connexus

1355 2614 1452 2659 est!
1490 2612 1703 2660 Ceterum
1739 2613 1917 2661 advers.
1946 2612 2180 2660 Oehinum
2201 2613 2287 2661 cfr.
2313 2612 2382 2659 Le

1352 2697 1548 2743 mentite
1581 2694 1858 2743 Ochiniane
1881 2695 1963 2743 del
1980 2693 2138 2743 Mulio
2154 2694 2381 2744 Justino-

1345 2777 1582 2844 pelicano.
1614 2777 1668 2825 ln
1703 2776 1906 2845 Vinegia
1942 2776 2087 2827 1551.

1425 2858 1489 2922 (3)
1528 2858 1625 2908 Cfr.
1653 2859 1889 2919 petavius,
1921 2859 1999 2907 De
2025 2859 2145 2925 opis.
2171 2875 2252 2905 sea:
2278 2857 2380 2906 ἀίε-

1354 2959 1493 3000 rum,
1534 2941 1618 2988 lib.
1648 2959 1725 3000 ιιι,
1755 2942 1836 3007 qui
1862 2945 2039 3006 primus
2058 2951 2123 2989 est
2138 2940 2216 2991 De
2232 2939 2378 2988 libero

1351 3024 1582 3082 arbitrio,
1617 3040 1719 3087 cap.
1751 3038 1767 3070 ι
1798 3034 1842 3071 et
1877 3041 1941 3072 ιν.

1423 3106 1494 3172 (A)
1535 3104 1763 3174 Examen
1796 3105 1944 3154 Cone.
1993 3103 2137 3151 Trid.
2177 3114 2296 3169 part.
2328 3122 2375 3164 1,

1351 3207 1456 3256 pag.
1492 3186 1607 3238 266.
1636 3187 1736 3236 Hoc
1763 3187 2217 3253 accepitKemnitius
2239 3207 2262 3235 a
2283 3188 2378 3235 Lu-

1352 3274 1521 3332 thero,
1554 3276 1689 3338 cujus
1724 3270 2013 3334 principium
2048 3280 2143 3318 erat
2179 3288 2191 3319 ε
2235 3271 2380 3336 Quod

1349 3372 1513 3402 verum
1548 3362 1615 3402 est
1649 3355 1706 3400 in
1739 3351 2022 3416 leeoloqia‚
2059 3369 2166 3399 ‘non
2190 3369 2379 3418 semper

1353 3454 1515 3485 verum
1545 3445 1613 3484 est
1643 3437 1699 3483 in
1723 3434 2064 3499 Philosophia.
2096 3435 2226 3482 Circa
2250 3435 2377 3499 quod

1351 3520 1637 3585 paradoxum
1675 3517 2043 3566 dissertationem
2077 3518 2224 3567 edidit
2256 3517 2376 3565 Cru-

1351 3605 1389 3650 si
1421 3620 1442 3650 s
1461 3638 1474 3660 ‚
1531 3600 1765 3666 opuscul.
1798 3599 2374 3668 philosopliieo-tlteoloy.

1352 3684 1478 3752 Lips.
1515 3682 1659 3749 1750.
