2502 4134
278 77 400 136 452

899 94 1098 135 TRAGT.
1148 96 1218 134 ΒΕ
1263 95 1413 135 mols
1458 98 1813 141 Tnnotoclcls

277 246 300 323 (
328 244 775 327 persuasionem
802 240 826 322 )
851 236 1078 298 nullam
1116 243 1402 317 majorem
1437 240 1858 304 certitudinem
1891 246 2031 306 dare
2054 292 2070 313 ,
2109 267 2290 329 quam
2319 245 2431 308 deb

278 342 617 402 necessaria
662 349 899 396 tantum
939 337 1222 404 scientia,
1265 337 1526 415 ooqnitio
1539 377 1562 407 ,
1601 346 1703 395 aut
1744 344 2001 418 coquitio
2034 342 2152 416 rei3
2200 343 2422 426 quippe

277 458 410 496 cum
453 438 792 493 necessaria
824 437 1154 513 coquite-'one
1177 441 1295 490 stat
1319 429 1511 490 adhuc
1543 430 1899 513 possibilitas
1926 439 2162 497 tenendi
2180 449 2423 497 contra-

274 536 447 591 rium
462 554 481 597 ‚·
534 541 594 590 at
640 551 776 590 cum
836 528 1161 589 necessario
1202 525 1306 586 illo
1354 538 1550 586 tenere
1589 547 1988 609 nequaquam.
2038 532 2110 590 Et
2151 532 2422 615 quamvis

275 626 572 708 denegare
611 625 775 685 haud
822 623 1052 686 valeam
1082 623 1585 701 possibilitatem,
1626 625 1791 702 quod
1825 626 2009 683 aliter
2041 630 2113 684 in
2141 648 2199 686 se
2231 650 2324 688 res
2366 649 2424 687 se

273 725 529 795 habeat,
580 723 700 780 imo
752 720 913 804 quod
967 719 1163 800 ipsum
1200 738 1401 777 meum
1444 728 1639 777 tenere
1689 740 1794 778 seu
1835 722 2135 801 persuasio
2179 728 2426 783 nonnisi

273 841 584 900 apparens
634 818 708 876 sit
729 862 743 890 ⁷
785 829 990 874 tamen
1023 835 1129 894 ego
1156 813 1319 873 illam
1350 824 1411 874 et
1439 811 1600 874 istud
1621 835 1729 896 pro
1759 818 1918 874 reali
1951 819 2198 876 omniuo
2225 828 2414 879 tenere

272 936 443 995 cogor
463 960 478 988 ,
518 926 578 972 et
608 913 718 970 hoc
752 908 932 971 debet
967 909 1233 970 sufficere
1262 909 1376 989 (l).
2029 926 2031 929 ·

358 1010 495 1069 165.
543 1009 645 1068 Est
679 1028 757 1067 ne
781 1007 958 1086 igitur
1004 1005 1267 1066 confecta
1297 1005 1599 1088 inquisitio
1618 1006 1646 1064 P
1670 1007 1913 1069 Minime
1943 1007 2144 1068 subdit
2168 1010 2427 1071 Herme—

274 1107 391 1165 sius
415 1131 429 1179 ,ς
455 1104 542 1163 nil
571 1102 738 1162 aliud
754 1102 1039 1161 hactenus
1056 1101 1214 1161 nacti
1233 1122 1435 1160 sumus
1453 1123 1634 1184 quam
1640 1106 2103 1182 persuasionem
2120 1105 2428 1182 reflexam,

270 1201 431 1285 quod
473 1221 578 1259 nos
614 1198 999 1258 habuerimus
1046 1208 1186 1258 ante
1225 1198 1610 1258 reflexionem
1636 1205 2100 1278 persuasionem
2144 1199 2430 1262 directam

271 1299 346 1359 de
391 1299 666 1357 realitate
710 1295 795 1355 rei
853 1305 1168 1378 perceptae.
1223 1292 1339 1353 Sed
1382 1316 1529 1353 num
1573 1296 1980 1355 necessitatem
2031 1295 2318 1356 habemus
2365 1299 2428 1356 in

271 1395 616 1474 reflea'ionis
658 1401 822 1451 statu
857 1389 1247 1470 agnoscendi,
1291 1390 1449 1470 quod
1488 1390 1587 1449 illa
1628 1392 1863 1450 directa
1890 1395 2208 1469 persuasio
2251 1393 2430 1453 fuerit

271 1511 475 1550 revera
511 1491 851 1548 necessaria
868 1533 882 1554 ,
906 1506 1009 1546 seu
1039 1506 1182 1544 vera
1203 1507 1270 1546 ac
1295 1487 1517 1557 realis,
1546 1497 1648 1545 aut
1670 1509 1791 1545 non
1815 1487 2009 1568 potius
2035 1509 2067 1546 a
2088 1489 2429 1567 phantasia

271 1597 371 1646 aut
403 1608 435 1644 a
478 1586 803 1643 voluntatis
838 1584 1102 1641 arbitrio
1130 1582 1536 1664 promanans?
1564 1582 1694 1641 Uno
1744 1580 1958 1656 verbu,
1992 1594 2154 1643 estne
2192 1583 2290 1643 illa
2331 1588 2428 1644 di-

271 1695 434 1745 recta
450 1684 773 1762 persuasio
793 1701 899 1762 per
918 1689 1116 1738 actum
1138 1678 1430 1755 reflexum
1456 1679 1809 1739 revocabilis
1831 1690 1934 1739 aut
1958 1683 2375 1742 irrevocabilis
2393 1683 2425 1743 P

272 1781 410 1840 Haec
450 1787 574 1837 erat
605 1776 787 1836 altera
817 1796 953 1857 pars
994 1773 1392 1856 inquisitionis
1414 1818 1431 1848 ,
1469 1795 1583 1855 qua
1623 1773 1837 1833 infecta
1859 1819 1876 1848 ,
1908 1773 1993 1832 nil
2022 1788 2176 1835 esset
2210 1778 2429 1838 factum

272 1874 537 1934 omnino,
583 1872 764 1953 Igitur
793 1870 870 1930 ad
920 1869 1200 1930 ultimum
1244 1869 1640 1951 inquisitionis
1691 1867 1949 1929 stadium
1987 1869 2371 1950 devenimUS,
2395 1895 2428 1933 a

274 1991 392 2053 quo
408 1969 691 2028 nimirum
706 1965 929 2050 pendet
951 2012 966 2041 7
996 1978 1198 2024 utrum
1215 1977 1373 2025 meta
1395 1966 1604 2045 attingi
1634 1964 1881 2026 tandem
1901 1967 2088 2049 possit
2106 1990 2292 2029 necne
2310 1968 2424 2049 (2).

276 2068 361 2125 Ita
404 2085 581 2148 porro
637 2084 762 2123 rem
800 2062 875 2121 ad
917 2061 1323 2143 syllogismum
1366 2060 1738 2138 revocand0‚
1786 2063 2019 2123 conficit
2065 2064 2419 2126 HermesiuS.

347 2274 413 2339 (1)
455 2272 605 2322 Nimis
637 2275 826 2322 interest
851 2273 1016 2322 afferre
1044 2274 1184 2323 verba
1214 2276 1309 2338 ipsa

277 2357 507 2406 Hermesii
528 2374 543 2406 e
566 2354 693 2406 Cum
720 2372 831 2421 090,
859 2356 1021 2405 scribit
1039 2358 1090 2404 in
1104 2354 1302 2405 Introd.

277 2440 571 2507 Philosoph.
605 2458 710 2506 pag.
747 2455 831 2507 ¹9¹
872 2450 917 2489 et
962 2455 1055 2507 192
1074 2478 1094 2499 ,ff
1122 2438 1315 2505 aliquid

277 2523 419 2573 debeo
437 2533 594 2572 tenere
612 2523 630 2588 (
646 2523 816 2571 habere
834 2541 918 2589 pro
938 2525 1070 2585 vero)
1093 2538 1314 2588 nonpos-

280 2625 387 2656 sum
406 2617 521 2655 tuno
536 2616 660 2655 certe
674 2606 909 2671 deneqare
914 2604 1309 2671 possibilitatem,

279 2689 406 2755 quod
431 2706 505 2738 res
538 2706 586 2738 se
625 2688 801 2738 habeat
831 2691 888 2737 in
919 2705 969 2736 se
1004 2687 1147 2737 aliter
1171 2689 1231 2736 ab
1262 2705 1315 2736 eo

278 2788 426 2837 quam
454 2787 536 2836 090
563 2788 668 2819 eam
691 2778 854 2833 teue03
881 2780 1093 2819 attamen
1110 2787 1195 2836 090
1215 2787 1315 2820 nou

283 2854 432 2902 habeo
457 2853 829 2919 possibilitatem
858 2853 1080 2915 tenendi,
1101 2854 1228 2918 quod
1241 2871 1316 2902 res

282 2938 425 2985 aliter
474 2942 568 2993 sit,
619 2946 708 2985 aut
743 2936 1118 3003 possibilitatem
1157 2940 1317 3003 ipsam

281 3037 381 3068 uon
415 3020 647 3082 tenendi,
677 3020 806 3085 quod
828 3022 902 3070 ita
933 3022 1017 3070 sit.
1049 3019 1128 3069 Eo
1155 3030 1317 3069 autem

231 3127 234 3129 Δ
284 3102 420 3150 modo
452 3119 545 3167 quo
575 3120 659 3168 090
691 3101 827 3151 illam
860 3112 1021 3151 tenere
1053 3103 1217 3165 debeo,
1241 3110 1320 3151 ta-

283 3184 393 3232 liter
423 3184 509 3232 illa
551 3186 679 3233 mihi
707 3195 807 3245 est,
844 3195 890 3234 et
921 3186 1033 3234 talis
1068 3186 1199 3235 debet
1223 3203 1316 3252 pro

285 3283 360 3314 me
389 3283 608 3327 manere,
637 3285 884 3333 quousque
904 3268 1041 3318 illam
1068 3285 1152 3333 eqo
1174 3268 1316 3318 debeo

286 3348 458 3396 habere
481 3366 572 3414 pro
600 3349 720 3411 tali,
753 3350 994 3415 quidquid
1025 3352 1215 3399 demum
1242 3368 1316 3399 res

289 3450 387 3481 esse
406 3435 563 3499 possit
588 3435 647 3481 iu
665 3437 938 3500 semetipsa.
960 3434 1014 3483 H
1016 3451 1070 3483 oo
1090 3453 1202 3484 vero
1221 3452 1319 3484 nou

284 3517 524 3581 contiuqic
578 3516 710 3563 eirca
764 3532 1045 3581 coquoscere
1100 3534 1318 3566 necessa·

286 3600 435 3647 rium.
456 3626 519 3635 -·
540 3596 685 3647 Istud
707 3599 868 3663 ipsum
890 3602 1214 3648 necessarium
1249 3609 1315 3647 te-

1397 2289 1508 2322 nere
1548 2274 1850 2339 (persuasio)
1883 2282 2039 2340 potest
2080 2275 2249 2340 utique
2288 2278 2342 2323 iu
2380 2294 2429 2326 00

1398 2373 1496 2422 esse
1532 2374 1720 2405 merum
1749 2356 2102 2422 phaenomenon
2147 2353 2364 2422 (Sokeiu
2385 2358 2428 2422 ),·

1398 2457 1487 2489 nos
1515 2458 1611 2490 nou
1635 2458 1897 2507 possumus
1931 2443 2202 2507 oppositum
2236 2441 2430 2491 demon-

1399 2533 1578 2581 strare,
1623 2532 1710 2572 aut
1762 2540 2071 2589 coquoscere5
2126 2524 2209 2572 sed
2249 2525 2431 2589 quoevis

1399 2608 1609 2674 oppositi
1631 2608 1842 2671 aequitio
1870 2606 2175 2672 oequivalerec
2196 2623 2427 2672 uon-coq-

1400 2690 1610 2750 uitioui,
1653 2696 1699 2736 et
1735 2688 1863 2737 illud
1903 2691 2081 2749 unice,
2122 2689 2251 2754 quod
2279 2703 2427 2754 supra

1400 2774 1851 2837 non-coquitionem
1890 2790 1939 2821 se
1985 2772 2202 2822 extollere
2237 2780 2424 2837 posset,

1401 2859 1522 2903 esset
1540 2856 1872 2905 necessarium
1894 2865 2053 2904 tenere
2081 2855 2138 2903 de
2160 2871 2211 2901 re
2235 2854 2428 2917 coquito

1400 2939 1459 2985 in
1501 2935 1587 2985 illa
1603 2955 1621 2998 ,·
1651 2946 1696 2985 et
1725 2936 1811 2986 hoe
1841 2937 1982 2986 uobis
2012 2936 2178 2984 datum
2204 2944 2290 2984 est.
2320 2935 2346 2982 J
2351 2954 2427 2983 am

1403 3022 1555 3086 prius,
1588 3038 1695 3086 pag.
1735 3017 1828 3085 147
1851 3057 1866 3081 ‚
1895 3021 2074 3068 dixerat
2104 3034 2120 3066 ε
2160 3016 2430 3082 Utcumque

1401 3104 1467 3150 sit
1496 3103 1551 3150 in
1577 3118 1626 3150 se
1653 3119 1820 3150 verum
1854 3109 1941 3150 aut
1962 3099 2146 3165 falsum
2179 3100 2233 3146 id
2247 3136 2265 3158 ,
2302 3099 2430 3165 quod

1403 3201 1485 3249 090
1515 3199 1609 3250 pro
1641 3201 1749 3233 vero
1778 3183 1918 3233 debeo
1951 3190 2136 3244 tenere,
2170 3184 2216 3230 si
2239 3198 2322 3248 090
2345 3184 2429 3230 iu-

1403 3269 1572 3327 vemb,
1608 3266 1735 3332 quod
1766 3282 1849 3331 090
1879 3263 2000 3312 illud
2024 3281 2117 3330 pro
2151 3282 2258 3313 vero
2291 3264 2430 3313 debeo

1405 3359 1589 3412 tenere,
1624 3357 1762 3414 atque
1794 3347 1935 3396 aliter
1968 3364 2180 3413 nequeo,
2221 3357 2335 3397 tune
2361 3357 2431 3397 0οε

1403 3444 1449 3483 et
1476 3442 1638 3482 manee
1672 3449 1837 3480 verum
1859 3449 1952 3499 pro
1988 3450 2081 3481 me.

1472 3517 1536 3580 (2)
1574 3514 1684 3564 Loc.
1714 3517 1789 3563 cit.
1815 3533 1920 3580 pag.
1957 3531 2047 3583 ¹9²
2070 3554 2082 3577 ,
2117 3513 2142 3582 ξ
2176 3512 2260 3564 36.
