2502 4134
421 141 575 181 mar.
618 141 684 178 11.
733 139 859 178 car.
908 138 989 180 iv.
1038 137 1110 177 ns
1152 140 1437 178 semmua.
1486 138 1642 178 saca.
1690 138 1849 177 vans,
2074 119 2188 178 169

84 282 357 366 prosequi
380 325 397 356 ,
423 268 742 363 ceterisque
763 280 1123 341 versionibus
1141 293 1520 362 anteponere.
1546 282 1772 362 Longus
1791 280 1964 340 nimis
1979 302 2187 358 essem,

83 378 131 437 si
169 377 366 436 omnia
388 421 404 450 ,
440 396 566 457 quae
593 376 655 434 in
684 375 835 434 hanc
857 397 985 436 rem
1010 388 1213 436 extant
1233 421 1250 451 a
1283 377 1747 435 doctissimorum
1773 376 1929 436 inter
1956 377 2193 437 Protes—

88 482 279 531 tantes
295 471 627 530 testimonia
653 469 939 530 adducere
959 470 1052 530 hic
1079 470 1292 533 vellem
1313 516 1331 545 ‚
1352 471 1608 529 Conradi
1633 470 1905 530 Pellicani
1929 516 1945 546 7
1975 471 2193 530 utrius-

84 588 196 648 que
241 564 512 625 Osiandri
540 611 555 639 ,
620 566 801 647 patris
860 565 1071 625 scilicet
1119 587 1184 624 ac
1236 565 1338 624 filii
1367 610 1384 639 ‚
1442 564 1726 624 Theodori
1776 568 1969 641 Bezae‚
2017 568 2194 628 Isaaci

86 662 444 736 casauboni,
492 662 752 742 Hugonis
800 664 1021 736 Grotii‚
1059 664 1229 722 Joan.
1269 662 1497 736 Drusii7
1538 662 1836 747 utriusque
1873 665 2191 739 Buxtorfii‚

83 757 306 817 Ludov.
330 759 414 817 De
446 758 580 816 Dieu
598 802 615 832 .,
645 756 904 816 Waltoni
932 803 947 832 ‚
976 757 1140 816 Millii
1160 781 1179 824 ;
1202 757 1371 816 Boisii
1395 802 1410 831 ,
1452 755 1815 837 aliorumque
1847 759 2061 839 passim
2077 760 2192 840 (1).

86 853 232 912 Satis
249 864 562 934 propterea
587 851 754 911 nobis
777 852 870 911 hic
887 853 961 911 sit
978 874 1158 938 unam
1189 863 1289 911 aut
1312 851 1562 911 alterum
1588 851 1650 909 in
1665 851 1925 912 medium
1950 854 2156 914 afferre
2172 878 2193 913 τ

86 962 398 1020 Annotavi
431 971 628 1019 autem
646 1003 668 1031 ,
693 961 884 1041 inquit
916 961 1180 1033 GrotiuS‚
1210 983 1346 1039 quoe
1381 961 1734 1019 annotanda
1756 961 1909 1020 dua-i
1951 964 2037 1021 ad
2054 968 2197 1023 lati-

85 1077 232 1113 nam
268 1058 590 1114 versionem
606 1100 625 1123 ‚
653 1055 901 1132 pridem
927 1063 1217 1133 receptam
1244 1098 1262 1122 ‚
1285 1075 1472 1131 quam
1500 1075 1733 1132 semper
1753 1057 1878 1132 feci
1892 1059 2198 1135 plurimi,

89 1173 208 1210 non
249 1151 417 1208 modo
460 1149 621 1228 quod
657 1149 826 1206 nulla
875 1149 1154 1226 doqmata
1199 1149 1552 1207 insalubria
1605 1154 1940 1223 contineat,
1989 1174 2200 1213 verum

86 1247 267 1303 etiam
288 1244 447 1323 quod
468 1243 730 1300 multum
753 1246 822 1299 in
849 1264 906 1300 se
928 1243 1142 1302 haheat
1163 1244 1521 1303 eruditionis
1535 1290 1552 1314 ,
1575 1248 1853 1324 quamvis
1871 1248 1939 1304 in
1959 1247 2205 1307 dicendi

78 1360 290 1418 genere
311 1342 458 1397 satis
495 1339 739 1396 horrido
766 1338 894 1418 (2);
922 1348 981 1397 et
1003 1338 1217 1397 iterum
1244 1361 1257 1396 ε
1296 1340 1630 1399 Tui-issima
1651 1344 1926 1400 omnium
1950 1345 2032 1401 iis
2052 1387 2068 1418 .,
2095 1350 2205 1422 qui

86 1454 191 1492 nec
217 1434 488 1493 hebraice
507 1451 614 1493 nec
627 1455 819 1514 yroece
844 1435 1138 1506 didicere,
1164 1445 1249 1493 esc
1268 1441 1513 1515 vulgata
1540 1438 1726 1495 versio
1743 1480 1764 1508 ,
1794 1459 1924 1516 quae
1959 1440 2201 1498 nullum

87 1529 263 1587 hahet
299 1531 535 1588 malum
570 1531 814 1610 doyma,
852 1536 1009 1589 sicut
1041 1540 1123 1589 tot
1143 1532 1498 1590 soeculorum
1519 1542 1574 1590 et
1587 1537 1862 1612 yentium
1885 1554 2206 1594 consensus

65 1626 379 1703 judicavit
410 1625 519 1708 (3).
547 1626 884 1703 WaltonUS‚
916 1626 988 1687 de
1022 1626 1203 1686 doctis
1230 1628 1344 1687 suis
1375 1627 1704 1689 acatholicis
1740 1629 1997 1691 scribens
2018 1676 2035 1707 .,
2075 1633 2156 1691 ait
2188 1655 2209 1691 .·

98 1719 416 1801 Vulyatam
454 1724 659 1780 ceteris
699 1724 914 1781 latinis
944 1723 1252 1783 hodiernis
1284 1729 1355 1782 in
1387 1725 1492 1783 hoc
1522 1728 1967 1804 praeferendam
1996 1730 2204 1787 existi-

87 1826 285 1885 mant,
320 1818 480 1895 quod
513 1819 793 1876 omnihus
829 1821 1175 1897 antiquior,
1220 1830 1276 1878 et
1306 1824 1374 1878 in
1409 1821 1678 1880 Ecclesia
1721 1823 2075 1881 occidentali
2096 1845 2211 1901 per

90 1912 250 1969 mille
284 1933 475 1971 annos
514 1914 762 1992 publice
805 1925 1038 1994 recepta
1077 1917 1190 1987 sit,
1226 1917 1385 1975 unde
1419 1922 1630 1976 merito
1673 1924 1891 1998 mayni
1914 1920 2209 1997 facienda

88 2017 171 2064 est
182 2049 202 2079 ,
230 2028 337 2066 nec
363 2018 575 2068 temere
602 2011 961 2087 rejicienda,
984 2020 1265 2089 utpostea
1281 2015 1492 2090 fusius
1524 2015 1892 2072 ostendemus
1918 2013 2030 2094 (4).
2058 2017 2208 2074 Item

92 2099 305 2160 Millius
325 2146 344 2177 ,
389 2103 723 2184 suffragium
769 2126 939 2163 suum
985 2105 1257 2186 suffragio
1303 2107 1472 2165 Boisii
1512 2113 1641 2187 conj
1651 2130 1907 2188 ungenS,
1946 2108 2148 2168 scribit
2187 2131 2200 2166 :

92 2197 345 2254 Joannes
372 2198 614 2257 Boisius
642 2211 876 2259 nostras
904 2205 1149 2280 scripsit
1176 2213 1500 2263 tractatum
1524 2204 1687 2283 longe
1720 2205 2203 2264 doctissimum...

94 2292 163 2345 in
197 2309 310 2366 quo
344 2295 626 2350 versionis
655 2298 864 2352 veteris
891 2294 915 2374 (
949 2295 1194 2374 vulgatae
1223 2297 1246 2374 )
1284 2300 1414 2374 aqi&
1438 2299 1776 2370 vindicias,
1814 2303 2053 2377 ejusque
2078 2302 2207 2358 loca

93 2385 583 2461 quamplurima,
626 2407 764 2444 cum
792 2389 958 2447 Bezoe
980 2390 1360 2468 aliorumque
1383 2393 1757 2450 versionibus
1782 2395 2032 2465 collata,
2063 2405 2212 2454 recte

95 2480 339 2535 omnino
374 2500 432 2536 se
460 2480 675 2539 hahere
702 2481 1062 2541 demonstrat
1082 2482 1193 2562 (5).
1220 2485 1470 2543 Demum
1495 2487 1529 2543 J
1534 2507 1665 2544 oan.
1694 2488 1843 2548 Dav.
1879 2487 2207 2548 Michaelis:

94 2571 435 2631 Proeiverat
450 2616 472 2645 ,
490 2573 687 2656 inquit
706 2620 722 2650 ⁷
750 2577 1009 2657 Vulgata
1026 2580 1180 2637 male
1199 2580 1474 2659 deinceps
1495 2582 1574 2639 ah
1596 2583 1739 2641 aliis
1755 2585 2011 2664 neylecta
2029 2627 2051 2658 ,
2077 2606 2210 2644 cum
2279 2582 2286 2588 ’

95 2670 173 2724 sit
202 2664 542 2727 versionum
582 2692 713 2729 una
749 2675 1023 2731 omnium
1047 2678 1634 2753 proestantissima...
1673 2678 1812 2758 Ipsi
1845 2682 2007 2739 enim
2037 2682 2213 2740 audi-

167 2940 235 3005 (1)
268 2941 363 2990 Hos
391 2960 557 3010 magno
582 2961 775 2993 numero
793 2945 977 3011 collegit
993 2945 1112 2994 Bru-
1265 2944 1331 3011 (3)
1366 2946 1459 2998 Cit.
1490 2947 1601 2997 edit.
1625 2959 1740 2998 tom.
1769 2967 1850 3011 ιιι,
1879 2967 1988 3017 pag.
2015 2948 2144 3018 674,
2164 2954 2215 3001 in

98 3033 233 3073 natus
250 3063 265 3087 ‚
294 3027 346 3073 in
376 3028 459 3076 cit.
490 3027 669 3077 dissert.
691 3046 795 3094 pag.
814 3029 879 3093 73
904 3039 949 3077 et
978 3046 1111 3095 seqq.
1199 3025 1258 3075 V
1252 3036 1325 3076 oto
1347 3045 1439 3095 pro
1469 3031 1603 3078 Pace
1629 3029 1969 3081 ecclesiastica.

103 3101 224 3154 Alios
255 3125 440 3174 quoque
471 3109 642 3173 profert
673 3110 744 3159 vel
773 3112 868 3176 ipse
904 3110 1111 3172 Rodios,
1263 3111 1329 3176 (lt)
1364 3108 1552 3177 Proleq.
1599 3128 1658 3161 10
1677 3150 1690 3175 ,
1729 3132 1781 3162 n.
1828 3130 1884 3162 io
1905 3152 1918 3175 ‚
1957 3130 2073 3183 pag.
2116 3131 2180 3181 72
2200 3154 2214 3178 ,

105 3198 181 3250 op.
206 3190 285 3239 cit.
311 3189 394 3239 nib.
420 3207 500 3250 ιιι,
531 3208 634 3256 cap.
673 3189 760 3253 16,
789 3205 833 3241 et
860 3192 1111 3258 Czuppon,
1195 3192 1285 3241 col.
1318 3210 1354 3242 1.
1380 3191 1556 3242 Eadem
1584 3196 1746 3259 repetit
1767 3205 1811 3244 et
1830 3196 2035 3246 inculcat
2053 3198 2102 3246 in
2122 3198 2218 3246 fine

106 3281 182 3328 op.
198 3269 276 3318 cit.
296 3268 352 3317 V
348 3271 547 3321 indiciae
571 3270 625 3319 V
623 3272 795 3337 ulqatae
811 3273 975 3322 latinoe
989 3274 1106 3323 edit.
1194 3274 1400 3340 ejusdem
1421 3275 1734 3340 prolegomeni
1751 3314 1764 3338 ‚
1787 3293 1896 3345 pag.
1919 3276 1984 3346 74
2002 3317 2014 3339 ,
2049 3278 2140 3334 col.
2165 3294 2215 3327 2.

108 3353 220 3396 tom.
246 3364 292 3408 1,
317 3368 419 3416 pag.
444 3353 534 3415 33,
566 3365 610 3404 et
635 3357 809 3405 iterum
843 3372 955 3423 pag.
982 3353 1066 3422 89.
1265 3354 1332 3420 (ὅ)
1371 3356 1639 3422 Proleqom.
1670 3360 1727 3406 in
1763 3358 1888 3412 Nov.
1932 3359 2064 3410 Text.
2097 3361 2213 3410 edit.

176 3425 242 3489 (2)
275 3428 331 3477 In
357 3435 488 3496 praef.
512 3453 593 3485 seu
621 3440 798 3486 monito
822 3439 880 3487 ad
898 3438 1113 3487 lectorem
1195 3441 1274 3489 cit.
1292 3457 1398 3507 pag.
1426 3438 1534 3491 138.
1553 3441 1725 3491 Eadem
1753 3443 1846 3493 fere
1873 3444 2067 3503 scribit,
2094 3443 2216 3494 ibid.

108 3509 332 3570 praemisso
358 3527 604 3569 comment.
622 3521 672 3568 in
691 3517 831 3570 libros
852 3518 967 3570 Vet.
984 3520 1111 3570 Test.
1197 3536 1301 3588 pag.
1342 3519 1432 3572 162
1461 3533 1507 3572 et
1534 3541 1640 3589 pag.
1683 3521 1795 3574 180.

114 3585 243 3652 Opp.
279 3589 466 3658 theoloq.
497 3605 610 3649 tom.
633 3616 681 3660 1,
731 3600 929 3652 Amstel.
966 3600 1110 3668 ¹679·
