2502 4134
425 159 582 199 mur.
632 160 697 198 11.
746 159 867 198 car.
916 156 978 195 ιι.
1027 159 1094 194 nn
1139 156 1322 198 mvm.
1369 158 1499 196 cau.
1546 158 1692 195 mna.
1746 156 1950 197 msrm.
2174 136 2247 196 71

138 300 411 362 divinitas
439 302 870 382 Scripturarum
909 319 1014 379 per
1040 296 1345 358 Ecclesiam
1374 295 1490 377 (l);
1525 296 1592 355 4⁰
1626 297 1944 378 praesertim
1971 318 2105 357 cum
2132 318 2244 357 no·-

139 397 427 467 verimus,
477 394 550 453 ab
591 394 845 475 antiquis
889 393 1154 453 Patribus
1193 392 1504 453 recensitos
1544 412 1667 450 esse
1701 392 1856 451 inter
1899 392 2201 452 canonicos
2224 438 2241 469 ,

137 490 497 572 proindeque
532 490 688 548 inter
725 489 1011 548 divinitus
1048 487 1393 569 inspirat03‚
1431 485 1747 544 nonnullos
1782 485 1995 561 libros,
2035 490 2134 570 qui
2173 509 2244 548 ex

138 586 373 644 canonis
410 584 541 642 albo
578 583 817 666 posthac
856 583 1131 665 expuncti
1166 592 1326 640 sunt.
1373 581 1536 660 ErgO.

224 680 354 737 111.
400 680 571 760 Resp.
627 678 714 737 Ad
770 679 874 753 lm,
931 680 1086 736 Dist.
1142 678 1402 749 Quarum
1448 687 1647 734 tamen
1693 673 2032 753 religionum
2082 676 2246 738 nulla

139 783 255 847 est,
288 792 413 853 quae
438 771 549 830 illis
586 761 871 829 fulciatur*
889 770 1285 830 credibilitatis
1307 767 1549 829 'motivis
1569 812 1585 843 ,
1617 767 1827 850 quibus
1855 768 2020 827 unica
2046 770 2245 830 firma-

140 878 235 925 tur
270 888 407 927 vera
446 866 660 946 Religio
681 911 697 941 ‚
738 888 839 925 seu
877 865 1117 925 Ecclesia
1154 864 1430 923 catholica
1451 908 1467 938 .,
1495 885 1684 930 conc.;
1729 884 1859 944 quae
1890 862 2099 924 iisdem
2131 865 2245 923 ful-

139 964 323 1021 ciatur
353 962 586 1021 motivis
606 1007 622 1036 ‚
651 983 782 1039 neq.
813 961 960 1018 Cum
992 961 1167 1038 igitur
1187 980 1295 1039 pro
1318 959 1440 1018 sola
1463 957 1743 1017 catholica
1768 957 2060 1037 Religione
2091 959 2247 1017 mili-

142 1057 270 1115 terit
331 1078 396 1114 ea
426 1101 442 1131 ,
504 1074 630 1136 quae
689 1053 962 1121 dicuntur
1025 1051 1422 1110 credibilitatis
1482 1052 1699 1112 motiva
1732 1096 1749 1126 ‚
1820 1053 1906 1110 uti
1966 1069 2071 1110 suo
2124 1051 2247 1112 loco

143 1150 498 1210 ostendimus
521 1191 538 1218 ,
575 1166 700 1228 quae
737 1145 1000 1206 divinam
1048 1145 1220 1222 hujus
1243 1138 1548 1224 ”originem
1590 1155 1649 1204 et
1692 1146 2097 1205 auctoritatem
2132 1148 2251 1207 evi-

143 1245 348 1304 denter
380 1241 733 1324 patefaciunt
752 1285 770 1316 ‚
809 1240 972 1299 nulla
1005 1241 1152 1298 ratio
1187 1230 1276 1298 est
1309 1261 1410 1298 cur
1438 1238 1674 1303 illarum
1705 1241 2046 1300 societatum
2083 1242 2249 1301 testi⁶

142 1339 341 1396 monio
361 1337 747 1396 assentiamur
765 1381 782 1411 .,
802 1334 943 1394 dum
965 1356 1153 1394 sacros
1177 1334 1446 1393 dictitant
1466 1334 1643 1393 libros
1660 1356 1791 1394 suos
1807 1347 1981 1416 atque
2001 1335 2248 1397 divinos,

140 1433 348 1493 Divina
387 1453 559 1512 porro
589 1430 849 1491 Ecclesiae
877 1429 1183 1510 ‘catholicae
1229 1430 1448 1509 origine
1488 1441 1663 1511 atque
1694 1432 2036 1490 auctoritate
2070 1429 2250 1491 semel

140 1527 485 1602 constituta,
525 1547 887 1608 consequens
926 1537 1044 1601 est,
1085 1537 1148 1583 ut
1189 1524 1365 1585 fidem
1395 1521 1481 1583 illi
1509 1524 1922 1600 adliiheamuS‚
1957 1525 2099 1586 dum
2131 1538 2251 1586 tes-

141 1634 298 1682 tatur
336 1621 536 1697 nobiS‚
577 1623 675 1703 qui
712 1622 829 1681 sint
874 1621 1007 1681 libri
1053 1621 1355 1694 canonici,
1395 1619 1656 1702 adeoque
1700 1617 1922 1695 divini
1963 1643 2097 1681 cum
2133 1623 2253 1704 ipsa

139 1717 257 1776 sola
294 1728 481 1776 custos
518 1739 583 1777 ac
623 1717 974 1803 depositaria
1014 1715 1225 1776 divinae
1267 1714 1637 1776 revelationis
1675 1737 1707 1774 a
1739 1718 1858 1774 Deo
1898 1720 2018 1827 ejus
2053 1716 2251 1776 condi-

143 1823 270 1872 tore
307 1812 618 1871 constituta
655 1811 849 1870 fuerit.

227 1908 361 1965 112.
408 1905 496 1965 Ad
526 1908 634 1980 2¹¹¹
677 1910 828 1965 Dis-t.
877 1908 945 1964 In
983 1926 1227 1985 genere,
1276 1916 1497 1974 trans.,·
1533 1906 1597 1963 in
1633 1905 1855 1986 specie,
1887 1905 2151 1964 omnium
2190 1915 2252 1964 et

144 2000 499 2081 singulorum
532 1952 845 2076 libiorum,
880 2002 981 2083 qui
1015 2003 1077 2059 in
1111 2022 1332 2060 canone
1361 2000 1770 2074 continentur,
1811 2021 1940 2079 neq.
1975 1998 2249 2078 Theologi

145 2096 301 2154 enim
322 2095 614 2171 catholici,
639 2096 781 2154 dum
803 2095 1115 2155 adstruunt
1135 2096 1398 2157 divinam
1418 2117 1710 2154 sacrorum
1730 2093 2048 2154 Bibliorum
2070 2095 2251 2176 inspi-

148 2190 430 2249 rationem
453 2211 524 2250 ex
546 2191 900 2271 argumentis
927 2191 1255 2250 intrinsecis
1272 2235 1288 2265 a
1307 2191 1368 2249 id
1389 2191 1706 2270 generatim
1723 2199 1954 2249 tantum
1973 2189 2249 2248 efficiunt.

149 2285 339 2357 Quum
378 2306 514 2344 vero
547 2284 619 2343 de
655 2284 818 2343 libris
861 2285 1198 2364 singillatim
1243 2296 1455 2363 agunt,
1497 2305 1672 2342 nemo
1710 2306 1779 2342 ex
1818 2283 1927 2341 illis
1973 2294 2060 2342 est
2084 2328 2101 2356 ‚
2151 2283 2252 2364 qui

144 2400 265 2436 non
288 2379 576 2458 confugiat
597 2391 876 2461 praeterea
899 2379 974 2438 ad
997 2379 1372 2438 traditionem
1400 2381 1920 2457 auctoritatemque
1953 2377 2245 2452 Ecclesiae,

144 2494 214 2532 ex
248 2495 362 2555 qua
399 2473 460 2532 id
494 2474 664 2533 unice
691 2474 894 2534 confici
931 2484 1122 2555 potest
1158 2474 1268 2552 (2).
1308 2474 1711 2552 Quapropter,
1751 2492 1884 2529 cum
1917 2469 2083 2529 nobis
2111 2492 2253 2553 pro-

215 2719 281 2783 (l)
320 2718 451 2767 Hanc
467 2721 731 2783 petitionem
752 2719 963 2783 principii
997 2718 1155 2765 catho-

146 2799 246 2848 licis
283 2796 504 2865 theologis
527 2839 540 2859 ,
585 2802 665 2865 qui
711 2800 927 2847 methodo
963 2817 988 2846 a
1026 2797 1158 2846 nobis

149 2882 378 2930 vindicata
396 2891 636 2930 uterentur
649 2917 663 2941 ,
690 2882 847 2947 objicit
865 2882 1001 2929 etiam
1019 2879 1158 2928 Geor-

149 2965 248 3027 gius
298 2963 558 3012 Hermastus
579 3000 592 3022 ‚
644 2961 931 3026 Einleitunq
976 2963 1033 3008 in
1083 2961 1160 3008 die

155 3044 332 3093 Christ.
366 3046 493 3094 cath.
541 3045 589 3092 T
589 3044 708 3094 heol.
734 3063 814 3092 seu
861 3043 1159 3093 Introductio

152 3127 208 3173 in
260 3126 560 3191 Theoloyiam
613 3127 796 3177 Christ.
842 3126 1125 3175 catholicam
1143 3162 1158 3182 ,

95 3207 100 3211 '
154 3204 346 3256 Monast.
381 3206 537 3275 1829,
569 3219 688 3275 part.
724 3225 929 3274 i1‚.pag.
968 3225 1044 3275 ¹7·

221 3287 283 3349 (2)
318 3289 436 3338 Sane
457 3291 547 3339 hoc
566 3301 633 3339 est
650 3306 798 3338 unum
832 3308 884 3338 ex
911 3306 1161 3354 argumen-

161 3369 216 3415 tis
233 3404 248 3427 ‚
277 3371 441 3435 quibus
471 3373 696 3439 Theologi
723 3372 939 3421 catholici
963 3382 1156 3419 utuntur

161 3447 218 3496 ad
248 3450 565 3503 adstruendam
592 3458 1018 3504 canonicitatemet
1045 3455 1161 3502 divi-

1242 2716 1453 2765 inferunt
1492 2718 1809 2764 necessitatem
1838 2714 2030 2780 alicujus
2059 2715 2259 2763 auctori-

1239 2800 1343 2846 tatis
1372 2797 1653 2856 infallibilis,
1676 2813 1780 2862 quae
1806 2814 1891 2844 nos
1922 2806 2067 2845 certos
2093 2795 2255 2844 reddat

1240 2880 1514 2927 certitudine
1543 2879 1652 2927 fidei
1682 2879 1740 2927 de
1766 2878 1854 2927 hoc
1881 2882 2110 2943 praecipuo
2139 2879 2256 2925 arti-

1240 2961 1346 3010 culo
1366 2997 1380 3021 ‚
1427 2962 1508 3026 qui
1554 2960 1693 3009 debet
1732 2962 2008 3008 constituere
2049 2958 2255 3022 regulam

1241 3053 1463 3093 remotam
1492 3054 1535 3091 et
1564 3043 1797 3107 partialem
1818 3042 1927 3089 fidei
1946 3051 2126 3089 nostrae.
2143 3041 2256 3089 Haec

1242 3135 1397 3174 autem
1423 3142 1518 3172 non
1548 3124 1634 3171 alia
1665 3133 1733 3171 est
1757 3125 1846 3171 nisi
1864 3122 2076 3171 Ecclesiae
2096 3122 2254 3170 catho-

1242 3208 1343 3256 licae
1364 3209 1623 3256 auctoritas.
1661 3205 1782 3254 Hinc
1811 3207 2010 3253 vidimus
2028 3242 2041 3265 ‚
2078 3204 2129 3254 S.
2160 3203 2257 3252 Au-

1243 3291 1475 3354 gustinum
1506 3286 1649 3336 solius
1671 3286 1882 3335 Ecclesiae
1904 3287 2161 3334 auctoritati
2182 3288 2256 3332 in-

1238 3372 1321 3418 niti
1339 3371 1396 3418 ad
1419 3366 1702 3417 credendum
1722 3367 1967 3434 Evangelio
1981 3405 1994 3428 ‚
2014 3384 2092 3416 seu
2111 3367 2252 3414 sacris

1240 3450 1502 3517 Scripturis.
1548 3450 1765 3500 Vidimus
1811 3460 2025 3516 praeterea
2045 3484 2060 3511 ,
2104 3449 2256 3496 Patres

160 3531 348 3579 nitatem
377 3538 577 3584 omnium
600 3554 694 3586 sac.
716 3537 961 3586 Librorum
982 3575 996 3597 ,
1016 3539 1096 3603 qui
1115 3538 1164 3583 in
1244 3537 1411 3599 passim
1430 3571 1444 3595 ,
1479 3531 1618 3582 solius
1637 3532 1850 3582 Ecclesiae
1870 3533 2138 3581 auctoritate
2154 3545 2257 3593 per-

170 3628 344 3662 canone
376 3619 690 3681 continentur,
727 3631 771 3669 et
805 3637 861 3668 ex
894 3637 987 3686 quo
1029 3619 1166 3667 etiam
1250 3627 1400 3669 motos
1419 3654 1433 3679 ‚
1463 3617 1702 3667 admittere
1734 3617 1800 3665 uti
1829 3632 1977 3665 sacros
2003 3621 2049 3662 et
2072 3611 2261 3684 canoni-
