2502 4134
260 144 377 206 306

858 163 1062 218 frnAG'r.
1113 164 1182 201 ΒΕ
1226 165 1374 203 touls
1412 167 1801 210 frnssotomcls.

341 309 481 367 464.
539 307 718 385 Igitur
755 303 850 364 vel
895 303 1265 365 obluctantes
1298 327 1363 365 ao
1399 307 1571 368 inviti
1609 309 1864 371 haeretici
1901 333 2106 372 omnes
2151 325 2402 396 utroque

260 405 436 464 modo
478 401 740 461 Ecclesiae
784 399 1082 461 catholicae
1121 422 1304 461 causae
1338 403 1820 484 patrocinantur,
1874 411 2112 491 ejusque
2148 410 2402 490 antiquae

259 499 540 561 doctrinae
580 516 645 555 ac
684 495 1023 577 dogmaticae
1069 496 1424 557 Traditionis
1460 497 1690 559 tabulas
1732 496 2052 579 exhibent.)
2101 525 2170 563 eo
2208 505 2403 563 minus

183 635 196 642 -
257 604 553 675 suspectas
577 591 737 675 quod
759 592 834 652 ab
863 593 1161 653 acerrimis
1194 598 1319 671 ejus
1349 593 1617 653 hostibus
1641 616 1706 653 ao
1733 590 2079 657 adrersariis
2101 599 2404 681 proferan-

255 703 371 749 tur.
397 691 547 747 Sunt
576 710 792 771 nempe
816 689 1071 749 haeretici
1104 701 1377 770 respectu
1411 689 1678 762 Ecclesiae
1705 690 2038 767 catholicae,
2071 694 2231 775 quod
2265 706 2405 754 sunt

256 785 448 845 Judaei
490 797 760 867 respectu
791 785 1223 845 Christianismi
1246 832 1260 852 .,
1296 807 1547 868 quorum
1581 807 1798 869 nempe
1832 785 1966 846 libri
2005 785 2179 846 nobis
2221 788 2405 848 subsi-

255 881 349 941 dio
384 893 523 940 sunt
561 881 635 941 ad
675 881 939 941 ethnicos
971 894 1031 941 et
1054 881 1387 941 incredulos
1411 882 1894 956 confundendosg
1935 884 2014 942 sic
2037 895 2097 942 et
2119 883 2202 942 illi
2233 883 2402 942 nobis

253 977 325 1036 ad
359 999 541 1037 novos
580 975 934 1038 refellendos
966 978 1268 1037 liaereticos
1300 978 1544 1037 mirifice
1584 979 1915 1040 inserviunt
1949 978 2067 1059 (l).

1241 1169 1277 1248 g
1320 1171 1415 1227 ix.

891 1335 980 1392 De
1017 1334 1298 1393 Historia
1341 1336 1760 1392 ecclesiastica.

341 1512 480 1572 465.
514 1511 831 1570 Historiam
851 1556 866 1584 a
895 1531 1023 1592 quae
1045 1510 1263 1569 referat
1287 1508 1551 1569 Ecclesiae
1577 1519 1735 1589 gesta
1751 1554 1768 1585 ‚
1792 1508 2118 1591 plurimum
2141 1510 2408 1572 conferre

259 1609 334 1669 ad
351 1604 813 1690 cognoscendam
844 1605 1111 1685 ejusdem
1140 1604 1319 1665 fidem
1342 1626 1408 1664 ac
1431 1604 1814 1664 traditionem
1835 1650 1850 1679 .,
1887 1626 2085 1680 neme,
2121 1607 2169 1665 si
2197 1608 2409 1689 sapiat,

257 1707 318 1764 in
348 1704 594 1763 dubium
622 1701 939 1763 revocabit.
969 1703 1103 1761 Haec
1127 1701 1432 1782 potissima
1458 1701 1607 1759 ratio
1636 1711 1756 1774 est.,
1790 1722 1892 1759 eur
1918 1701 2111 1760 Canus
2131 1748 2148 1776 ,
2180 1703 2408 1762 etiamsi

256 1800 417 1860 illam
466 1800 627 1882 prius
674 1799 830 1858 inter
872 1797 996 1856 loca
1045 1796 1366 1876 theologica
1408 1797 1805 1870 recensuerit,
1852 1816 1980 1878 quae
2019 1799 2407 1878 adscriptitia

258 1908 426 1957 vocat
461 1917 526 1954 ac
561 1894 743 1956 veluti
774 1915 844 1953 ex
875 1892 1065 1953 alieno
1099 1891 1465 1953 emendicata
1504 1891 1617 1973 (2)ν
1659 1904 1860 1976 postea
1902 1904 2103 1954 tamen
2137 1894 2238 1955 vix
2274 1916 2406 1955 eam

259 1992 416 2053 inter
447 1995 681 2051 interna
708 2012 772 2050 ac
802 1989 1212 2069 theologorum
1246 1991 1484 2073 propria
1512 2012 1635 2048 non
1663 2001 1976 2049 enumeret
1999 1989 2111 2072 (3).
2141 1991 2404 2051 Profecto

263 2087 543 2169 theologis
603 2108 817 2168 magno
864 2085 1208 2165 adjumento
1255 2107 1379 2145 esse
1428 2084 1876 2145 ecclesiasticam
1920 2086 2266 2162 historiam,
2312 2107 2404 2146 res

260 2189 386 2270 ipsa
423 2207 527 2269 per
564 2207 624 2245 se
665 2185 997 2267 profitetur.
1052 2184 1123 2242 Ea
1174 2183 1335 2243 enim
1382 2193 1510 2254 est,
1559 2204 1690 2262 quae
1735 2182 2064 2242 continenti
2108 2195 2407 2264 gestorum

263 2284 409 2343 serie
440 2280 516 2341 ob
560 2280 756 2341 oculos
795 2279 966 2362 ponit
1008 2278 1266 2338 Ecclesiae
1305 2278 1593 2357 originem
1632 2290 1807 2360 atque
1842 2300 1947 2360 per
1988 2290 2184 2338 totum
2217 2290 2405 2339 terra-

262 2402 395 2439 rum
430 2377 632 2438 orbem
667 2375 1152 2460 propagationem
1177 2421 1192 2450 a
1233 2375 1623 2434 successiones
1662 2374 2081 2457 Episcoporum
2102 2422 2118 2451 .,
2160 2396 2407 2458 praeser-

262 2475 371 2535 tim
419 2495 558 2536 vero
597 2475 996 2532 Romanorum
1036 2471 1421 2544 P'ontificum3
1465 2483 1662 2529 ortum
1694 2471 1838 2530 item
1871 2482 1930 2531 et
1961 2493 2191 2546 causas7
2217 2472 2406 2531 incre-

264 2714 482 2764 quaenam
514 2697 652 2745 fuerit
676 2694 1017 2744 nonnullorum
1048 2690 1293 2757 Scripturas

264 2790 474 2829 textuum
511 2779 771 2844 dogmatica
814 2777 1028 2826 Ecclesiae
1068 2780 1293 2840 iuterpre-

263 2865 377 2912 tatio
393 2862 550 2911 seculo
573 2879 643 2911 ιιι.
662 2860 798 2926 Quod
823 2860 943 2909 etde
966 2860 1125 2907 ceteris
1151 2859 1296 2907 eccle·

266 2947 459 2994 siasticae
494 2945 717 2993 doctrinae
758 2939 1168 3009 impugnatoribus
1203 2942 1295 2990 (lici

266 3028 420 3077 debet.
514 3023 517 3026 ¹

332 3111 408 3171 (l)
442 3110 578 3176 Quod
609 3110 666 3158 de
691 3110 920 3158 haereticis
946 3109 1148 3157 diximus
1169 3145 1181 3168 ‚
1216 3126 1295 3173 ap-

264 3191 425 3257 plicari
469 3195 608 3241 etiam
649 3203 801 3257 potest
847 3191 1253 3257 pseudepigraphis
1277 3230 1290 3251 ‚

263 3275 527 3341 cujusmodi
545 3285 652 3323 sunt
671 3274 1053 3323 Constitutiones
1069 3272 1290 3322 Clemen-

263 3363 384 3405 tinoe
400 3392 415 3413 ‚
455 3355 832 3405 Constitutiones
856 3355 1129 3423 apostolicae
1146 3394 1158 3415 ‚
1197 3355 1291 3404 Ca-

263 3454 414 3487 nones
430 3437 706 3505 apostolici,
729 3439 876 3488 Libri
890 3438 1151 3505 Sibyllini,
1175 3439 1292 3487 alia-

264 3539 357 3589 que
395 3521 625 3588 ejusmodi
672 3540 847 3586 opera,
891 3539 1030 3590 quae,
1078 3525 1293 3588 quamvis

266 3602 507 3653 subdititia
524 3606 615 3653 sint
637 3620 693 3653 ac
722 3608 876 3670 spuria
897 3641 912 3669 ‚
943 3604 1199 3671 plurimum
1227 3616 1293 3655 ta-

267 3701 374 3735 men
422 3686 577 3736 valent
623 3687 680 3735 ad
734 3686 874 3736 fidem
924 3688 1290 3754 cognoscendam

1384 2690 1630 2753 Ecclesiae,
1671 2707 1774 2757 quae
1811 2694 1955 2756 viguit
1993 2691 2071 2740 illa
2108 2702 2269 2752 aetate,
2309 2710 2402 2759 qua

1381 2775 1638 2838 conscripta
1666 2782 1809 2831 sunt,
1853 2792 1906 2821 ac
1937 2774 2229 2839 disciplinam
2251 2809 2265 2836 ,
2302 2790 2405 2839 quae

1381 2865 1495 2904 tunc
1513 2859 1734 2921 temporis
1750 2855 2019 2916 obtinebat,
2039 2857 2284 2920 praesertim
2297 2872 2406 2903 cum

1379 2940 1603 3004 pleraque
1628 2956 1790 2987 eorum
1820 2955 1924 3004 quae
1961 2940 2276 2987 recensuimus
2307 2955 2409 3003 spe-

1380 3028 1507 3071 ctent
1532 3021 1591 3068 ad
1619 3037 1680 3082 11,
1716 3035 1806 3081 ιιι,
1838 3031 1918 3069 aut
1951 3038 1996 3068 iv
2026 3036 2114 3068 sec.
2154 3019 2408 3086 Nunquam

1381 3109 1508 3154 enim
1542 3106 1730 3153 illorum
1768 3115 1975 3153 auctores
2008 3122 2187 3169 sperare
2227 3107 2403 3168 potuis-

1379 3201 1512 3249 sent,
1563 3206 1610 3237 se
1655 3189 1815 3237 sucum
1863 3189 2094 3248 facturos,
2138 3190 2257 3249 nisi,
2303 3207 2404 3255 quae

1379 3274 1514 3340 vulgo
1547 3272 1826 3321 tenebantur
1842 3309 1854 3333 ‚
1880 3272 1951 3320 his
1969 3272 2404 3321 librisinterseruis-

1379 3366 1497 3406 sent.
1529 3355 1790 3420 Theologus
1816 3356 2011 3420 proinde
2046 3358 2098 3403 iis
2126 3358 2191 3404 uti
2221 3357 2278 3404 ad
2306 3372 2402 3404 rem

1378 3458 1506 3490 suam
1539 3442 1722 3506 poterit.

1446 3523 1512 3587 (2)
1551 3521 1659 3571 Lib.
1695 3539 1742 3581 1,
1776 3538 1875 3587 cap.
1909 3539 1975 3570 ιιι.

1447 3605 1512 3670 (3)
1551 3606 1655 3655 Lib.
1692 3612 1761 3657 xi.
