2502 4134
303 111 425 172 270

921 132 1118 170 TRAC'r.
1164 134 1232 170 DE
1276 133 1425 171 LOCIS
1469 135 1856 176 THEOLOGICIS.

306 300 377 338 etz·
402 279 526 337 illis
560 276 872 355 fontib213,
912 295 983 333 ex
1020 272 1262 355 quibuS‚
1299 285 1366 333 ut
1397 276 1521 357 ipse
1549 275 1845 360 loquitur..
1887 293 2293 343 manaverunt
2310 288 2439 343 rivi

293 373 757 455 praedicationis
793 372 1175 450 evanyelicoe,
1211 391 1354 429 cte-m
1397 375 1467 430 in
1505 393 1737 432 omnem
1772 385 2001 436 terram
2029 382 2216 438 exivit
2248 400 2432 439 sonus

305 488 512 528 corum
540 464 650 543 (l).

389 561 533 619 402.
565 560 737 619 Certe
766 572 897 642 post
934 561 1055 620 haec
1092 581 1593 642 supervacaneum
1629 574 1717 622 est
1749 564 1886 624 alios
1921 566 2208 629 adducere
2248 569 2431 631 veluti

305 655 724 717 traditionibus
764 656 1103 737 dogmaticis
1131 657 1506 716 adversantes
1527 702 1543 731 .,
1570 660 1850 740 quoniam
1881 661 1957 721 ad
1987 684 2236 724 canones
2264 687 2432 746 supe-

302 754 423 814 rius
462 754 812 812 constitutos
843 755 889 811 si
925 752 1264 832 redigantur
1306 752 1542 812 illarum
1575 754 1760 832 dicta,
1805 757 2008 818 eadem
2052 760 2275 820 ratione
2305 762 2430 822 dis-

301 849 606 910 solventur
626 894 641 922 ,
677 860 853 930 prout
872 849 1100 928 jamdiu
1127 870 1156 906 a
1180 847 1488 907 Catholicis
1510 853 1835 932 praestitum
1860 865 1947 913 est
1969 854 2245 914 adversus
2269 855 2396 915 illos
2413 902 2430 932 .,

302 947 403 1028 qui
466 945 808 1005 traditiones
872 947 1295 1028 impugnarunt
1323 990 1339 1021 .,
1384 947 1598 1029 quique
1642 946 1957 1008 laudantur
1992 950 2066 1012 ab
2105 951 2433 1013 adversario

300 1054 504 1102 nostro
543 1042 653 1122 (2).
2131 1102 2134 1104 ,

384 1138 525 1199 403.
580 1139 666 1198 Ad
701 1138 808 1213 4¹¹¹,
848 1138 999 1218 Ney.
1034 1139 1264 1198 Etenim
1304 1139 1614 1216 Gersonius
1651 1141 1799 1200 nihil
1848 1141 2005 1202 aliud
2041 1141 2152 1201 sibi
2200 1142 2327 1204 vult
2367 1142 2430 1201 in

303 1234 528 1314 objecto
555 1234 681 1295 loco
704 1281 720 1300 ,
772 1258 949 1317 quam
979 1234 1274 1294 doctrinas
1311 1247 1414 1293 aut
1437 1236 1821 1296 revelationes
1849 1239 2103 1320 privatas
2136 1238 2210 1298 ad
2236 1239 2429 1322 Scrip-

302 1342 462 1390 turas
486 1330 797 1411 exigendas
826 1353 948 1390 esse
970 1376 985 1406 ‚
1020 1343 1087 1389 ut
1116 1353 1187 1389 ex
1213 1331 1441 1390 illarum
1481 1333 1887 1393 conformitate
1919 1346 2019 1393 aut
2049 1335 2428 1395 difformitate
2490 1332 2495 1337 ¹

303 1448 436 1487 cum
465 1428 776 1509 Scripturis
805 1450 906 1486 seu
929 1448 1081 1486 verae
1112 1427 1528 1502 admittantur„
1567 1440 1667 1486 aut
1697 1430 1781 1487 uti
1811 1443 2089 1511 suspectae
2108 1478 2122 1502 ,
2150 1430 2306 1491 falsae
2330 1443 2431 1489 aut

304 1543 565 1582 erroneae
592 1534 947 1604 respuantur
968 1567 982 1596 a
1017 1543 1151 1580 cum
1175 1522 1468 1603 Scriptura
1487 1523 1773 1583 sufficiens
1803 1546 1866 1583 ac
1890 1525 2208 1584 infallibilis
2232 1523 2431 1604 regula

303 1618 379 1677 sit
401 1664 416 1693 ,
453 1631 748 1701 quatenus
772 1630 871 1676 aut
890 1617 1142 1676 mediate
1159 1630 1258 1676 aut
1275 1617 1613 1678 immediate
1634 1620 1906 1678 veritates
1924 1622 2190 1686 continet
2206 1640 2429 1680 omnes,

303 1715 470 1773 Hanc
516 1736 640 1774 esse
688 1719 812 1791 ejus
869 1725 1169 1785 mentem,
1222 1724 1350 1771 tum
1406 1735 1478 1771 ex
1526 1715 1992 1775 orationis-serie
2044 1728 2250 1799 patet,
2301 1727 2429 1776 tum

303 1830 374 1867 ex
400 1810 616 1892 apertis
659 1813 780 1887 ejus
816 1807 1009 1868 verbis
1037 1853 1052 1882 ,
1101 1808 1311 1889 quibus
1355 1807 1754 1868 Traditionem
1785 1811 2049 1871 d1vinam
2082 1834 2146 1872 ac
2191 1812 2433 1892 dogma-

304 1905 482 1966 ticam
519 1928 552 1965 a
581 1904 893 1987 Scripturis
930 1904 1265 1963 distinctam
1298 1904 1435 1986 ipsis
1492 1906 1865 1966 commendat
1904 1906 2016 1988 (3).

376 2086 441 2151 (Ι)
481 2085 685 2152 Opponit
718 2094 933 2150 praeterea
957 2083 1007 2132 S.
1035 2084 1206 2131 Doctor
1226 2102 1327 2148 pas-

307 2178 424 2216 tores
441 2168 587 2215 bonos
605 2205 618 2228 ‚
638 2167 685 2216 id
704 2178 770 2215 est
785 2205 797 2226 ‚
822 2169 902 2233 qui
923 2184 1016 2213 non
1037 2166 1186 2214 solum
1210 2167 1328 2215 benc

307 2251 506 2311 docent,
532 2251 612 2298 sed
639 2251 814 2298 faciunt
836 2260 1050 2312 praeterea
1071 2287 1083 2307 ‚
1115 2267 1217 2314 quae
1238 2249 1328 2297 do-

306 2344 442 2391 cent,
484 2333 618 2380 malis
647 2332 936 2398 pastoribu3‚
974 2334 1055 2397 qui
1092 2331 1255 2379 dicunt
1287 2341 1332 2378 et

306 2435 403 2465 non
440 2417 651 2479 faciunt,
688 2434 768 2464 seu
797 2415 916 2463 male
947 2426 1219 2480 operantum
1247 2414 1331 2462 ad-

306 2500 517 2548 hortatur
549 2508 787 2564 propterea
825 2515 930 2545 oves
951 2534 962 2555 ‚
998 2515 1057 2545 ne
1084 2485 1250 2546 'sinant
1286 2513 1332 2544 se

308 2600 334 2631 a
364 2583 494 2630 malis
520 2584 617 2629 istis
639 2581 899 2646 pastoribus
923 2581 1071 2645 decipi
1093 2617 1107 2638 ,
1140 2582 1332 2627 imitan-

308 2675 375 2712 tes
401 2665 519 2712 mala
552 2668 758 2730 ipsorum
787 2680 952 2729 opera,
985 2664 1065 2711 sed
1092 2663 1333 2711 attendant

309 2749 365 2795 ad
400 2750 606 2812 ipsorum
639 2748 792 2806 dicta,
830 2749 924 2794 imo
955 2756 999 2794 et
1031 2745 1087 2793 ad
1126 2745 1334 2810 Scriptu-

309 2846 468 2878 rarum
498 2830 776 2889 doctrinam,
798 2831 848 2877 in
878 2846 969 2895 qua
996 2826 1239 2875 invenient
1258 2829 1332 2875 ni-

311 2912 379 2961 hil
403 2931 690 2962 venenosum
707 2948 720 2971 ‚
752 2912 871 2960 nihil
891 2912 1094 2959 alienum
1115 2911 1180 2981 ad·
1196 2910 1337 2958 uber-

311 3000 426 3045 rima
461 3015 646 3063 pascua.
681 2997 844 3062 Itaque
875 2998 925 3043 in
958 2994 1149 3061 objectis
1187 2995 1337 3043 verbis

312 3096 409 3126 non
435 3082 632 3144 opponit
652 3078 939 3144 Scripturam
964 3076 1227 3135 traditioni,
1257 3076 1336 3124 sed

314 3161 446 3209 malis
469 3165 660 3227 pastoris
679 3162 915 3227 operibus.
937 3159 1007 3208 En
1034 3177 1211 3207 novum·
1235 3176 1339 3224 spe-

314 3246 468 3291 cimen
497 3247 684 3293 sincerae
721 3245 827 3294 fidei
856 3244 1105 3292 adversarii
1136 3244 1292 3290 nostri.

384 3326 448 3390 (2)
486 3326 582 3377 Csr.
596 3339 829 3393 propterea
846 3328 1067 3376 adversus
1082 3326 1184 3373 illos
1196 3362 1208 3385 ,
1223 3343 1338 3390 quos

316 3409 499 3457 Palmer
529 3421 757 3468 recenset,
794 3410 832 3457 si
858 3409 1081 3458 Newman
1108 3410 1304 3471 excipias
1321 3445 1334 3467 ‚

316 3496 399 3561 qui
423 3493 540 3541 nihil
570 3496 675 3541 novi
699 3496 748 3541 in
773 3494 861 3542 hoc
885 3502 1155 3558 argumento
1179 3501 1340 3556 protu-

316 3577 401 3637 lit,
442 3573 836 3641 Walemburgiei,
877 3580 929 3625 in
960 3579 1039 3624 cit.
1079 3574 1337 3634 Tractatu‚

321 3660 401 3709 De
426 3660 710 3709 testimoniis
745 3675 829 3707 seu
865 3658 923 3708 de
959 3657 1337 3720 traditionibus,

1410 2084 1493 2133 ubi
1529 2082 1707 2150 singula
1739 2086 1798 2134 ab
1827 2086 2051 2135 haereticis
2085 2087 2221 2136 allata
2244 2087 2432 2136 Patrum

1413 2170 1670 2215 testimonia
1690 2182 1899 2229 accurate
1918 2170 2217 2233 expendunt3
2240 2187 2324 2218 nec
2338 2188 2435 2218 non

1411 2249 1663 2310 Toutteus,
1688 2253 1737 2297 in
1766 2252 1876 2299 edit.
1903 2269 2012 2315 opp.
2042 2248 2091 2299 S.
2121 2251 2307 2316 Cyri11i3
2335 2251 2435 2300 Ma-

1412 2349 1526 2392 ran,
1551 2335 1600 2379 in
1629 2334 1760 2397 praef.
1792 2351 1899 2398 opp.
1929 2331 1979 2381 S.
2011 2333 2217 2394 Justini;
2249 2331 2437 2382 Gretze-

1413 2433 1520 2475 rus,
1547 2427 1645 2464 tum
1671 2420 1720 2464 iu
1752 2426 1885 2464 tract..
1911 2416 1987 2464 De
2002 2419 2290 2481 quoestione,
2309 2417 2435 2465 unde

1415 2500 1539 2555 sois,
1572 2497 1702 2547 hunc
1737 2498 1809 2546 vel
1835 2498 1971 2545 illum
1998 2516 2095 2547 esse
2122 2501 2363 2547 sincerum
2390 2507 2435 2547 et

1414 2580 1683 2643 quz‘tivnzunz
1713 2580 1978 2648 Scriptura?
1999 2582 2231 2629 sensum?
2250 2599 2352 2646 cap.
2371 2578 2401 2629 5
2415 2618 2430 2641 ‚

1417 2675 1514 2712 tum
1545 2667 1596 2712 in
1630 2649 1881 2712 Examine
1910 2665 2061 2712 tertiae
2090 2663 2433 2730 disputationis

1412 2735 1650 2812 Pappicoe
1683 2747 1739 2793 de
1769 2763 1868 2794 sac.
1902 2743 2171 2812 Scriptura?
2198 2747 2435 2812 sufficien-

1416 2830 1486 2874 tia
1505 2863 1519 2887 ,
1551 2839 1649 2876 tum
1670 2829 1870 2893 denique
1892 2831 1939 2876 in
1958 2846 2117 2892 opusc.
2143 2827 2431 2893 Trophaeum

1417 2906 1689 2975 Pappicum
1707 2919 1891 2957 constat
1907 2911 2278 2974 Quinquaqinta
2295 2910 2432 2955 oxio-

1417 2995 1594 3053 matis,
1625 3010 1824 3057 quorum
1838 2993 2067 3059 pleraque
2096 3000 2211 3039 sunt
2237 2991 2435 3038 menda-

1417 3080 1524 3135 cia;
1553 3076 1727 3141 quibus
1752 3085 1859 3140 post
1894 3075 2033 3123 verba
2062 3073 2135 3122 D.
2160 3073 2437 3138 Anqustini

1419 3160 1782 3227 subjzanquntur
1797 3157 1896 3204 alia
1919 3155 2194 3215 mendacia,
2227 3165 2281 3203 ut
2296 3158 2437 3222 prin-

1419 3243 1603 3309 cipium
1630 3239 1914 3304 respondeat
1928 3240 2043 3302 fini.
2069 3237 2190 3301 Opp.
2215 3241 2296 3287 cit.
2321 3238 2434 3287 edit.

1420 3336 1532 3374 tom.
1562 3340 1661 3373 vm.
1693 3322 1746 3370 ln
1766 3323 1836 3369 his
1863 3338 1997 3387 porro
2021 3320 2285 3368 auctoribus
2312 3338 2438 3369 com-

1421 3410 1564 3474 periet
1598 3405 1807 3463 Palmer‚
1846 3406 2001 3451 omnia
2036 3404 2170 3451 fuisse
2205 3419 2436 3468 praeoccu-

1422 3501 1524 3558 pata
1557 3506 1611 3538 ac
1642 3489 1789 3537 soluta
1810 3525 1822 3547 ‚
1863 3505 1963 3552 quae
1994 3506 2018 3535 a
2052 3490 2146 3536 suis
2178 3485 2440 3535 auctoribus

1421 3574 1635 3622 adversus
1664 3571 1979 3619 Traditionem
2011 3571 2189 3635 prolata
2219 3578 2343 3617 sunt.

1493 3654 1557 3719 (3)
1594 3654 1716 3703 Sane
1732 3656 1781 3702 in
1799 3651 2138 3702 Declaratione
2155 3653 2407 3701 veritatum
2419 3684 2436 3711 ,
