2502 4134
382 166 540 205 mur.
589 166 652 203 11.
700 163 825 203 cu».
873 162 938 201 11.
982 162 1051 198 nn
1095 158 1276 200 mvm.
1325 159 1459 221 qm.
1509 159 1652 198 una.
1701 158 1906 197 msrm.
2160 137 2233 196 61

117 306 539 392 supernaturali
584 306 740 366 dono
781 316 977 365 auctos
1020 303 1231 377 fuisse,
1276 322 1469 382 neque
1512 302 1794 383 Spiritum
1840 303 2119 361 Sanctum
2161 300 2239 361 ad

118 427 215 466 eos
251 402 326 463 ab
366 401 660 463 erroribus
706 398 1184 482 praemuniendos
1229 419 1332 456 sua
1377 395 1492 454 illis
1541 397 1850 476 praesentia
1893 417 1958 455 ac
1991 395 2238 455 numine

118 499 406 559 adstitisse
441 499 551 577 (l).
593 496 1024 577 Subsequentes
1053 515 1229 576 porro
1267 490 1643 551 ration-alistae
1685 513 1806 550 non
1841 490 2016 550 modo
2054 491 2242 571 inspi-

116 595 403 654 rationem
442 614 679 652 omnem
723 591 1040 669 abjiciunt,
1083 610 1287 650 verum
1325 588 1503 648 etiam
1541 587 1831 661 irrident,
1874 608 1939 645 ac
1968 609 2098 662 003,
2140 586 2242 668 qui

118 712 248 751 eam
288 688 479 748 adhuc
502 689 852 768 profitentur
873 731 889 761 ‚
934 707 1040 767 per
1078 694 1485 765 contemptum
1517 684 2103 761 supernaturalz‘stas
2133 705 2243 743 vo-

121 796 274 845 cant.
319 785 393 842 Hi
447 804 660 864 nempe
707 793 844 840 sunt
892 802 1225 863 progressus
1273 778 1429 861 apud
1474 777 1640 853 illos,
1696 778 1795 858 qui
1836 799 2077 856 purum
2124 781 2249 838 Dei

122 882 397 950 verbum,
428 878 642 937 scilicet
666 879 1052 955 Scrz'pturam
1089 878 1276 935 solam
1308 875 1393 932 uti
1422 873 1786 955 adaequatam
1817 871 2246 935 credendorum

125 977 388 1036 omnium
426 985 485 1033 et
522 969 882 1053 agendorum
917 991 1192 1029 normam
1232 967 1546 1028 extollunt.

208 1072 308 1129 99.
357 1071 569 1128 Verum
605 1065 746 1139 hos,
786 1085 932 1145 quos
961 1063 1225 1143 apposita
1264 1062 1663 1142 propositione
1702 1084 1855 1121 mox·
1878 1062 2246 1143 refellemuS‚

128 1165 485 1224 dimittentes
506 1205 522 1234 .,
551 1171 729 1240 atque
761 1179 832 1217 ex
861 1156 1165 1236 recensitis
1194 1152 1619 1215 catholicorum
1643 1157 1995 1238 scriptorum
2021 1159 2249 1240 placitis

126 1262 270 1320 circa
305 1256 626 1328 rationem,
663 1275 776 1334 qua
807 1252 1056 1334 Spiritus
1084 1253 1143 1310 S.
1174 1250 1488 1331 scriptores
1531 1273 1721 1316 sacros
1763 1253 2078 1330 afflaverit,
2119 1268 2248 1318 tum

124 1350 405 1431 rigidioris
448 1361 576 1408 tum
621 1346 963 1408 liberalioris
1015 1346 1419 1428 inspirationis
1475 1347 1741 1406 instituta
1796 1351 2015 1430 pariter
2066 1351 2250 1412 decli-

123 1458 360 1520 nanteS‚
402 1446 557 1508 viam
593 1444 849 1503 mediam
884 1464 1025 1506 vero
1063 1442 1405 1502 similiorem
1445 1441 1825 1504 arbitramur.
1876 1447 2062 1529 Atque
2099 1447 2249 1510 illud

124 1543 186 1601 in
217 1542 419 1623 primis
453 1541 831 1623 profitemur,
858 1539 1094 1617 rejicere
1118 1560 1225 1597 nos
1254 1538 1500 1598 laxiores
1525 1561 1729 1599 eorum
1759 1544 2079 1603 sententias
2099 1590 2115 1620 ‚
2149 1545 2251 1627 qui

126 1637 362 1695 nonnisi
396 1639 813 1695 adsz‘stentz'am
851 1635 1100 1716 Spiritus
1144 1635 1377 1710 Sancti,
1415 1656 1594 1716 quam
1635 1642 1977 1717 negativam
2013 1643 2251 1703 vocavi·

125 1754 254 1791 mus
275 1778 291 1807 ,
330 1732 693 1807 adsciscunt,
737 1752 852 1813 qua
883 1731 1050 1790 fieret
1080 1741 1146 1788 ut
1171 1730 1465 1790 immunes
1501 1734 1914 1793 tantummodo
1941 1757 2250 1797 servaren-

125 1838 222 1886 tur
247 1827 320 1886 ab
357 1849 550 1888 errore
584 1827 894 1909 scriptores
931 1826 1106 1899 sacri3
1146 1825 1266 1884 haec
1295 1826 1456 1885 enim
1482 1848 1676 1909 neque
1706 1830 1843 1888 satis
1881 1828 2251 1913 adaequatam.

126 1922 292 1982 nobis
333 1922 572 1983 exhibet
608 1922 1005 2004 inspirationis
1041 1922 1379 1997 notionem,
1407 1932 1466 1981 et
1491 1934 1823 2004 competere
1849 1926 2024 1985 etiam
2056 1939 2251 2008 posset

125 2016 458 2098 dogmaticis
492 2018 883 2078 Conciliorum
925 2018 1421 2078 oecumenicorum
1457 2018 1895 2080 definitionibus
1916 2066 1933 2097 ‚
1978 2045 2122 2104 quas
2158 2035 2253 2083 ta·-

127 2135 266 2174 men
311 2136 486 2173 nemo
536 2115 749 2174 dixerit
793 2114 1105 2195 inspiratas
1157 2134 1226 2173 eo
1270 2134 1479 2189 sensu,
1529 2136 1646 2196 quo
1696 2117 2008 2198 inspiratos
2048 2117 2250 2178 Libros

128 2228 314 2266 sacros
358 2230 784 2289 nuncupamus.
835 2207 1021 2267 Multo
1069 2230 1213 2269 vero
1260 2209 1441 2289 m'agis
1495 2209 1804 2286 Holdenii‚
1853 2212 1899 2271 si
1946 2223 2146 2273 tamen
2189 2213 2253 2274 id

129 2302 325 2360 docuit
366 2303 486 2382 (2),
535 2303 898 2384 aliorumque
945 2315 1349 2363 commentum
1395 2305 1724 2385 respuimus
1752 2352 1767 2380 .,
1810 2308 1911 2387 qui
1947 2308 2027 2371 ita
2066 2308 2251 2390 Spiri-

128 2408 221 2455 tus
254 2399 309 2456 S.
350 2399 766 2457 adsoe‘stentiam
808 2408 1147 2471 coarctant,
1202 2408 1270 2455 ut
1316 2397 1390 2455 ad
1433 2400 1722 2477 graviores
1752 2411 1988 2459 tantum
2025 2424 2249 2464 errores

129 2491 504 2552 declinandos
541 2492 781 2553 idoneos
817 2492 1073 2552 effecerit
1106 2491 1415 2574 scriptores
1455 2514 1679 2566 sacross,
1726 2493 1835 2554 hoc
1871 2498 2030 2556 enim
2065 2499 2251 2561 semel

130 2587 379 2646 admisso
399 2633 415 2662 ,
446 2600 786 2669 sequeretur
805 2588 1215 2668 ‚Scripturam
1249 2609 1468 2647 sacram
1501 2587 1766 2668 pluribus
1787 2613 1956 2672 posse
1980 2597 2248 2676 quamvis

129 2681 353 2741 levibus
403 2694 623 2742 scatere
669 2682 995 2757 erroribuS‚
1046 2681 1204 2764 quod
1250 2682 1487 2763 quidem
1532 2683 1605 2742 ab
1650 2685 1908 2746 Ecclesiae
1950 2689 2248 2749 catholicae

134 2798 308 2837 sensu
355 2777 610 2837 alienum
654 2779 896 2837 omnino
943 2788 1034 2839 est
1081 2775 1189 2861 (3).
1241 2779 1332 2837 Sic
1374 2799 1566 2860 neque
1611 2779 1844 2841 illorum
1889 2783 2253 2846 admittimus

206 2999 272 3065 (l)
308 3000 364 3049 ln
389 3018 548 3066 opusc.
567 3017 613 3066 ιι,
639 2998 716 3048 De
735 3008 927 3065 system.
945 3015 1003 3048 ac
1017 3016 1156 3066 scopo
1240 3017 1343 3049 ron.
1363 3019 1416 3050 n.
1451 3002 1481 3050 3
1496 3038 1510 3063 ,
1542 3001 1625 3050 ubi
1648 3003 1806 3051 scribit
1829 3022 1844 3052 ε
1867 3003 1918 3052 E
1916 3023 2031 3070 qo...
2051 3006 2164 3055 solis
2181 3010 2252 3057 eis

139 3080 285 3144 Jeme,
331 3100 408 3147 ep.
446 3099 540 3143 v113
580 3094 624 3131 et
663 3083 741 3132 alii
786 3085 988 3148 passim,
1032 3082 1157 3148 apud
1239 3081 1606 3149 Scripturarum
1621 3083 1782 3141 libris,
1807 3088 2008 3151 quiJam
2026 3092 2255 3139 canonici

141 3161 381 3224 Janssens,
411 3182 489 3229 op.
519 3168 602 3214 cit.
634 3163 659 3231 §
689 3163 741 3214 5.
1237 3164 1569 3229 appellantur,
1603 3165 1762 3214 didici
1783 3166 1912 3215 hunc
1932 3171 2146 3220 timorem
2171 3173 2252 3221 ho-

209 3244 272 3307 (2)
294 3246 476 3295 Etenim
493 3247 1157 3313 Nicolai‚inDissert.prooe-
1238 3261 1493 3311 moremque
1523 3246 1704 3311 deferre
1723 3285 1738 3304 ,
1776 3258 1829 3295 ut
1868 3250 2055 3299 nullum
2087 3270 2252 3302 eorum

144 3325 279 3373 miali
305 3345 322 3376 1
337 3366 351 3389 ,
385 3330 496 3379 edit.
529 3331 720 3379 Firenze
758 3327 888 3397 1756
906 3368 920 3390 ,
954 3341 1069 3378 tom.
1103 3345 1120 3376 1
1138 3366 1154 3391 ‚
1237 3337 1474 3376 auctorem
1489 3329 1738 3377 scribendo
1761 3330 1950 3396 aliquid
1968 3350 2150 3382 errasse
2161 3335 2252 3397 fir-

146 3415 260 3469 part.
288 3425 330 3469 1,
356 3427 458 3477 pag.
489 3428 576 3480 19,
609 3428 697 3473 20,
727 3430 834 3461 eum
868 3412 928 3461 ab
954 3412 1043 3483 bac
1062 3412 1153 3460 cri·
1237 3411 1448 3458 missime
1478 3410 1688 3460 credam.
1726 3411 1860 3478 Quod
1897 3426 1941 3463 et
1976 3416 2150 3464 ibidem
2179 3434 2251 3465 re·-

146 3487 393 3539 minatione
425 3494 648 3543 vindicat.
1230 3494 1342 3556 petit
1357 3529 1372 3554 ‚
1403 3511 1455 3542 n.
1478 3508 1540 3540 22
1555 3529 1568 3553 ‚
1590 3503 1637 3542 et
1661 3496 1712 3543 in
1728 3513 1799 3560 ep.
1818 3513 1992 3558 xxviii,
2011 3499 2070 3547 ad
2085 3498 2251 3549 eumd.

213 3566 278 3630 (3)
312 3568 410 3618 Hoc
434 3577 598 3637 passim
623 3575 824 3624 inculcat
847 3574 896 3625 S.
927 3574 1148 3642 Augusti·
1230 3591 1280 3622 n.
1301 3574 1331 3623 3
1349 3573 1612 3624 :Admisso
1641 3577 1808 3640 semel,
1842 3577 2030 3646 inquit,
2057 3582 2115 3628 in
2141 3588 2251 3629 tan-

142 3666 232 3699 nus
249 3686 264 3713 ,
282 3655 528 3716 praesertim
543 3653 704 3723 Epion.
723 3674 878 3707 uxxn
893 3694 909 3722 ‚
939 3656 1005 3708 ad
1021 3656 1149 3707 Hie·
1232 3663 1335 3706 tum
1384 3658 1688 3708 auctoritatis
1737 3661 1994 3727 factiqiam
2046 3662 2250 3728 officioso
