2502 4134
270 38 392 99 208
855 58 1062 97 amur.
1112 61 1179 98 mi
1222 61 1371 100 mols
1415 62 1792 102 rnaonocicis.

274 205 435 265 modi
480 204 822 265 necessitate
873 201 1282 283 adigerentur,
1335 226 1537 266 omnes
1587 208 1826 267 omnino
1875 207 2049 266 etiam
2101 206 2274 267 rudes
2323 229 2388 267 ac

275 300 532 361 illiterati
564 298 615 357 ei
645 318 848 379 parere
886 297 1199 373 deberent,
1236 320 1300 358 ac
1337 312 1646 381 propterea
1681 302 1756 362 ad
1794 302 2149 363 removenda
2192 302 2388 363 obsta-

278 396 404 456 cula
427 440 443 469 ,
483 415 613 475 quae
653 394 808 475 ipsos
846 393 1240 474 impedirent,
1280 396 1591 476 quominus
1619 398 1670 457 ei
1702 399 1930 458 muneri
1958 398 2386 472 satisfacerent,

278 491 694 569 obligarentur.
738 491 886 549 Nam
926 490 1141 571 qui‘ad
1182 490 1361 550 finem
1397 503 1666 567 tenetur,
1713 505 1771 552 et
1814 494 2048 575 quidem
2085 492 2386 568 absolute,

275 596 513 644 tenetur
547 585 767 666 pariter
806 584 881 642 ad
917 584 1147 660 media,
1193 586 1318 645 sine
1363 585 1574 667 quibus
1612 589 1962 646 necessarius
2006 590 2135 647 finis
2186 589 2391 670 nequit

277 680 550 740 obtineri.
581 683 779 760 Neque
818 681 952 739 huic
991 680 1328 760 obligationi
1365 674 1669 741 satisfieret
1703 703 1807 764 per
1835 683 2222 758 auditionem,
2259 707 2391 743 cum

269 779 432 857 juxta
473 776 834 835 adversarios
877 778 1186 835 necessitas
1232 779 1306 836 sit
1346 777 1418 836 de
1454 777 1701 836 lectione
1742 779 1885 858 ipsa.
1925 780 2207 859 Suspicari
2242 801 2391 860 prae-

271 884 429 933 terea
463 892 693 954 semper
728 882 965 953 possent
1007 872 1215 948 rudeS,
1255 896 1329 932 ne
1371 874 1431 931 in
1475 873 1702 955 publica
1748 873 1845 932 illa
1888 873 2133 934 lectione
2164 874 2394 957 decipe-

269 981 477 1031 rentur
499 981 600 1028 aut
625 990 729 1050 per
755 969 1083 1029 versionem
1110 969 1409 1029 infidelem
1426 1015 1441 1044 ,
1465 982 1564 1028 aut
1589 992 1691 1051 per
1714 969 2144 1029 mutilationem
2168 981 2391 1045 textUS,

270 1077 370 1124 aut
412 1064 521 1124 alia
562 1065 803 1124 demum
842 1065 1085 1124 ratione.
1131 1065 1299 1139 Quod
1350 1087 1485 1124 vero
1524 1066 1791 1144 adjicitur
1829 1066 1899 1125 de
1948 1087 2124 1126 onere
2162 1066 2393 1146 legendi

271 1162 593 1243 Scripturas
631 1160 691 1219 in
718 1160 962 1242 <templis
1013 1160 1207 1239 lingua
1252 1162 1560 1222 vernacula
1583 1209 1597 1237 ,
1654 1162 1947 1243 quomodo
1980 1163 2042 1221 id
2079 1162 2396 1223 adversarii

271 1257 636 1317 ostendunt?
662 1256 817 1315 Nihil
843 1257 1130 1334 ejusmodi
1149 1257 1212 1314 in
1240 1257 1551 1338 Scripturis
1585 1258 1868 1330 occurrit,
1899 1263 2217 1339 quaejuxta
2243 1260 2396 1339 ipsos

270 1353 454 1413 solam
490 1352 855 1411 constituunt
879 1352 1309 1411 credendorum
1345 1365 1405 1411 et
1446 1353 1806 1433 agendorum
1839 1353 2121 1432 regulam.

354 1449 495 1509 305.
545 1448 631 1507 Ad
661 1449 769 1521 6¹1¹,
803 1454 954 1507 Dz'st.
994 1450 1167 1527 Cujus
1199 1461 1507 1529 propterea
1547 1449 1762 1528 Synodi
1798 1449 2111 1530 propositio
2135 1494 2152 1523 ,
2191 1460 2395 1530 utpote

272 1567 551 1622 erronea,
597 1544 873 1602 damnata
919 1555 1039 1618 est,
1082 1564 1279 1611 conc.,·
1323 1543 1565 1624 probata
1607 1556 1780 1625 atque
1822 1543 2220 1617 admittenda,
2261 1567 2390 1624 neq.

272 1640 544 1714 Accedit,
576 1639 731 1720 quod
762 1639 884 1698 haec
925 1639 1000 1696 sit
1036 1638 1222 1719 glossa
1258 1640 1501 1696 omnino
1538 1641 1783 1718 gratuita
1809 1685 1824 1713 ,
1865 1644 2024 1717 cujus
2063 1637 2296 1698 nullum
2331 1641 2393 1698 in

273 1735 583 1816 Scripturis
609 1734 1065 1792 fundamentum
1092 1733 1343 1792 habetur
1372 1745 1472 1792 aut
1497 1734 1838 1811 traditione,
1867 1746 1925 1793 et
1956 1734 2019 1792 in
2053 1756 2188 1793 eum
2221 1737 2395 1795 finem

273 1831 541 1906 invecta,
585 1841 650 1888 ut
694 1829 767 1888 ab
807 1828 1115 1904 absurdiS,
1161 1828 1371 1911 quibus
1414 1830 1703 1910 premitur
1748 1829 2212 1891 adversariorum
2258 1830 2397 1890 doc-

274 1928 457 2002 trina,
496 1948 556 1985 se
589 1925 1002 1985 subducerent.

359 2023 496 2081 306.
551 2022 639 2081 Ad
668 2022 775 2096 71¹¹,
810 2020 903 2080 vel
927 2021 1078 2100 Ney.
1115 2020 1209 2081 vel
1234 2023 1395 2080 Dist.
1424 2020 1742 2095 Nonnulli,
1770 2033 1986 2091 tran8.,·
2011 2043 2239 2099 omneS‚
2264 2045 2391 2103 neq.

275 2121 410 2179 Jam
452 2139 589 2178 vero
629 2138 934 2197 nunquam
976 2115 1184 2175 desunt
1224 2117 1284 2174 in
1321 2116 1565 2175 Ecclesia
1605 2118 1883 2198 operarii,
1924 2130 1989 2176 ut
2041 2130 2207 2177 vocat
2250 2125 2399 2199 Apo-

277 2214 483 2289 stolus),
509 2214 996 2290 inconfusibile&
1024 2212 1248 2293 quirite
1281 2213 1650 2293 graviterque
1672 2213 1950 2272 enarrent
1982 2213 2224 2273 verbum
2253 2216 2393 2287 ’θείς

278 2309 544 2392 Episcopi
575 2308 898 2381 excubant,
944 2320 1010 2366 ut
1042 2308 1475 2367 concionatores
1505 2330 1609 2366 suo
1641 2321 1794 2368 recte
1832 2309 2147 2389 fungantur
2187 2309 2392 2368 officio.

277 2408 367 2466 Sic
405 2426 711 2486 nunquam
757 2403 970 2462 desunt
1017 2399 1150 2462 libri
1197 2405 1425 2463 ascetici
1468 2426 1530 2463 ac
1583 2405 1806 2484 mystici
1853 2427 1991 2467 vero
2035 2405 2136 2464 Dei
2179 2405 2399 2485 Spiritu

279 2501 626 2581 conscripti,
670 2499 880 2582 quibus
917 2499 1180 2558 fidelium
1217 2500 1398 2558 animi
1429 2499 1503 2558 ad
1536 2501 1814 2581 pietatem
1847 2501 2217 2581 omnigenam
2252 2500 2397 2558 mire

280 2598 641 2669 excitantur,
683 2617 747 2654 ac
775 2607 1202 2677 promoventur
1233 2594 1306 2652 ad
1338 2595 1743 2669 sanctitatem,
1785 2596 2085 2654 sententiis
2118 2616 2187 2653 ex
2224 2595 2398 2653 sacris

280 2693 513 2752 Litteris
541 2703 875 2774 opportune
899 2703 957 2750 et
981 2702 1115 2772 apte
1140 2689 1503 2771 depromptis
1525 2691 1634 2770 (l).
1660 2690 1880 2771 Siquid
1906 2712 2042 2750 vero
2066 2702 2167 2749 aut
2191 2689 2399 2749 inutile

352 2899 415 2963 (1)
453 2898 770 2947 Praetermissis
797 2898 1027 2963 siquidem
1057 2914 1300 2962 nunquam
1384 2897 1679 2945 christianam
1708 2896 1766 2944 ad
1802 2898 2017 2959 pietatem
2051 2897 2400 2961 perfectionem-

284 2984 392 3029 satis
430 2982 765 3030 commendatis
809 2983 1012 3029 asceticis
1046 2980 1261 3044 operibus
1285 3017 1298 3039 ,
1386 2996 1476 3045 que
1495 2978 1783 3043 perducunt,
1817 2981 1852 3025 si
1884 2981 1985 3044 quis
2007 2979 2163 3026 oculos
2185 2973 2400 3042 conjiciat

282 3062 355 3114 De
417 3068 688 3114 ivnilatione
755 3064 943 3113 Christi
969 3100 986 3126 ‚
1050 3062 1302 3111 Philothea
1386 3065 1434 3110 in
1452 3064 1613 3126 scripta
1628 3060 1945 3110 S.Catharinae
1959 3060 2192 3120 Senensis,
2213 3060 2259 3107 S.
2275 3060 2398 3109 The-

284 3145 334 3194 S.
357 3146 582 3195 Francisci
610 3149 768 3196 Salesii
787 3186 799 3209 ,
837 3146 902 3196 De
927 3147 1108 3211 qemitu
1127 3145 1305 3194 colum-
1387 3147 1513 3193 resioe
1532 3180 1544 3203 ‚
1585 3142 1633 3191 S.
1669 3142 1890 3207 Alphonsi
1910 3180 1924 3203 ,
1962 3144 2059 3191 fieri
2090 3160 2183 3189 non
2216 3152 2396 3207 potest,

283 3227 386 3288 boe,
415 3225 487 3276 De
506 3238 605 3275 arte
628 3230 745 3277 bene
765 3230 1025 3285 moriendi,
1050 3226 1119 3277 De
1136 3245 1306 3275 ascen-
1390 3234 1443 3275 ut
1463 3244 1515 3274 ex
1536 3227 1751 3273 unctione
1773 3263 1786 3284 ,
1820 3243 1959 3291 quam
1990 3224 2163 3290 ubique
2190 3229 2365 3289 spirant
2383 3261 2394 3283 ‚

284 3310 416 3358 sione
439 3312 610 3358 mentis
635 3315 689 3358 in
714 3311 877 3359 Deum
900 3312 1018 3360 Ven.
1042 3309 1179 3359 Card.
1198 3311 1303 3357 Bel·
1388 3328 1481 3358 non
1501 3311 1664 3357 sentiat
1696 3308 1779 3357 Dei
1810 3310 2023 3374 spiritum
2057 3311 2105 3355 in
2137 3308 2227 3355 illis
2255 3309 2402 3355 domi-

284 3393 471 3442 larmini
494 3432 506 3454 ,
552 3412 737 3442 necnon
780 3406 845 3443 tot
883 3398 1062 3443 eximiis
1090 3396 1305 3459 operibus
1387 3395 1517 3452 nari,
1551 3410 1605 3439 ac
1638 3408 1714 3439 cor
1746 3409 1881 3438 suum
1911 3390 1961 3436 in
1991 3391 2140 3438 Deum
2171 3393 2268 3454 rapi
2307 3393 2400 3437 imo

285 3476 491 3525 Bossueti
510 3513 523 3537 ,
553 3476 792 3525 Fenelonii
810 3515 824 3540 ‚
861 3477 1001 3526 Card.
1024 3477 1159 3541 Bonae
1179 3515 1191 3536 ,
1226 3479 1305 3543 qui
1388 3486 1432 3524 et
1459 3474 1597 3522 trahi.
1625 3473 1736 3521 Haec
1769 3475 2030 3538 speciminis
2048 3476 2188 3537 gratia
2206 3489 2405 3522 comme-

286 3555 430 3609 solide
472 3578 567 3609 non
602 3563 757 3609 minus
799 3580 940 3627 quam
983 3564 1059 3628 pie
1100 3564 1305 3610 animam
1387 3560 1598 3622 moravi3
1626 3567 1829 3607 ceterum
1859 3560 2111 3607 innumera
2141 3573 2283 3623 prope
2300 3563 2405 3604 sunt
