<?xml version="1.0" encoding="UTF-8"?>
<!DOCTYPE html PUBLIC "-//W3C//DTD XHTML 1.0 Transitional//EN"
    "http://www.w3.org/TR/xhtml1/DTD/xhtml1-transitional.dtd">
<html xmlns="http://www.w3.org/1999/xhtml" xml:lang="en" lang="en">
 <head>
  <title>
</title>
<meta http-equiv="Content-Type" content="text/html;charset=utf-8" />
  <meta name='ocr-system' content='tesseract 3.04.00' />
  <meta name='ocr-capabilities' content='ocr_page ocr_carea ocr_par ocr_line ocrx_word'/>
</head>
<body>
  <div class='ocr_page' id='page_1' title='image "a603693809perruoft_0126.png"; bbox 0 0 2502 4134; ppageno 0'>
   <div class='ocr_carea' id='block_1_1' title="bbox 316 129 431 186">
    <p class='ocr_par' dir='ltr' id='par_1_1' title="bbox 316 129 431 186">
     <span class='ocr_line' id='line_1_1' title="bbox 316 129 431 186; baseline 0 0"><span class='ocrx_word' id='word_1_1' title='bbox 316 129 431 186; x_wconf 79' lang='lat'>118</span> 
     </span>
    </p>
   </div>
   <div class='ocr_carea' id='block_1_2' title="bbox 908 146 1823 186">
    <p class='ocr_par' dir='ltr' id='par_1_2' title="bbox 908 146 1823 186">
     <span class='ocr_line' id='line_1_2' title="bbox 908 146 1823 186; baseline -0.002 -2"><span class='ocrx_word' id='word_1_2' title='bbox 908 148 1100 186; x_wconf 61' lang='lat' dir='ltr'>uuor.</span> <span class='ocrx_word' id='word_1_3' title='bbox 1145 150 1211 185; x_wconf 69' lang='grc' dir='ltr'>ΒΕ</span> <span class='ocrx_word' id='word_1_4' title='bbox 1256 148 1405 185; x_wconf 76' lang='lat' dir='ltr'>LOCIS</span> <span class='ocrx_word' id='word_1_5' title='bbox 1450 146 1823 185; x_wconf 77' lang='lat' dir='ltr'>THEOLOGICIS.</span> 
     </span>
    </p>
   </div>
   <div class='ocr_carea' id='block_1_3' title="bbox 267 286 2446 2000">
    <p class='ocr_par' dir='ltr' id='par_1_3' title="bbox 311 286 2433 563">
     <span class='ocr_line' id='line_1_3' title="bbox 311 286 2432 374; baseline 0 -24"><span class='ocrx_word' id='word_1_6' title='bbox 311 292 623 351; x_wconf 85' lang='lat' dir='ltr'>reticorum</span> <span class='ocrx_word' id='word_1_7' title='bbox 661 291 1164 372; x_wconf 77' lang='lat' dir='ltr'>interpretationi3</span> <span class='ocrx_word' id='word_1_8' title='bbox 1206 304 1381 374; x_wconf 90' lang='lat' dir='ltr'>atque</span> <span class='ocrx_word' id='word_1_9' title='bbox 1425 291 1499 351; x_wconf 87' lang='lat' dir='ltr'>ob</span> <span class='ocrx_word' id='word_1_10' title='bbox 1542 291 1946 351; x_wconf 85' lang='lat' dir='ltr'>auctoritatem</span> <span class='ocrx_word' id='word_1_11' title='bbox 1992 286 2251 348; x_wconf 84' lang='lat' dir='ltr'>Ecclesiae</span> <span class='ocrx_word' id='word_1_12' title='bbox 2287 289 2432 370; x_wconf 82' lang='lat' dir='ltr'>dog-</span> 
     </span>
     <span class='ocr_line' id='line_1_4' title="bbox 312 383 2433 462; baseline -0 -16"><span class='ocrx_word' id='word_1_13' title='bbox 312 399 469 446; x_wconf 88' lang='lat' dir='ltr'>mata</span> <span class='ocrx_word' id='word_1_14' title='bbox 508 396 826 446; x_wconf 86' lang='lat' dir='ltr'>tenuerunt</span> <span class='ocrx_word' id='word_1_15' title='bbox 858 386 929 445; x_wconf 89' lang='lat' dir='ltr'>de</span> <span class='ocrx_word' id='word_1_16' title='bbox 962 388 1282 462; x_wconf 86' lang='lat' dir='ltr'>Trinitate,</span> <span class='ocrx_word' id='word_1_17' title='bbox 1322 387 1395 447; x_wconf 92' lang='lat' dir='ltr'>de</span> <span class='ocrx_word' id='word_1_18' title='bbox 1423 388 1860 459; x_wconf 89' lang='lat' dir='ltr'>Incarnatione,</span> <span class='ocrx_word' id='word_1_19' title='bbox 1898 383 1969 442; x_wconf 89' lang='lat' dir='ltr'>de</span> <span class='ocrx_word' id='word_1_20' title='bbox 2007 383 2202 462; x_wconf 77' lang='lat' dir='ltr'>gratiae</span> <span class='ocrx_word' id='word_1_21' title='bbox 2240 406 2433 445; x_wconf 89' lang='lat' dir='ltr'>neces-</span> 
     </span>
     <span class='ocr_line' id='line_1_5' title="bbox 311 481 1125 563; baseline 0 -22"><span class='ocrx_word' id='word_1_22' title='bbox 311 485 513 558; x_wconf 86' lang='lat' dir='ltr'>sitate,</span> <span class='ocrx_word' id='word_1_23' title='bbox 553 481 781 563; x_wconf 89' lang='lat' dir='ltr'>aliaque</span> <span class='ocrx_word' id='word_1_24' title='bbox 821 482 1125 560; x_wconf 88' lang='lat' dir='ltr'>ejusmodi.</span> 
     </span>
    </p>

    <p class='ocr_par' dir='ltr' id='par_1_4' title="bbox 267 574 2446 2000">
     <span class='ocr_line' id='line_1_6' title="bbox 398 574 2435 659; baseline -0 -24"><span class='ocrx_word' id='word_1_25' title='bbox 398 576 534 636; x_wconf 85' lang='lat'>179.</span> <span class='ocrx_word' id='word_1_26' title='bbox 581 578 838 651; x_wconf 82' lang='lat' dir='ltr'>Verum,</span> <span class='ocrx_word' id='word_1_27' title='bbox 890 577 1389 659; x_wconf 86' lang='lat' dir='ltr'>quemadmodum</span> <span class='ocrx_word' id='word_1_28' title='bbox 1443 578 1676 652; x_wconf 90' lang='lat' dir='ltr'>Ariani,</span> <span class='ocrx_word' id='word_1_29' title='bbox 1730 575 2099 648; x_wconf 70' lang='lat' dir='ltr'>Nestorium,</span> <span class='ocrx_word' id='word_1_30' title='bbox 2148 574 2435 654; x_wconf 82' lang='lat' dir='ltr'>Pelagiani</span> 
     </span>
     <span class='ocr_line' id='line_1_7' title="bbox 308 669 2432 757; baseline -0.001 -25"><span class='ocrx_word' id='word_1_31' title='bbox 308 685 634 754; x_wconf 84' lang='lat' dir='ltr'>negarunt,</span> <span class='ocrx_word' id='word_1_32' title='bbox 690 675 1034 750; x_wconf 75' lang='lat' dir='ltr'>Ecclesiam,</span> <span class='ocrx_word' id='word_1_33' title='bbox 1085 674 1279 756; x_wconf 87' lang='lat' dir='ltr'>quoad</span> <span class='ocrx_word' id='word_1_34' title='bbox 1331 696 1433 734; x_wconf 90' lang='lat' dir='ltr'>sua</span> <span class='ocrx_word' id='word_1_35' title='bbox 1482 676 1742 757; x_wconf 84' lang='lat' dir='ltr'>ipsorum</span> <span class='ocrx_word' id='word_1_36' title='bbox 1795 672 2002 754; x_wconf 85' lang='lat' dir='ltr'>placita</span> <span class='ocrx_word' id='word_1_37' title='bbox 2055 669 2432 752; x_wconf 75' lang='lat' dir='ltr'>singillatim,</span> 
     </span>
     <span class='ocr_line' id='line_1_8' title="bbox 309 767 2438 852; baseline -0.001 -23"><span class='ocrx_word' id='word_1_38' title='bbox 309 768 636 850; x_wconf 82' lang='lat' dir='ltr'>legitimum</span> <span class='ocrx_word' id='word_1_39' title='bbox 664 791 788 831; x_wconf 90' lang='lat' dir='ltr'>esse</span> <span class='ocrx_word' id='word_1_40' title='bbox 818 771 1213 850; x_wconf 81' lang='lat' dir='ltr'>dogmaticum</span> <span class='ocrx_word' id='word_1_41' title='bbox 1243 771 1627 852; x_wconf 80' lang='lat' dir='ltr'>interpretem</span> <span class='ocrx_word' id='word_1_42' title='bbox 1647 814 1663 843; x_wconf 86' lang='lat'>,</span> <span class='ocrx_word' id='word_1_43' title='bbox 1689 769 1767 827; x_wconf 89' lang='lat' dir='ltr'>ita</span> <span class='ocrx_word' id='word_1_44' title='bbox 1795 767 1970 849; x_wconf 86' lang='lat' dir='ltr'>plane</span> <span class='ocrx_word' id='word_1_45' title='bbox 2006 770 2438 843; x_wconf 70' lang='lat' dir='ltr'>protestantes»,</span> 
     </span>
     <span class='ocr_line' id='line_1_9' title="bbox 311 862 2437 949; baseline -0.001 -26"><span class='ocrx_word' id='word_1_46' title='bbox 311 886 445 924; x_wconf 88' lang='lat' dir='ltr'>cum</span> <span class='ocrx_word' id='word_1_47' title='bbox 482 887 543 924; x_wconf 90' lang='lat' dir='ltr'>se</span> <span class='ocrx_word' id='word_1_48' title='bbox 579 865 652 924; x_wconf 94' lang='lat' dir='ltr'>ab</span> <span class='ocrx_word' id='word_1_49' title='bbox 690 866 891 925; x_wconf 90' lang='lat' dir='ltr'>eadem</span> <span class='ocrx_word' id='word_1_50' title='bbox 934 865 1182 925; x_wconf 86' lang='lat' dir='ltr'>Ecclesia</span> <span class='ocrx_word' id='word_1_51' title='bbox 1221 867 1467 949; x_wconf 87' lang='lat' dir='ltr'>privatis</span> <span class='ocrx_word' id='word_1_52' title='bbox 1512 866 1629 924; x_wconf 92' lang='lat' dir='ltr'>suis</span> <span class='ocrx_word' id='word_1_53' title='bbox 1669 863 2254 945; x_wconf 83' lang='lat' dir='ltr'>interpretationibus</span> <span class='ocrx_word' id='word_1_54' title='bbox 2290 862 2437 921; x_wconf 89' lang='lat' dir='ltr'>circa</span> 
     </span>
     <span class='ocr_line' id='line_1_10' title="bbox 308 957 2438 1043; baseline -0.001 -24"><span class='ocrx_word' id='word_1_55' title='bbox 308 961 793 1021; x_wconf 79' lang='lat' dir='ltr'>Justificationem</span> <span class='ocrx_word' id='word_1_56' title='bbox 822 1008 836 1035; x_wconf 83' lang='lat'>,</span> <span class='ocrx_word' id='word_1_57' title='bbox 906 964 1311 1043; x_wconf 80' lang='lat' dir='ltr'>Purgatorium</span> <span class='ocrx_word' id='word_1_58' title='bbox 1341 1010 1356 1038; x_wconf 84' lang='lat'>,</span> <span class='ocrx_word' id='word_1_59' title='bbox 1410 965 1786 1022; x_wconf 83' lang='lat' dir='ltr'>Sacramenta</span> <span class='ocrx_word' id='word_1_60' title='bbox 1815 1005 1829 1033; x_wconf 70' lang='lat'>,</span> <span class='ocrx_word' id='word_1_61' title='bbox 1884 957 2113 1040; x_wconf 88' lang='lat' dir='ltr'>aliaque</span> <span class='ocrx_word' id='word_1_62' title='bbox 2152 959 2210 1018; x_wconf 89' lang='lat' dir='ltr'>id</span> <span class='ocrx_word' id='word_1_63' title='bbox 2257 979 2438 1039; x_wconf 80' lang='lat' dir='ltr'>genus</span> 
     </span>
     <span class='ocr_line' id='line_1_11' title="bbox 312 1054 2439 1138; baseline -0.001 -24"><span class='ocrx_word' id='word_1_64' title='bbox 312 1055 620 1115; x_wconf 88' lang='lat' dir='ltr'>damnatos</span> <span class='ocrx_word' id='word_1_65' title='bbox 663 1070 1008 1135; x_wconf 85' lang='lat' dir='ltr'>cernerent,</span> <span class='ocrx_word' id='word_1_66' title='bbox 1046 1058 1358 1118; x_wconf 87' lang='lat' dir='ltr'>Ecclesiam</span> <span class='ocrx_word' id='word_1_67' title='bbox 1394 1058 1551 1117; x_wconf 90' lang='lat' dir='ltr'>haud</span> <span class='ocrx_word' id='word_1_68' title='bbox 1590 1078 1709 1117; x_wconf 85' lang='lat' dir='ltr'>esse</span> <span class='ocrx_word' id='word_1_69' title='bbox 1741 1055 2071 1138; x_wconf 88' lang='lat' dir='ltr'>legitimum</span> <span class='ocrx_word' id='word_1_70' title='bbox 2110 1054 2439 1136; x_wconf 88' lang='lat' dir='ltr'>Scriptura·</span> 
     </span>
     <span class='ocr_line' id='line_1_12' title="bbox 311 1150 2443 1235; baseline -0.001 -25"><span class='ocrx_word' id='word_1_71' title='bbox 311 1172 446 1210; x_wconf 90' lang='lat' dir='ltr'>rum</span> <span class='ocrx_word' id='word_1_72' title='bbox 475 1152 862 1234; x_wconf 87' lang='lat' dir='ltr'>interpretem</span> <span class='ocrx_word' id='word_1_73' title='bbox 895 1152 1369 1231; x_wconf 89' lang='lat' dir='ltr'>conclamarunt,</span> <span class='ocrx_word' id='word_1_74' title='bbox 1412 1154 1720 1235; x_wconf 88' lang='lat' dir='ltr'>eidemque</span> <span class='ocrx_word' id='word_1_75' title='bbox 1755 1152 2029 1233; x_wconf 89' lang='lat' dir='ltr'>spiritum</span> <span class='ocrx_word' id='word_1_76' title='bbox 2072 1150 2443 1228; x_wconf 87' lang='lat' dir='ltr'>uniuscujus-</span> 
     </span>
     <span class='ocr_line' id='line_1_13' title="bbox 267 1246 2444 1332; baseline -0.001 -26"><span class='ocrx_word' id='word_1_77' title='bbox 267 1252 273 1256; x_wconf 79' lang='grc'><strong>’</strong></span> <span class='ocrx_word' id='word_1_78' title='bbox 313 1268 427 1328; x_wconf 90' lang='lat' dir='ltr'>que</span> <span class='ocrx_word' id='word_1_79' title='bbox 457 1248 754 1328; x_wconf 85' lang='lat' dir='ltr'>privatum</span> <span class='ocrx_word' id='word_1_80' title='bbox 773 1295 789 1325; x_wconf 87' lang='lat'>,</span> <span class='ocrx_word' id='word_1_81' title='bbox 827 1250 1169 1310; x_wconf 90' lang='lat' dir='ltr'>interiorem</span> <span class='ocrx_word' id='word_1_82' title='bbox 1194 1250 1440 1332; x_wconf 89' lang='lat' dir='ltr'>Spiritus</span> <span class='ocrx_word' id='word_1_83' title='bbox 1474 1251 1531 1311; x_wconf 87' lang='lat' dir='ltr'>S.</span> <span class='ocrx_word' id='word_1_84' title='bbox 1562 1248 2015 1308; x_wconf 82' lang='lat' dir='ltr'>illustrationem</span> <span class='ocrx_word' id='word_1_85' title='bbox 2036 1293 2051 1321; x_wconf 85' lang='lat'>,</span> <span class='ocrx_word' id='word_1_86' title='bbox 2083 1246 2444 1327; x_wconf 88' lang='lat' dir='ltr'>Scripturam</span> 
     </span>
     <span class='ocr_line' id='line_1_14' title="bbox 312 1342 2443 1427; baseline -0.001 -25"><span class='ocrx_word' id='word_1_87' title='bbox 312 1345 537 1426; x_wconf 87' lang='lat' dir='ltr'>ipsam,</span> <span class='ocrx_word' id='word_1_88' title='bbox 589 1355 648 1403; x_wconf 91' lang='lat' dir='ltr'>et</span> <span class='ocrx_word' id='word_1_89' title='bbox 684 1346 732 1403; x_wconf 92' lang='lat' dir='ltr'>si</span> <span class='ocrx_word' id='word_1_90' title='bbox 774 1344 934 1427; x_wconf 89' lang='lat' dir='ltr'>quod</span> <span class='ocrx_word' id='word_1_91' title='bbox 969 1345 1127 1403; x_wconf 88' lang='lat' dir='ltr'>aliud</span> <span class='ocrx_word' id='word_1_92' title='bbox 1169 1356 1575 1407; x_wconf 87' lang='lat' dir='ltr'>commentum</span> <span class='ocrx_word' id='word_1_93' title='bbox 1617 1356 1742 1420; x_wconf 84' lang='lat' dir='ltr'>est,</span> <span class='ocrx_word' id='word_1_94' title='bbox 1794 1343 2168 1403; x_wconf 86' lang='lat' dir='ltr'>suffecerunt.</span> <span class='ocrx_word' id='word_1_95' title='bbox 2208 1342 2290 1400; x_wconf 77' lang='lat' dir='ltr'>Ex</span> <span class='ocrx_word' id='word_1_96' title='bbox 2328 1362 2443 1422; x_wconf 87' lang='lat' dir='ltr'>qua</span> 
     </span>
     <span class='ocr_line' id='line_1_15' title="bbox 313 1436 2443 1520; baseline -0.002 -22"><span class='ocrx_word' id='word_1_97' title='bbox 313 1438 557 1500; x_wconf 90' lang='lat' dir='ltr'>demum</span> <span class='ocrx_word' id='word_1_98' title='bbox 596 1439 809 1520; x_wconf 79' lang='lat' dir='ltr'>agendi</span> <span class='ocrx_word' id='word_1_99' title='bbox 851 1453 1205 1501; x_wconf 89' lang='lat' dir='ltr'>novatorum</span> <span class='ocrx_word' id='word_1_100' title='bbox 1249 1442 1475 1502; x_wconf 88' lang='lat' dir='ltr'>ratione</span> <span class='ocrx_word' id='word_1_101' title='bbox 1517 1440 1838 1520; x_wconf 83' lang='lat' dir='ltr'>colligitur,</span> <span class='ocrx_word' id='word_1_102' title='bbox 1882 1438 2014 1497; x_wconf 89' lang='lat' dir='ltr'>illos</span> <span class='ocrx_word' id='word_1_103' title='bbox 2072 1437 2278 1497; x_wconf 87' lang='lat' dir='ltr'>eodem</span> <span class='ocrx_word' id='word_1_104' title='bbox 2318 1436 2443 1517; x_wconf 88' lang='lat' dir='ltr'>ipso</span> 
     </span>
     <span class='ocr_line' id='line_1_16' title="bbox 312 1533 2445 1618; baseline -0.002 -24"><span class='ocrx_word' id='word_1_105' title='bbox 312 1546 581 1617; x_wconf 89' lang='lat' dir='ltr'>tempore</span> <span class='ocrx_word' id='word_1_106' title='bbox 599 1580 615 1611; x_wconf 89' lang='lat'>,</span> <span class='ocrx_word' id='word_1_107' title='bbox 643 1557 760 1617; x_wconf 89' lang='lat' dir='ltr'>quo</span> <span class='ocrx_word' id='word_1_108' title='bbox 789 1535 1219 1618; x_wconf 82' lang='lat' dir='ltr'>impugnabant</span> <span class='ocrx_word' id='word_1_109' title='bbox 1243 1535 1419 1596; x_wconf 90' lang='lat' dir='ltr'>solius</span> <span class='ocrx_word' id='word_1_110' title='bbox 1452 1536 1715 1597; x_wconf 81' lang='lat' dir='ltr'>Ecclesiae</span> <span class='ocrx_word' id='word_1_111' title='bbox 1738 1555 1861 1595; x_wconf 90' lang='lat' dir='ltr'>esse</span> <span class='ocrx_word' id='word_1_112' title='bbox 1885 1533 2270 1613; x_wconf 81' lang='lat' dir='ltr'>dogmaticam</span> <span class='ocrx_word' id='word_1_113' title='bbox 2293 1550 2445 1614; x_wconf 86' lang='lat' dir='ltr'>prae-</span> 
     </span>
     <span class='ocr_line' id='line_1_17' title="bbox 312 1629 2446 1716; baseline -0.001 -25"><span class='ocrx_word' id='word_1_114' title='bbox 312 1629 452 1691; x_wconf 90' lang='lat' dir='ltr'>bere</span> <span class='ocrx_word' id='word_1_115' title='bbox 489 1632 801 1713; x_wconf 65' lang='lat' dir='ltr'>Scripturas</span> <span class='ocrx_word' id='word_1_116' title='bbox 834 1653 1008 1692; x_wconf 84' lang='lat' dir='ltr'>sacrae</span> <span class='ocrx_word' id='word_1_117' title='bbox 1044 1633 1636 1716; x_wconf 86' lang='lat' dir='ltr'>interpretationem,</span> <span class='ocrx_word' id='word_1_118' title='bbox 1677 1630 1948 1691; x_wconf 87' lang='lat' dir='ltr'>eamdem</span> <span class='ocrx_word' id='word_1_119' title='bbox 1986 1629 2159 1689; x_wconf 87' lang='lat' dir='ltr'>tacite</span> <span class='ocrx_word' id='word_1_120' title='bbox 2199 1637 2300 1687; x_wconf 88' lang='lat' dir='ltr'>aut</span> <span class='ocrx_word' id='word_1_121' title='bbox 2340 1649 2446 1689; x_wconf 84' lang='lat' dir='ltr'>ex-</span> 
     </span>
     <span class='ocr_line' id='line_1_18' title="bbox 312 1721 2446 1811; baseline -0.002 -25"><span class='ocrx_word' id='word_1_122' title='bbox 312 1748 510 1809; x_wconf 90' lang='lat' dir='ltr'>presse</span> <span class='ocrx_word' id='word_1_123' title='bbox 529 1726 788 1788; x_wconf 78' lang='lat' dir='ltr'>Ecclesiae</span> <span class='ocrx_word' id='word_1_124' title='bbox 810 1729 1255 1810; x_wconf 83' lang='lat' dir='ltr'>praerogativam</span> <span class='ocrx_word' id='word_1_125' title='bbox 1277 1729 1448 1788; x_wconf 88' lang='lat' dir='ltr'>fuisse</span> <span class='ocrx_word' id='word_1_126' title='bbox 1464 1728 1774 1811; x_wconf 76' lang='lat' dir='ltr'>professos,</span> <span class='ocrx_word' id='word_1_127' title='bbox 1796 1727 1899 1786; x_wconf 88' lang='lat' dir='ltr'>Ast</span> <span class='ocrx_word' id='word_1_128' title='bbox 1917 1725 1981 1785; x_wconf 91' lang='lat' dir='ltr'>id</span> <span class='ocrx_word' id='word_1_129' title='bbox 2003 1745 2236 1807; x_wconf 89' lang='lat' dir='ltr'>semper</span> <span class='ocrx_word' id='word_1_130' title='bbox 2251 1721 2446 1806; x_wconf 88' lang='lat' dir='ltr'>quoad</span> 
     </span>
     <span class='ocr_line' id='line_1_19' title="bbox 317 1820 2445 1906; baseline -0.001 -26"><span class='ocrx_word' id='word_1_131' title='bbox 317 1820 457 1880; x_wconf 84' lang='lat' dir='ltr'>alios</span> <span class='ocrx_word' id='word_1_132' title='bbox 485 1867 501 1897; x_wconf 86' lang='lat'>,</span> <span class='ocrx_word' id='word_1_133' title='bbox 534 1844 842 1904; x_wconf 87' lang='lat' dir='ltr'>nunquam</span> <span class='ocrx_word' id='word_1_134' title='bbox 879 1846 1019 1885; x_wconf 86' lang='lat' dir='ltr'>vero</span> <span class='ocrx_word' id='word_1_135' title='bbox 1050 1824 1242 1906; x_wconf 89' lang='lat' dir='ltr'>quoad</span> <span class='ocrx_word' id='word_1_136' title='bbox 1277 1846 1373 1899; x_wconf 67' lang='lat' dir='ltr'>se,</span> <span class='ocrx_word' id='word_1_137' title='bbox 1402 1826 1481 1884; x_wconf 87' lang='lat' dir='ltr'>ita</span> <span class='ocrx_word' id='word_1_138' title='bbox 1506 1845 1721 1906; x_wconf 89' lang='lat' dir='ltr'>nempe</span> <span class='ocrx_word' id='word_1_139' title='bbox 1743 1821 1854 1882; x_wconf 92' lang='lat' dir='ltr'>sibi</span> <span class='ocrx_word' id='word_1_140' title='bbox 1877 1842 2110 1903; x_wconf 91' lang='lat' dir='ltr'>semper</span> <span class='ocrx_word' id='word_1_141' title='bbox 2135 1830 2445 1882; x_wconf 87' lang='lat' dir='ltr'>novatores</span> 
     </span>
     <span class='ocr_line' id='line_1_20' title="bbox 314 1917 807 2000; baseline 0.004 -24"><span class='ocrx_word' id='word_1_142' title='bbox 314 1917 641 1979; x_wconf 88' lang='lat' dir='ltr'>consistunt</span> <span class='ocrx_word' id='word_1_143' title='bbox 683 1917 807 2000; x_wconf 83' lang='lat' dir='ltr'>(l)!</span> 
     </span>
    </p>
   </div>
   <div class='ocr_carea' id='block_1_4' title="bbox 1149 2108 1638 2151">
    <p class='ocr_par' dir='ltr' id='par_1_5' title="bbox 1149 2108 1638 2151">
     <span class='ocr_line' id='line_1_21' title="bbox 1149 2108 1638 2151; baseline 0 -1"><span class='ocrx_word' id='word_1_144' title='bbox 1149 2108 1638 2151; x_wconf 86' lang='lat' dir='ltr'>DIFFICULTATES.</span> 
     </span>
    </p>
   </div>
   <div class='ocr_carea' id='block_1_5' title="bbox 319 2270 2449 2451">
    <p class='ocr_par' dir='ltr' id='par_1_6' title="bbox 319 2270 2449 2451">
     <span class='ocr_line' id='line_1_22' title="bbox 404 2270 2448 2356; baseline 0 -25"><span class='ocrx_word' id='word_1_145' title='bbox 404 2272 542 2333; x_wconf 83' lang='lat'><strong>180.</strong></span> <span class='ocrx_word' id='word_1_146' title='bbox 574 2272 707 2352; x_wconf 84' lang='lat' dir='ltr'><strong>Obj.</strong></span> <span class='ocrx_word' id='word_1_147' title='bbox 740 2275 803 2331; x_wconf 84' lang='grc' dir='ltr'>1ο</span> <span class='ocrx_word' id='word_1_148' title='bbox 824 2276 954 2333; x_wconf 91' lang='lat' dir='ltr'>Non</span> <span class='ocrx_word' id='word_1_149' title='bbox 974 2295 1157 2356; x_wconf 88' lang='lat' dir='ltr'>pauca</span> <span class='ocrx_word' id='word_1_150' title='bbox 1185 2276 1617 2356; x_wconf 88' lang='lat' dir='ltr'>Scripturarum</span> <span class='ocrx_word' id='word_1_151' title='bbox 1645 2273 1817 2333; x_wconf 87' lang='lat' dir='ltr'>effata</span> <span class='ocrx_word' id='word_1_152' title='bbox 1840 2272 2166 2332; x_wconf 82' lang='lat' dir='ltr'>excludunt</span> <span class='ocrx_word' id='word_1_153' title='bbox 2189 2270 2448 2332; x_wconf 86' lang='lat' dir='ltr'>Ecclesiae</span> 
     </span>
     <span class='ocr_line' id='line_1_23' title="bbox 319 2367 2449 2451; baseline -0 -24"><span class='ocrx_word' id='word_1_154' title='bbox 319 2368 721 2449; x_wconf 81' lang='lat' dir='ltr'>magisterium</span> <span class='ocrx_word' id='word_1_155' title='bbox 748 2373 986 2451; x_wconf 88' lang='lat' dir='ltr'>ejusque</span> <span class='ocrx_word' id='word_1_156' title='bbox 1010 2370 1581 2451; x_wconf 90' lang='lat' dir='ltr'>interpretationem.</span> <span class='ocrx_word' id='word_1_157' title='bbox 1602 2369 1691 2429; x_wconf 90' lang='lat' dir='ltr'>Sic</span> <span class='ocrx_word' id='word_1_158' title='bbox 1716 2367 1925 2428; x_wconf 88' lang='lat' dir='ltr'>Matth.</span> <span class='ocrx_word' id='word_1_159' title='bbox 1949 2368 2137 2427; x_wconf 86' lang='lat' dir='ltr'>XXIII</span> <span class='ocrx_word' id='word_1_160' title='bbox 2160 2413 2176 2442; x_wconf 92' lang='lat'>,</span> <span class='ocrx_word' id='word_1_161' title='bbox 2203 2367 2271 2443; x_wconf 87' lang='lat'>8,</span> <span class='ocrx_word' id='word_1_162' title='bbox 2301 2367 2449 2427; x_wconf 83' lang='lat' dir='ltr'>all&#39;o-</span> 
     </span>
    </p>
   </div>
   <div class='ocr_carea' id='block_1_6' title="bbox 315 2587 1346 3727">
    <p class='ocr_par' dir='ltr' id='par_1_7' title="bbox 315 2587 1346 3727">
     <span class='ocr_line' id='line_1_24' title="bbox 391 2587 1345 2654; baseline 0.001 -18"><span class='ocrx_word' id='word_1_163' title='bbox 391 2589 456 2653; x_wconf 85' lang='lat' dir='ltr'>(l)</span> <span class='ocrx_word' id='word_1_164' title='bbox 493 2587 592 2636; x_wconf 86' lang='lat' dir='ltr'>Hoc</span> <span class='ocrx_word' id='word_1_165' title='bbox 617 2599 939 2654; x_wconf 82' lang='lat' dir='ltr'>argumentum</span> <span class='ocrx_word' id='word_1_166' title='bbox 971 2593 1146 2654; x_wconf 79' lang='lat' dir='ltr'>egregie</span> <span class='ocrx_word' id='word_1_167' title='bbox 1175 2589 1345 2637; x_wconf 84' lang='lat' dir='ltr'>evolvit</span> 
     </span>
     <span class='ocr_line' id='line_1_25' title="bbox 321 2667 1341 2735; baseline 0.001 -17"><span class='ocrx_word' id='word_1_168' title='bbox 321 2669 562 2730; x_wconf 83' lang='lat' dir='ltr'>Moehler,</span> <span class='ocrx_word' id='word_1_169' title='bbox 587 2673 638 2717; x_wconf 88' lang='lat' dir='ltr'>in</span> <span class='ocrx_word' id='word_1_170' title='bbox 668 2672 747 2718; x_wconf 87' lang='lat' dir='ltr'>cit.</span> <span class='ocrx_word' id='word_1_171' title='bbox 769 2667 1103 2735; x_wconf 80' lang='lat' dir='ltr'>Symbolique‚</span> <span class='ocrx_word' id='word_1_172' title='bbox 1124 2671 1238 2719; x_wconf 85' lang='lat' dir='ltr'>edit.</span> <span class='ocrx_word' id='word_1_173' title='bbox 1263 2673 1341 2720; x_wconf 83' lang='lat' dir='ltr'>cit.</span> 
     </span>
     <span class='ocr_line' id='line_1_26' title="bbox 321 2751 1344 2821; baseline -0.001 -19"><span class='ocrx_word' id='word_1_174' title='bbox 321 2763 439 2802; x_wconf 87' lang='lat' dir='ltr'>tom.</span> <span class='ocrx_word' id='word_1_175' title='bbox 468 2769 528 2813; x_wconf 89' lang='lat' dir='ltr'>n,</span> <span class='ocrx_word' id='word_1_176' title='bbox 559 2751 586 2819; x_wconf 68' lang='lat' dir='ltr'>S</span> <span class='ocrx_word' id='word_1_177' title='bbox 617 2753 711 2820; x_wconf 85' lang='lat'>39,</span> <span class='ocrx_word' id='word_1_178' title='bbox 747 2771 847 2818; x_wconf 84' lang='lat' dir='ltr'>pag.</span> <span class='ocrx_word' id='word_1_179' title='bbox 878 2752 973 2821; x_wconf 74' lang='grc'>49,</span> <span class='ocrx_word' id='word_1_180' title='bbox 1003 2753 1084 2801; x_wconf 88' lang='lat' dir='ltr'>ubi</span> <span class='ocrx_word' id='word_1_181' title='bbox 1113 2753 1234 2803; x_wconf 83' lang='lat' dir='ltr'>inter</span> <span class='ocrx_word' id='word_1_182' title='bbox 1254 2768 1344 2802; x_wconf 82' lang='lat' dir='ltr'>cae-</span> 
     </span>
     <span class='ocr_line' id='line_1_27' title="bbox 319 2835 1345 2902; baseline -0.002 -18"><span class='ocrx_word' id='word_1_183' title='bbox 319 2846 440 2884; x_wconf 84' lang='lat' dir='ltr'>teras</span> <span class='ocrx_word' id='word_1_184' title='bbox 475 2836 597 2884; x_wconf 84' lang='lat' dir='ltr'>hanc</span> <span class='ocrx_word' id='word_1_185' title='bbox 628 2837 799 2902; x_wconf 85' lang='lat' dir='ltr'>adjecit</span> <span class='ocrx_word' id='word_1_186' title='bbox 825 2836 1189 2884; x_wconf 82' lang='lat' dir='ltr'>observationem</span> <span class='ocrx_word' id='word_1_187' title='bbox 1217 2852 1230 2883; x_wconf 89' lang='lat'><strong>:</strong></span> <span class='ocrx_word' id='word_1_188' title='bbox 1254 2835 1345 2882; x_wconf 72' lang='lat' dir='ltr'>Les</span> 
     </span>
     <span class='ocr_line' id='line_1_28' title="bbox 323 2917 1346 2985; baseline 0 -19"><span class='ocrx_word' id='word_1_189' title='bbox 323 2917 485 2967; x_wconf 73' lang='lat' dir='ltr'>sieclec</span> <span class='ocrx_word' id='word_1_190' title='bbox 522 2919 836 2985; x_wconf 76' lang='lat' dir='ltr'>dispamrent</span> <span class='ocrx_word' id='word_1_191' title='bbox 874 2928 919 2967; x_wconf 84' lang='lat' dir='ltr'>et</span> <span class='ocrx_word' id='word_1_192' title='bbox 957 2918 1022 2967; x_wconf 75' lang='lat' dir='ltr'>les</span> <span class='ocrx_word' id='word_1_193' title='bbox 1058 2927 1200 2967; x_wconf 73' lang='lat' dir='ltr'>sectec</span> <span class='ocrx_word' id='word_1_194' title='bbox 1233 2934 1346 2966; x_wconf 82' lang='lat' dir='ltr'>avec</span> 
     </span>
     <span class='ocr_line' id='line_1_29' title="bbox 324 2998 1346 3067; baseline 0.001 -19"><span class='ocrx_word' id='word_1_195' title='bbox 324 3018 437 3050; x_wconf 70' lang='lat' dir='ltr'>eux.</span> <span class='ocrx_word' id='word_1_196' title='bbox 458 2998 532 3049; x_wconf 90' lang='lat' dir='ltr'>De</span> <span class='ocrx_word' id='word_1_197' title='bbox 551 3018 807 3050; x_wconf 74' lang='lat' dir='ltr'>nouveaux</span> <span class='ocrx_word' id='word_1_198' title='bbox 825 3010 973 3067; x_wconf 81' lang='lat' dir='ltr'>temps</span> <span class='ocrx_word' id='word_1_199' title='bbox 1003 3003 1162 3049; x_wconf 81' lang='lat' dir='ltr'>virent</span> <span class='ocrx_word' id='word_1_200' title='bbox 1187 3003 1346 3049; x_wconf 64' lang='lat' dir='ltr'>naftre</span> 
     </span>
     <span class='ocr_line' id='line_1_30' title="bbox 321 3075 1342 3147; baseline 0.002 -18"><span class='ocrx_word' id='word_1_201' title='bbox 321 3082 379 3130; x_wconf 85' lang='lat' dir='ltr'>de</span> <span class='ocrx_word' id='word_1_202' title='bbox 398 3084 633 3132; x_wconf 74' lang='lat' dir='ltr'>nouvelles</span> <span class='ocrx_word' id='word_1_203' title='bbox 655 3075 859 3132; x_wconf 66' lang='lat' dir='ltr'>lie‘reeies</span> <span class='ocrx_word' id='word_1_204' title='bbox 877 3102 899 3143; x_wconf 91' lang='lat'><em>;</em></span> <span class='ocrx_word' id='word_1_205' title='bbox 930 3087 1058 3132; x_wconf 78' lang='lat' dir='ltr'>mais</span> <span class='ocrx_word' id='word_1_206' title='bbox 1083 3092 1232 3147; x_wconf 78' lang='lat' dir='ltr'>toutes</span> <span class='ocrx_word' id='word_1_207' title='bbox 1246 3086 1342 3131; x_wconf 75' lang='lat' dir='ltr'>eri-</span> 
     </span>
     <span class='ocr_line' id='line_1_31' title="bbox 316 3164 1340 3233; baseline 0.003 -22"><span class='ocrx_word' id='word_1_208' title='bbox 316 3165 482 3229; x_wconf 69' lang='lat' dir='ltr'>9erent</span> <span class='ocrx_word' id='word_1_209' title='bbox 503 3164 544 3214; x_wconf 89' lang='lat' dir='ltr'>le</span> <span class='ocrx_word' id='word_1_210' title='bbox 572 3169 722 3215; x_wconf 65' lang='lat' dir='ltr'>memo</span> <span class='ocrx_word' id='word_1_211' title='bbox 738 3169 971 3233; x_wconf 80' lang='lat' dir='ltr'>principe</span> <span class='ocrx_word' id='word_1_212' title='bbox 981 3166 1313 3231; x_wconf 75' lang='lat' dir='ltr'>fundamental</span> <span class='ocrx_word' id='word_1_213' title='bbox 1323 3204 1340 3228; x_wconf 93' lang='lat'>,</span> 
     </span>
     <span class='ocr_line' id='line_1_32' title="bbox 319 3248 1342 3312; baseline 0.007 -19"><span class='ocrx_word' id='word_1_214' title='bbox 319 3250 484 3296; x_wconf 76' lang='lat' dir='ltr'>saveir</span> <span class='ocrx_word' id='word_1_215' title='bbox 497 3265 586 3312; x_wconf 84' lang='lat' dir='ltr'>que</span> <span class='ocrx_word' id='word_1_216' title='bbox 607 3248 869 3299; x_wconf 83' lang='lat' dir='ltr'>l’Ecriture</span> <span class='ocrx_word' id='word_1_217' title='bbox 889 3259 957 3298; x_wconf 71' lang='lat' dir='ltr'>est</span> <span class='ocrx_word' id='word_1_218' title='bbox 971 3249 1018 3299; x_wconf 85' lang='lat' dir='ltr'>la</span> <span class='ocrx_word' id='word_1_219' title='bbox 1033 3249 1163 3299; x_wconf 73' lang='lat' dir='ltr'>seule</span> <span class='ocrx_word' id='word_1_220' title='bbox 1177 3267 1342 3300; x_wconf 75' lang='lat' dir='ltr'>source</span> 
     </span>
     <span class='ocr_line' id='line_1_33' title="bbox 322 3330 1341 3398; baseline 0.005 -21"><span class='ocrx_word' id='word_1_221' title='bbox 322 3330 380 3377; x_wconf 85' lang='lat' dir='ltr'>de</span> <span class='ocrx_word' id='word_1_222' title='bbox 410 3330 457 3377; x_wconf 86' lang='lat' dir='ltr'>la</span> <span class='ocrx_word' id='word_1_223' title='bbox 482 3332 630 3378; x_wconf 74' lang='lat' dir='ltr'>verite</span> <span class='ocrx_word' id='word_1_224' title='bbox 658 3332 930 3382; x_wconf 74' lang='lat' dir='ltr'>chretienne</span> <span class='ocrx_word' id='word_1_225' title='bbox 947 3369 963 3393; x_wconf 88' lang='lat'>‚</span> <span class='ocrx_word' id='word_1_226' title='bbox 994 3333 1042 3380; x_wconf 86' lang='lat' dir='ltr'>la</span> <span class='ocrx_word' id='word_1_227' title='bbox 1070 3332 1195 3381; x_wconf 78' lang='lat' dir='ltr'>seule</span> <span class='ocrx_word' id='word_1_228' title='bbox 1221 3334 1341 3398; x_wconf 73' lang='lat' dir='ltr'>reqle</span> 
     </span>
     <span class='ocr_line' id='line_1_34' title="bbox 320 3411 1341 3479; baseline 0.005 -20"><span class='ocrx_word' id='word_1_229' title='bbox 320 3411 379 3460; x_wconf 86' lang='lat' dir='ltr'>de</span> <span class='ocrx_word' id='word_1_230' title='bbox 396 3412 493 3477; x_wconf 86' lang='lat' dir='ltr'>foi.</span> <span class='ocrx_word' id='word_1_231' title='bbox 531 3412 597 3461; x_wconf 89' lang='lat' dir='ltr'>Ce</span> <span class='ocrx_word' id='word_1_232' title='bbox 637 3414 799 3479; x_wconf 80' lang='lat' dir='ltr'>doqme</span> <span class='ocrx_word' id='word_1_233' title='bbox 840 3432 1065 3463; x_wconf 87' lang='lat' dir='ltr'>commun</span> <span class='ocrx_word' id='word_1_234' title='bbox 1091 3415 1121 3463; x_wconf 84' lang='grc' dir='ltr'>ὰ</span> <span class='ocrx_word' id='word_1_235' title='bbox 1145 3423 1249 3463; x_wconf 79' lang='lat' dir='ltr'>tous</span> <span class='ocrx_word' id='word_1_236' title='bbox 1276 3414 1341 3464; x_wconf 79' lang='lat' dir='ltr'>les</span> 
     </span>
     <span class='ocr_line' id='line_1_35' title="bbox 318 3494 1340 3562; baseline 0.005 -21"><span class='ocrx_word' id='word_1_237' title='bbox 318 3497 563 3554; x_wconf 72' lang='lat' dir='ltr'>sectaires,</span> <span class='ocrx_word' id='word_1_238' title='bbox 585 3494 626 3542; x_wconf 88' lang='lat' dir='ltr'>le</span> <span class='ocrx_word' id='word_1_239' title='bbox 654 3499 804 3545; x_wconf 74' lang='lat' dir='ltr'>meme</span> <span class='ocrx_word' id='word_1_240' title='bbox 826 3497 942 3546; x_wconf 72' lang='lat' dir='ltr'>cliez</span> <span class='ocrx_word' id='word_1_241' title='bbox 959 3497 1024 3546; x_wconf 74' lang='lat' dir='ltr'>les</span> <span class='ocrx_word' id='word_1_242' title='bbox 1050 3498 1340 3562; x_wconf 73' lang='lat' dir='ltr'>Gnostiques</span> 
     </span>
     <span class='ocr_line' id='line_1_36' title="bbox 318 3575 1338 3642; baseline 0.005 -19"><span class='ocrx_word' id='word_1_243' title='bbox 318 3575 386 3623; x_wconf 85' lang='lat' dir='ltr'>du</span> <span class='ocrx_word' id='word_1_244' title='bbox 416 3577 662 3625; x_wconf 67' lang='lat' dir='ltr'>deuaeieme</span> <span class='ocrx_word' id='word_1_245' title='bbox 694 3577 828 3625; x_wconf 76' lang='lat' dir='ltr'>siecle</span> <span class='ocrx_word' id='word_1_246' title='bbox 849 3615 863 3642; x_wconf 91' lang='lat'>,</span> <span class='ocrx_word' id='word_1_247' title='bbox 893 3588 939 3627; x_wconf 88' lang='lat' dir='ltr'>et</span> <span class='ocrx_word' id='word_1_248' title='bbox 966 3579 1081 3628; x_wconf 78' lang='lat' dir='ltr'>chez</span> <span class='ocrx_word' id='word_1_249' title='bbox 1114 3578 1177 3627; x_wconf 71' lang='lat' dir='ltr'>les</span> <span class='ocrx_word' id='word_1_250' title='bbox 1198 3581 1253 3628; x_wconf 92' lang='lat' dir='ltr'><em>V</em></span> <span class='ocrx_word' id='word_1_251' title='bbox 1249 3597 1338 3628; x_wconf 82' lang='lat' dir='ltr'>au-</span> 
     </span>
     <span class='ocr_line' id='line_1_37' title="bbox 315 3660 1339 3727; baseline 0.004 -20"><span class='ocrx_word' id='word_1_252' title='bbox 315 3660 419 3707; x_wconf 76' lang='lat' dir='ltr'>dois</span> <span class='ocrx_word' id='word_1_253' title='bbox 434 3660 500 3708; x_wconf 84' lang='lat' dir='ltr'>du</span> <span class='ocrx_word' id='word_1_254' title='bbox 511 3660 776 3722; x_wconf 71' lang='lat' dir='ltr'>douzieme,</span> <span class='ocrx_word' id='word_1_255' title='bbox 788 3678 886 3727; x_wconf 84' lang='lat' dir='ltr'>par</span> <span class='ocrx_word' id='word_1_256' title='bbox 895 3662 958 3709; x_wconf 75' lang='lat' dir='ltr'>les</span> <span class='ocrx_word' id='word_1_257' title='bbox 975 3663 1155 3710; x_wconf 75' lang='lat' dir='ltr'>Ariens</span> <span class='ocrx_word' id='word_1_258' title='bbox 1165 3679 1339 3711; x_wconf 85' lang='lat' dir='ltr'>comme</span> 
     </span>
    </p>
   </div>
   <div class='ocr_carea' id='block_1_7' title="bbox 1424 2586 2450 3628">
    <p class='ocr_par' dir='ltr' id='par_1_8' title="bbox 1424 2586 2450 3628">
     <span class='ocr_line' id='line_1_38' title="bbox 1424 2586 2448 2654; baseline -0.002 -17"><span class='ocrx_word' id='word_1_259' title='bbox 1424 2589 1602 2654; x_wconf 82' lang='lat' dir='ltr'>parles</span> <span class='ocrx_word' id='word_1_260' title='bbox 1632 2587 1941 2648; x_wconf 71' lang='lat' dir='ltr'>Nestorien33</span> <span class='ocrx_word' id='word_1_261' title='bbox 1980 2605 2031 2635; x_wconf 89' lang='lat' dir='ltr'>ce</span> <span class='ocrx_word' id='word_1_262' title='bbox 2057 2587 2222 2650; x_wconf 79' lang='lat' dir='ltr'>doqme</span> <span class='ocrx_word' id='word_1_263' title='bbox 2252 2586 2448 2651; x_wconf 83' lang='lat' dir='ltr'>enfanta</span> 
     </span>
     <span class='ocr_line' id='line_1_39' title="bbox 1432 2668 2445 2735; baseline 0.001 -17"><span class='ocrx_word' id='word_1_264' title='bbox 1432 2672 1497 2719; x_wconf 72' lang='lat' dir='ltr'>les</span> <span class='ocrx_word' id='word_1_265' title='bbox 1534 2671 1771 2718; x_wconf 76' lang='lat' dir='ltr'>doctrines</span> <span class='ocrx_word' id='word_1_266' title='bbox 1804 2670 1868 2718; x_wconf 75' lang='lat' dir='ltr'>les</span> <span class='ocrx_word' id='word_1_267' title='bbox 1893 2668 2009 2735; x_wconf 73' lang='lat' dir='ltr'>plus</span> <span class='ocrx_word' id='word_1_268' title='bbox 2037 2668 2445 2719; x_wconf 72' lang='lat' dir='ltr'>contradictoires.</span> 
     </span>
     <span class='ocr_line' id='line_1_40' title="bbox 1439 2750 2450 2819; baseline -0.001 -19"><span class='ocrx_word' id='word_1_269' title='bbox 1439 2752 1568 2819; x_wconf 79' lang='lat' dir='ltr'>Qu’y</span> <span class='ocrx_word' id='word_1_270' title='bbox 1586 2751 1725 2800; x_wconf 84' lang='lat' dir='ltr'>a-t-il</span> <span class='ocrx_word' id='word_1_271' title='bbox 1752 2768 1813 2799; x_wconf 90' lang='lat' dir='ltr'>en</span> <span class='ocrx_word' id='word_1_272' title='bbox 1838 2752 1943 2817; x_wconf 81' lang='lat' dir='ltr'>effet</span> <span class='ocrx_word' id='word_1_273' title='bbox 1959 2751 2017 2798; x_wconf 88' lang='lat' dir='ltr'>de</span> <span class='ocrx_word' id='word_1_274' title='bbox 2029 2750 2144 2816; x_wconf 72' lang='lat' dir='ltr'>plus</span> <span class='ocrx_word' id='word_1_275' title='bbox 2171 2754 2339 2816; x_wconf 63' lang='lat' dir='ltr'>oppos&amp;</span> <span class='ocrx_word' id='word_1_276' title='bbox 2360 2768 2450 2816; x_wconf 81' lang='lat' dir='ltr'>que</span> 
     </span>
     <span class='ocr_line' id='line_1_41' title="bbox 1433 2831 2449 2898; baseline 0.001 -19"><span class='ocrx_word' id='word_1_277' title='bbox 1433 2832 1474 2881; x_wconf 89' lang='lat' dir='ltr'>Ie</span> <span class='ocrx_word' id='word_1_278' title='bbox 1494 2834 1801 2898; x_wconf 75' lang='lat' dir='ltr'>qnosticisme</span> <span class='ocrx_word' id='word_1_279' title='bbox 1820 2841 1865 2880; x_wconf 82' lang='lat' dir='ltr'>et</span> <span class='ocrx_word' id='word_1_280' title='bbox 1892 2831 1934 2880; x_wconf 91' lang='lat' dir='ltr'>le</span> <span class='ocrx_word' id='word_1_281' title='bbox 1956 2832 2339 2898; x_wconf 74' lang='lat' dir='ltr'>pelayianisme,</span> <span class='ocrx_word' id='word_1_282' title='bbox 2359 2850 2449 2897; x_wconf 82' lang='lat' dir='ltr'>que</span> 
     </span>
     <span class='ocr_line' id='line_1_42' title="bbox 1431 2913 2448 2965; baseline 0 -3"><span class='ocrx_word' id='word_1_283' title='bbox 1431 2915 1473 2963; x_wconf 85' lang='lat' dir='ltr'>le</span> <span class='ocrx_word' id='word_1_284' title='bbox 1496 2914 1855 2964; x_wconf 76' lang='lat' dir='ltr'>sabellianisme</span> <span class='ocrx_word' id='word_1_285' title='bbox 1876 2924 1920 2962; x_wconf 87' lang='lat' dir='ltr'>et</span> <span class='ocrx_word' id='word_1_286' title='bbox 1941 2914 2240 2965; x_wconf 75' lang='lat' dir='ltr'>l’arianisme</span> <span class='ocrx_word' id='word_1_287' title='bbox 2255 2919 2278 2962; x_wconf 86' lang='lat'><em>?</em></span> <span class='ocrx_word' id='word_1_288' title='bbox 2306 2914 2381 2962; x_wconf 85' lang='lat' dir='ltr'>Or</span> <span class='ocrx_word' id='word_1_289' title='bbox 2401 2913 2448 2962; x_wconf 87' lang='lat' dir='ltr'>la</span> 
     </span>
     <span class='ocr_line' id='line_1_43' title="bbox 1431 2998 2445 3065; baseline -0.001 -18"><span class='ocrx_word' id='word_1_290' title='bbox 1431 2998 1559 3047; x_wconf 70' lang='lat' dir='ltr'>seule</span> <span class='ocrx_word' id='word_1_291' title='bbox 1587 2998 1937 3047; x_wconf 75' lang='lat' dir='ltr'>consideration</span> <span class='ocrx_word' id='word_1_292' title='bbox 1958 3035 1974 3060; x_wconf 94' lang='lat'>‚</span> <span class='ocrx_word' id='word_1_293' title='bbox 2005 3016 2095 3064; x_wconf 82' lang='lat' dir='ltr'>que</span> <span class='ocrx_word' id='word_1_294' title='bbox 2115 3017 2165 3048; x_wconf 88' lang='lat' dir='ltr'>ce</span> <span class='ocrx_word' id='word_1_295' title='bbox 2187 3000 2445 3065; x_wconf 80' lang='lat' dir='ltr'>principe,</span> 
     </span>
     <span class='ocr_line' id='line_1_44' title="bbox 1430 3081 2445 3148; baseline 0 -19"><span class='ocrx_word' id='word_1_296' title='bbox 1430 3083 1642 3148; x_wconf 81' lang='lat' dir='ltr'>toujonrs</span> <span class='ocrx_word' id='word_1_297' title='bbox 1677 3098 1749 3128; x_wconf 83' lang='lat' dir='ltr'>un</span> <span class='ocrx_word' id='word_1_298' title='bbox 1768 3119 1784 3143; x_wconf 89' lang='lat'>,</span> <span class='ocrx_word' id='word_1_299' title='bbox 1828 3099 1942 3130; x_wconf 74' lang='lat' dir='ltr'>sans</span> <span class='ocrx_word' id='word_1_300' title='bbox 1971 3099 2095 3131; x_wconf 76' lang='lat' dir='ltr'>cesse</span> <span class='ocrx_word' id='word_1_301' title='bbox 2131 3081 2173 3130; x_wconf 90' lang='lat' dir='ltr'>le</span> <span class='ocrx_word' id='word_1_302' title='bbox 2208 3085 2383 3141; x_wconf 73' lang='lat' dir='ltr'>meme,</span> <span class='ocrx_word' id='word_1_303' title='bbox 2413 3098 2445 3129; x_wconf 80' lang='lat' dir='ltr'><strong><em>a</em></strong></span> 
     </span>
     <span class='ocr_line' id='line_1_45' title="bbox 1429 3164 2446 3229; baseline -0.002 -17"><span class='ocrx_word' id='word_1_304' title='bbox 1429 3165 1714 3212; x_wconf 75' lang='lat' dir='ltr'>sanc-tienne</span> <span class='ocrx_word' id='word_1_305' title='bbox 1749 3173 1895 3213; x_wconf 73' lang='lat' dir='ltr'>toules</span> <span class='ocrx_word' id='word_1_306' title='bbox 1923 3164 1991 3213; x_wconf 78' lang='lat' dir='ltr'>les</span> <span class='ocrx_word' id='word_1_307' title='bbox 2019 3180 2275 3229; x_wconf 77' lang='lat' dir='ltr'>croyances</span> <span class='ocrx_word' id='word_1_308' title='bbox 2299 3201 2311 3223; x_wconf 90' lang='lat'>,</span> <span class='ocrx_word' id='word_1_309' title='bbox 2342 3172 2446 3211; x_wconf 79' lang='lat' dir='ltr'>tous</span> 
     </span>
     <span class='ocr_line' id='line_1_46' title="bbox 1428 3247 2446 3313; baseline -0.002 -18"><span class='ocrx_word' id='word_1_310' title='bbox 1428 3248 1493 3297; x_wconf 71' lang='lat' dir='ltr'>les</span> <span class='ocrx_word' id='word_1_311' title='bbox 1529 3253 1799 3313; x_wconf 78' lang='lat' dir='ltr'>eqaremens</span> <span class='ocrx_word' id='word_1_312' title='bbox 1816 3286 1831 3308; x_wconf 92' lang='lat'>,</span> <span class='ocrx_word' id='word_1_313' title='bbox 1867 3257 2015 3296; x_wconf 77' lang='lat' dir='ltr'>toutes</span> <span class='ocrx_word' id='word_1_314' title='bbox 2042 3247 2105 3295; x_wconf 75' lang='lat' dir='ltr'>les</span> <span class='ocrx_word' id='word_1_315' title='bbox 2133 3248 2446 3295; x_wconf 77' lang='lat' dir='ltr'>monstruosi·</span> 
     </span>
     <span class='ocr_line' id='line_1_47' title="bbox 1429 3328 2448 3392; baseline -0.002 -14"><span class='ocrx_word' id='word_1_316' title='bbox 1429 3335 1528 3392; x_wconf 73' lang='lat' dir='ltr'>tes,·</span> <span class='ocrx_word' id='word_1_317' title='bbox 1562 3338 1675 3378; x_wconf 85' lang='lat' dir='ltr'>cette</span> <span class='ocrx_word' id='word_1_318' title='bbox 1710 3329 1837 3378; x_wconf 72' lang='lat' dir='ltr'>seule</span> <span class='ocrx_word' id='word_1_319' title='bbox 1854 3329 2212 3378; x_wconf 66' lang='lat' dir='ltr'>consideration</span> <span class='ocrx_word' id='word_1_320' title='bbox 2228 3367 2241 3389; x_wconf 94' lang='lat'>,</span> <span class='ocrx_word' id='word_1_321' title='bbox 2263 3328 2448 3376; x_wconf 77' lang='lat' dir='ltr'>disons-</span> 
     </span>
     <span class='ocr_line' id='line_1_48' title="bbox 1429 3410 2445 3477; baseline -0.002 -17"><span class='ocrx_word' id='word_1_322' title='bbox 1429 3429 1550 3462; x_wconf 72' lang='lat' dir='ltr'>nous</span> <span class='ocrx_word' id='word_1_323' title='bbox 1567 3448 1584 3474; x_wconf 89' lang='lat'>,</span> <span class='ocrx_word' id='word_1_324' title='bbox 1631 3412 1790 3460; x_wconf 81' lang='lat' dir='ltr'>devait</span> <span class='ocrx_word' id='word_1_325' title='bbox 1829 3413 1957 3477; x_wconf 84' lang='lat' dir='ltr'>faire</span> <span class='ocrx_word' id='word_1_326' title='bbox 1999 3414 2103 3461; x_wconf 87' lang='lat' dir='ltr'>voir</span> <span class='ocrx_word' id='word_1_327' title='bbox 2149 3411 2269 3476; x_wconf 77' lang='lat' dir='ltr'>qu&#39;il</span> <span class='ocrx_word' id='word_1_328' title='bbox 2303 3410 2445 3459; x_wconf 57' lang='lat' dir='ltr'>recole</span> 
     </span>
     <span class='ocr_line' id='line_1_49' title="bbox 1426 3493 2445 3560; baseline -0.003 -17"><span class='ocrx_word' id='word_1_329' title='bbox 1426 3493 1620 3560; x_wconf 82' lang='lat' dir='ltr'>quelque</span> <span class='ocrx_word' id='word_1_330' title='bbox 1647 3495 1879 3560; x_wconf 82' lang='lat' dir='ltr'>profonde</span> <span class='ocrx_word' id='word_1_331' title='bbox 1907 3510 2102 3556; x_wconf 83' lang='lat' dir='ltr'>erreur,</span> <span class='ocrx_word' id='word_1_332' title='bbox 2144 3494 2263 3560; x_wconf 81' lang='lat' dir='ltr'>qu&#39;il</span> <span class='ocrx_word' id='word_1_333' title='bbox 2284 3510 2445 3542; x_wconf 75' lang='lat' dir='ltr'>creuse</span> 
     </span>
     <span class='ocr_line' id='line_1_50' title="bbox 1426 3578 2444 3628; baseline -0.004 -1"><span class='ocrx_word' id='word_1_334' title='bbox 1426 3596 1495 3627; x_wconf 84' lang='lat' dir='ltr'>un</span> <span class='ocrx_word' id='word_1_335' title='bbox 1523 3578 1678 3626; x_wconf 66' lang='lat' dir='ltr'>abime</span> <span class='ocrx_word' id='word_1_336' title='bbox 1703 3578 1930 3628; x_wconf 76' lang='lat' dir='ltr'>immense</span> <span class='ocrx_word' id='word_1_337' title='bbox 1960 3587 2091 3627; x_wconf 84' lang='lat' dir='ltr'>entre</span> <span class='ocrx_word' id='word_1_338' title='bbox 2113 3578 2378 3627; x_wconf 70' lang='lat' dir='ltr'>l&#39;Ecriture</span> <span class='ocrx_word' id='word_1_339' title='bbox 2400 3585 2444 3623; x_wconf 84' lang='lat' dir='ltr'>et</span> 
     </span>
    </p>
   </div>
   <div class='ocr_carea' id='block_1_8' title="bbox 1423 3661 1705 3712">
    <p class='ocr_par' dir='ltr' id='par_1_9' title="bbox 1423 3661 1705 3712">
     <span class='ocr_line' id='line_1_51' title="bbox 1423 3661 1705 3712; baseline 0.007 -3"><span class='ocrx_word' id='word_1_340' title='bbox 1423 3661 1684 3712; x_wconf 79' lang='lat' dir='ltr'>l’individu</span> <span class='ocrx_word' id='word_1_341' title='bbox 1694 3699 1705 3711; x_wconf 91' lang='lat'>.</span> 
     </span>
    </p>
   </div>
  </div>
 </body>
</html>
