2502 4134
261 109 382 178 3272

875 130 1074 168 TRAGT.
1121 132 1188 167 DE
1219 128 1384 169 ‘LOCIS
1428 134 1821 183 THEOLQGICIS.

1046 305 1254 374 PARS
1298 303 1621 376 TERTIA.

857 508 927 553 DE
957 506 1232 550 ANALOGIA
1263 506 1519 568 RATtoms
1549 508 1617 549 ET
1648 508 1814 551 From.

345 652 397 708 l.
450 646 677 706 Summi
710 647 998 706 momenti
1038 646 1285 727 quaestio
1322 656 1443 721 est,
1482 667 1660 727 quam
1694 645 1788 704 hic
1819 647 2184 707 tractandam
2222 650 2404 708 susci-

258 747 484 827 pimu8‚
522 741 844 824 eademque
878 753 1038 800 certe
1074 741 1519 823 antiquissima,
1559 742 1779 823 quippe
1813 762 1941 823 quae
1981 742 2056 800 ad
2090 744 2215 825 ipsa
2253 765 2403 826 pene

259 843 342 902 rei
365 841 696 900 christianae
722 839 1043 921 primordia
1070 841 1333 899 revocari
1358 850 1572 920 potest.
1607 838 1791 897 Simul
1815 861 1878 898 ac
1903 840 2061 899 enim
2090 839 2399 899 christiana

259 937 404 996 fides
440 934 744 1017 praedicari
781 934 999 1017 ubique
1036 957 1100 993 ac
1131 934 1249 993 late
1290 935 1599 1017 propagari
1629 935 1840 1017 coepit,
1874 936 1997 994 fieri
2035 956 2154 994 non
2180 935 2404 1016 potuit,

260 1033 405 1116 quin
442 1031 702 1090 humana
737 1031 886 1089 ratio
909 1077 923 1105 7
957 1030 1376 1113 philosophicis
1403 1031 1767 1113 jampridem
1797 1031 2168 1092 ethnicorum
2201 1030 2407 1090 studiis

261 1128 491 1188 exculta
513 1172 530 1201 .,
577 1127 874 1208 inquirere
908 1126 1358 1207 aggrederetur,
1395 1126 1679 1208 quidnam
1714 1126 1825 1186 sibi
1861 1149 1932 1186 ex
1971 1149 2037 1186 ea
2063 1126 2178 1186 fide
2201 1149 2409 1208 super-

262 1226 528 1295 veniret,
571 1223 716 1304 quid
750 1223 862 1281 ista
900 1245 933 1281 a
970 1244 1030 1281 se
1071 1223 1363 1302 exigeret,
1411 1245 1642 1304 quaque
1683 1223 1907 1282 ratione
1948 1223 2235 1305 principia
2270 1222 2405 1298 illa,

266 1319 477 1402 quibus
520 1341 552 1379 e
593 1319 796 1379 nativo
838 1318 1065 1377 lumine
1109 1342 1211 1376 suo
1252 1319 1376 1399 ipsa
1415 1319 1788 1401 potiebatur,
1831 1341 1966 1378 cum
1999 1319 2134 1380 fidei
2165 1319 2409 1401 dogma-

268 1415 426 1476 tibus
460 1415 933 1475 conciliarentur.
964 1415 1116 1474 Hinc
1151 1416 1346 1495 prouti
1370 1414 1494 1475 haec
1516 1416 1814 1497 inquisitio
1843 1417 2111 1475 instituta
2149 1428 2272 1488 est„
2313 1415 2408 1485 di-

268 1534 504 1575 Versum
523 1511 768 1570 omnino
786 1511 1017 1592 peperit
1035 1510 1327 1570 effectum.
1348 1513 1495 1570 Nam
1514 1513 1612 1593 qui
1633 1513 1817 1570 animi
1837 1513 2164 1594 anticipatis
2172 1511 2405 1589 judiciis

269 1606 623 1689 posthabitis
663 1608 972 1669 veritatem
1007 1607 1321 1665 consectati
1359 1620 1498 1666 sunt
1520 1653 1534 1681 7
1569 1619 1909 1689 rectumque
1949 1608 2141 1689 ipsum
2168 1607 2407 1666 rationis

268 1692 472 1762 iumen
512 1712 651 1761 sunt
688 1703 871 1761 secuti
896 1745 911 1774 ‚
957 1701 1093 1759 fidei
1138 1703 1483 1776 veritatem,
1532 1705 1975 1784 maximumque
2021 1702 2160 1762 inde
2200 1702 2408 1761 rationi

269 1799 381 1880 ipsi
415 1798 792 1857 commodum
827 1818 1188 1877 promanans
1232 1787 1638 1878 agnoverunt.
1679 1819 2037 1880 omnemque
2068 1799 2288 1877 ingenii
2319 1798 2408 1856 sui

268 1894 451 1953 aciem
493 1914 558 1952 ac
593 1892 1059 1974 philosophicam
1084 1892 1191 1951 sibi
1220 1907 1449 1974 partam
1475 1895 1808 1954 doctrinam
1836 1897 1898 1953 in
1923 1894 2258 1955 christianae
2290 1897 2403 1954 Re-

268 1989 494 2070 ligionis
526 1988 927 2047 defensionem
964 1988 1388 2069 impenderunt
1410 1991 1522 2071 (l).
1560 1992 1776 2049 Contra
1819 2012 1955 2051 vcro
1993 1991 2090 2071 qui
2117 2035 2132 2063 ‚
2174 1990 2404 2049 tumida

268 2083 537 2166 superbia
566 2083 734 2158 elati,
765 2084 976 2142 rationi
1008 2105 1125 2142 suae
1174 2084 1355 2143 veluti
1397 2085 1737 2144 indecorum
1781 2087 2195 2145 existimarunt
2222 2131 2238 2160 ,
2275 2108 2407 2146 eam

270 2182 334 2237 in
376 2178 720 2260 obsequium
749 2179 963 2237 Christi
991 2183 1232 2260 ejusque
1266 2179 1551 2239 doctrinae
1581 2181 1909 2263 captivare,
1942 2202 2012 2239 ex
2042 2180 2409 2263 philosophia

271 2275 394 2355 ipsa
422 2296 583 2334 arma
614 2273 897 2335 adversus
928 2273 1107 2333 fidem
1130 2274 1477 2357 depromere
1501 2277 1694 2336 adnisi
1721 2289 1861 2336 sunt
1889 2278 2005 2357 (2).
2034 2278 2103 2336 Et
2125 2278 2405 2358 quoniam

343 2494 407 2558 (l)
446 2493 669 2557 Exemplo
687 2502 798 2539 sunt
815 2481 1107 2557 philosophi,
1134 2492 1301 2541 iidem-

273 2594 363 2643 que
388 2577 449 2626 ad
477 2576 778 2624 christianam
797 2575 938 2624 fidem
956 2577 1190 2635 conversi,
1211 2577 1293 2641 qui

275 2658 517 2724 apologetae
550 2658 762 2725 ejusdem
794 2660 981 2706 extitere
1011 2660 1293 2722 praestantis-

276 2746 412 2803 simi,
447 2744 662 2793 Clemens
691 2744 839 2804 Alex.,
880 2743 1121 2804 Justinus,
1153 2743 1296 2793 Athe-

277 2844 491 2892 nagoras,
514 2825 775 2893 Quadratus
791 2862 807 2886 ,
841 2824 1072 2873 Arnobius
1090 2863 1103 2884 ‚
1138 2825 1297 2874 Minn-

278 2911 373 2957 cius
389 2909 514 2958 Felix
528 2945 542 2970 ‚
559 2917 645 2958 etc.
665 2910 746 2975 qui
764 2908 812 2956 id
831 2924 1044 2973 expresse
1070 2917 1298 2956 testantur

279 2995 328 3040 in
358 2994 536 3058 scriptis
563 2993 656 3040 suis
680 3008 764 3057 pro
782 2990 1019 3056 Religione
1042 2990 1292 3040 christiana

281 3074 435 3123 editis.

352 3155 418 3218 (2)
461 3154 638 3204 Exinde
660 3157 783 3203 enim
811 3163 936 3203 ortus
964 3162 1034 3202 est
1059 3156 1296 3219 gnosticis-

283 3253 387 3283 mus
405 3272 417 3292 ‚
450 3238 530 3301 qui
558 3246 624 3284 tot
649 3238 788 3301 impia
812 3245 1060 3302 systemata
1085 3234 1251 3283 effudit
1275 3253 1291 3284 τ

281 3317 623 3383 pantheismum
653 3317 866 3366 videlicet
896 3319 945 3365 in
978 3315 1132 3382 Apelle
1150 3354 1163 3375 ‚
1201 3316 1291 3366 Va-

280 3400 489 3455 lentino,
520 3398 824 3463 Carpocrate,
862 3399 1152 3464 Epiphani03
1191 3417 1293 3448 ma-

281 3481 602 3530 nichaeismum
644 3482 692 3527 in
732 3480 1013 3540 Saturnino,
1053 3480 1252 3530 Basilide
1276 3519 1290 3541 ‚

280 3561 535 3610 Bardesane
558 3598 571 3620 ,
617 3559 883 3622 Marcione,
935 3562 1120 3611 Manete
1141 3599 1153 3620 ,
1199 3573 1288 3613 etc.

285 3641 407 3691 Hinc
444 3642 552 3692 item
581 3644 731 3707 erupit
763 3644 1175 3710 neo-platonismus
1209 3662 1291 3695 seu

1384 2497 1711 2559 syncretismus
1732 2494 2070 2544 Alexandrinus
2085 2534 2097 2556 ‚
2119 2500 2198 2564 qui
2217 2499 2407 2564 quidem
2464 2516 2467 2518 ·

1383 2575 1726 2640 philosophiam
1785 2577 2128 2643 pythagoricam
2154 2615 2170 2642 ‚
2214 2573 2410 2645 platoni-¹

1383 2676 1511 2718 cam,
1541 2659 1889 2721 aristotelicam,
1914 2678 1967 2709 ac
1982 2664 2120 2710 etiam
2138 2663 2405 2712 orientalem

1384 2746 1433 2791 in
1449 2759 1591 2790 unam
1608 2745 1859 2808 congessit,
1887 2762 1940 2793 ac
1955 2746 2092 2793 simul
2113 2748 2400 2810 permiscuit,

1384 2844 1478 2892 quo
1512 2843 1610 2873 sese
1646 2826 1754 2874 fidei
1796 2827 2052 2876 christianae
2090 2830 2402 2892 propagationi

1355 2913 1362 2920 '
1385 2912 1672 2971 opponeret;
1705 2908 1828 2957 unde
1853 2909 2065 2973 prodiere
2093 2909 2399 2974 Porphyrius,

1383 2988 1647 3048 Hierocles,
1684 2990 1931 3051 Julianus,
1964 3002 2053 3040 etc.
2086 2994 2165 3057 qui
2189 2992 2309 3040 hanc
2341 3008 2400 3041 ex

1384 3072 1586 3138 professo
1616 3074 1964 3136 impugnarunt.
1991 3072 2059 3120 De
2094 3071 2216 3121 hisce
2248 3075 2400 3124 videre

1385 3164 1452 3204 est
1465 3156 1584 3201 inter
1599 3156 1866 3201 recentiores
1884 3154 2172 3213 Tenneman‚
2195 3156 2400 3204 Grund-

1383 3237 1477 3284 riss
1506 3234 1590 3282 der
1631 3234 1907 3282 Geso-hichie
1953 3235 2038 3283 der
2067 3232 2395 3303 Philosophie‚

1383 3336 1482 3375 seu,
1500 3316 1819 3365 Adumbratio
1830 3317 2044 3367 historice
2057 3319 2399 3387 philosophias,

1383 3400 1544 3466 Lipsiae
1581 3397 1703 3448 1825
1723 3437 1735 3459 ‚
1771 3399 1797 3466 ἓ
1826 3416 1951 3461 200,
1987 3420 2092 3467 pag.
2124 3400 2216 3450 188
2235 3414 2394 3471 etseq.

1380 3499 1468 3532 nec
1493 3500 1586 3530 non
1603 3482 1671 3530 De
1688 3481 1896 3531 Gerando
1916 3522 1928 3543 ‚
1964 3484 2183 3533 Histoire
2206 3502 2398 3551 compa·
2475 3522 2477 3524 a

1380 3568 1457 3611 ree
1488 3563 1567 3611 dee
1597 3565 1818 3635 systemes
1847 3564 1903 3612 de
1932 3565 2236 3633 philosophie
2254 3606 2266 3628 ‚
2311 3568 2394 3617 Pa-

1378 3643 1461 3694 ris.
1497 3642 1654 3709 1804,
1684 3656 1799 3698 tom.
1831 3665 1879 3708 1,
1918 3665 2022 3713 cap.
2054 3648 2103 3699 3.
