2502 4134
2113 147 2229 207 323

659 165 816 204 PAR‘r.
862 165 948 202 111.
995 166 1062 202 DE
1108 167 1274 202 ANAL.
1325 168 1456 203 RAT.
1510 166 1582 203 ΕΤ
1627 167 1735 202 mn.
1778 216 1782 218 ι

106 331 217 367 una
261 311 583 388 eademque
630 326 864 387 semper
908 306 1102 365 extitit
1147 306 1282 366 fidei
1332 318 1576 382 natura,
1622 319 1794 389 atque
1838 328 1903 367 ea
1946 306 2219 372 humanae

105 402 340 463 rationis
386 401 540 461 varia
578 422 809 481 semper
848 401 1071 461 indoles
1112 402 1220 460 fuit
1245 447 1260 476 ,
1303 413 1369 460 ut
1411 401 1628 485 duplici
1669 402 1768 462 illo
1812 407 2221 488 contrarioque

103 498 276 580 plane
322 508 520 570 motu,
567 498 925 577 centripetO,
979 498 1025 555 si
1071 499 1148 555 ita
1188 496 1348 578 loqui
1399 497 1481 555 fas
1509 509 1645 568 est,
1691 519 1757 557 ac
1799 500 2117 581 centrifugo
2157 501 2221 560 in

103 592 282 651 fidem
324 591 607 665 ferretur,
652 590 789 648 hinc
831 590 1271 673 insequentibus
1317 591 1491 650 etiam
1529 592 1733 651 seculis
1774 593 1848 653 de
1891 597 2113 676 ratione
2158 596 2221 655 in

99 686 304 746 ordine
327 686 402 745 ad
427 684 635 760 fidem,
673 698 848 768 atque
881 697 1079 745 utrum
1107 687 1264 746 inter
1295 685 1420 745 illas
1459 686 1652 768 aliqua
1685 687 1809 746 dari
1846 701 2042 770 posset
2071 711 2214 751 con-

101 782 323 856 cordia,
360 781 680 841 identidem
721 781 1058 840 dimicatum
1101 792 1212 840 est.
1294 851 1297 854 ¹

183 880 240 937 2.
287 882 778 960 Nunquamsvero
821 879 1003 956 magis
1045 877 1166 937 haec
1207 879 1328 959 ipsa
1367 875 1583 936 ferbuit
1621 881 2006 941 controversia
2042 870 2239 963 quam>

105 994 175 1033 ex
210 997 276 1034 eo
306 986 598 1056 tempore,
639 995 753 1055 quo
787 994 985 1032 recens
1016 973 1671 1031 Protestantismiortus
1700 975 1987 1035 rationem
2021 976 2222 1037 huma-

103 1091 241 1128 nam
284 1091 447 1151 aeque
491 1090 556 1127 ac
604 1068 866 1127 divinam
910 1066 1088 1125 fidem
1141 1071 1452 1149 tantopere
1502 1067 1716 1146 agitare
1761 1091 1825 1128 ac
1871 1073 2220 1152 permiscere

103 1167 296 1246 coepit.
343 1167 527 1245 Atque
567 1163 640 1221 ad
680 1162 830 1220 hanc
867 1160 1108 1243 quidem
1149 1162 1617 1243 componendam
1656 1165 2031 1245 quaestionem
2070 1189 2246 1250 prae«

104 1258 253 1318 clara
293 1259 525 1338 ingenia
575 1279 695 1315 non
743 1259 899 1315 inter
938 1257 1262 1315 Catholieos
1311 1257 1650 1335 dumtaxat,
1702 1259 1803 1318 sed
1849 1263 2022 1321 etiam
2064 1263 2223 1345 apud

104 1357 494 1412 protestantes
532 1352 598 1421 in>
637 1352 817 1410 aciem
861 1350 1245 1433 prodierunt,
1292 1373 1357 1411 ac
1396 1354 1554 1412 vario
1599 1375 1862 1414 successu
1906 1356 2220 1418 adlabora-

100 1458 238 1506 runt
256 1449 364 1527 (l).
394 1448 582 1506 AEtate
611 1468 747 1508 vero
777 1447 1099 1506 recentiore
1131 1469 1222 1506 res
1253 1448 1436 1506 multo
1468 1450 1648 1528 magis
1690 1450 1946 1531 implexa
1976 1474 2040 1511 ac
2071 1453 2218 1514 sale-

98 1541 266 1600 brosa
304 1542 505 1601 effecta
550 1552 636 1600 est
674 1540 749 1600 ob
793 1553 1020 1600 tantam
1060 1564 1256 1601 rerum
1307 1543 1844 1626 philosophicarum
1888 1549 2220 1608 conversio-

99 1659 236 1697 nem
260 1682 275 1710 ,
303 1636 377 1695 ob
404 1649 492 1694 tot
514 1647 751 1717 tamque
773 1638 1036 1719 opposita
1069 1637 1449 1719 philosophiae
1475 1649 1787 1719 systemata
1815 1639 1951 1699 inde
1977 1654 2174 1701 exorta
2195 1689 2210 1718 ,

99 1730 172 1790 ob
209 1743 328 1790 tam
367 1752 559 1790 acrem
605 1730 845 1790 demum
881 1733 1213 1792 animorum
1256 1733 1364 1793 hac
1399 1737 1462 1792 in
1503 1756 1566 1794 re
1603 1736 2042 1795 contentionem
2083 1749 2214 1797 tum

98 1828 251 1885 inter
292 1827 684 1892 Protestantes
722 1837 850 1885 tum
889 1828 1043 1887 inter
1079 1828 1402 1888 Catholicos
1446 1830 1600 1912 ipsos
1624 1875 1640 1905 ,
1680 1842 1746 1889 ut
1783 1833 1911 1905 vix,
1955 1831 2055 1891 ubi
2091 1845 2216 1893 tuto

97 1921 309 2002 pedem
335 1921 511 2002 figere
545 1922 729 2003 possis
749 1966 764 1996 ,
802 1923 1086 1982 inveniaS.

180 2017 236 2077 3,
285 2019 433 2076 Sunt
477 2019 637 2078 enim
677 2019 774 2100 qui
809 2019 1049 2078 rationis
1088 2019 1362 2080 humanae
1400 2020 1520 2079 vim
1551 2020 1696 2081 adeo
1739 2021 2112 2103 deprimunt,
2153 2014 2236 2084 ut*

97 2111 258 2171 illam
286 2134 564 2173 enervem
597 2134 661 2172 ac
692 2135 844 2195 pene
873 2115 1324 2175 intermortuam
1358 2115 1575 2189 velint3
1614 2128 1753 2176 sunt
1782 2118 1881 2199 qui
1904 2128 2212 2202 tantopere

97 2207 365 2267 eamdem
402 2209 587 2289 ipsam
624 2208 951 2277 extollunt..
993 2221 1060 2268 ut
1092 2210 1340 2292 deipsis
1379 2211 1648 2271 revelatis
1683 2212 2025 2272 veritatibus
2055 2214 2211 2292 judi-

98 2302 250 2359 cium
294 2302 716 2383 arbitriumque
749 2305 801 2362 ei
835 2304 1137 2378 deserant3
1178 2316 1315 2363 sunt
1355 2305 1608 2386 denique
1650 2307 1752 2387 qui
1790 2309 1870 2365 sic
1905 2309 2207 2367 scientiam

100 2417 164 2455 ac
206 2396 376 2456 fidem
417 2397 570 2456 inter
613 2418 676 2456 se
715 2399 1129 2473 committunt,
1176 2411 1242 2457 ut
1281 2398 1455 2457 simul
1494 2401 1806 2459 consistere
1844 2401 1999 2460 haud
2036 2424 2203 2485 posse
2252 2466 2255 2467 ⁷

167 2670 232 2734 (l)
270 2671 393 2720 Inter
420 2671 678 2721 Catholicos
711 2683 874 2738 praeter
897 2675 1110 2740 antiquos

98 2752 426 2814 scholasticos,
473 2756 554 2820 qui
595 2755 700 2803 data
741 2771 879 2820 opera
919 2756 976 2805 de
1018 2756 1110 2805 fide

99 2837 401 2899 scripserunt,
433 2836 636 2902 aliosque
668 2837 726 2884 de
754 2837 923 2903 quibus
955 2848 1106 2902 postea

99 2915 364 2982 loquemur,
399 2921 601 2966 eminent
634 2917 876 2979 Nonnote,
910 2918 1109 2969 Houtte-

102 2997 206 3046 ville
225 3035 236 3056 ,
271 2998 451 3065 Bergier
469 3038 482 3060 ,
511 2998 752 3048 Valsecchi
770 3037 784 3059 ‚
823 3001 1103 3067 Spedalieri,

104 3079 272 3146 aliique
285 3100 381 3131 non
398 3086 558 3148 pauci,
578 3087 659 3150 qui
674 3084 782 3133 fidei
799 3087 1108 3150 patrocinium

106 3160 315 3212 adversus
356 3166 615 3214 incredulos
661 3167 782 3215 felici
827 3167 938 3216 adeo
983 3170 1107 3215 exitu

106 3256 353 3306 suscepere.
371 3245 494 3296 Inter
508 3248 812 3298 Protestantes
836 3266 942 3297 vero
966 3250 1013 3297 id
1033 3251 1108 3314 ip-

108 3337 209 3368 sum
239 3323 415 3375 efficere
449 3332 643 3394 aggressi
671 3339 783 3378 sunt
812 3330 1069 3379 Leibnitius
1090 3368 1104 3390 ‚

107 3399 348 3466 Jaquelot,
375 3405 668 3471 Turretinus,
699 3421 790 3468 etc.
809 3412 893 3460 Ast
919 3411 1108 3461 difficile

109 3480 197 3530 hoc
226 3487 412 3534 omnino
427 3487 786 3543 Protestantibus
802 3504 894 3552 est,
919 3513 1007 3543 nec
1019 3497 1109 3543 nisi

110 3562 282 3612 infelici
309 3568 429 3617 exitu
458 3583 708 3634 pertentare
737 3568 964 3641 ejusmodi
995 3594 1107 3625 con-

109 3644 386 3695 ciliationem
403 3646 486 3714 ipsi
506 3666 718 3718 possunt,
738 3674 845 3707 cum
859 3657 970 3707 adeo
984 3659 1106 3708 male

1194 2683 1477 2738 perspectam
1503 2672 1704 2722 habeant
1726 2673 1832 2723 fidei
1849 2686 2058 2725 naturam
2072 2712 2086 2737 ,
2110 2686 2198 2726 tot-

1190 2773 1281 2821 que
1306 2755 1536 2804 erroribus
1554 2755 1847 2804 detineantur
1864 2760 1914 2805 in
1935 2760 2122 2808 materia
2139 2759 2199 2807 de

1189 2839 1328 2903 gratia
1347 2874 1361 2898 ,
1392 2837 1449 2885 de
1484 2847 1670 2902 peccato
1702 2838 1939 2902 originali,
1972 2837 2196 2904 justifica-

1187 2921 1342 2979 tione,
1378 2930 1467 2968 etc.
1494 2929 1628 2984 prout
1654 2936 1735 2967 suo
1761 2921 1859 2967 loco
1880 2924 2195 2985 exposuimus,

1189 3011 1288 3049 tum
1301 3003 1350 3048 in
1367 3011 1497 3050 tract.
1525 3001 1604 3050 De
1618 2999 1722 3048 Deo
1735 3010 1964 3063 creatore,
1988 3013 2104 3068 part.
2119 3016 2192 3064 ιιι,

1187 3094 1288 3131 tum
1315 3086 1366 3132 in
1396 3093 1529 3132 tract.
1559 3082 1638 3130 De
1672 3084 1831 3147 qratia
1865 3093 1984 3148 part.
2020 3101 2037 3132 1
2062 3094 2109 3133 et
2138 3101 2191 3135 n.

1189 3164 1471 3231 Quapropter
1512 3163 1769 3213 Leibnitius
1790 3199 1804 3224 ,
1847 3181 1900 3213 eo
1934 3167 2035 3230 ipso
2067 3165 2193 3232 quod

1188 3249 1298 3296 fidei
1313 3245 1543 3297 catholicae
1563 3246 1692 3296 valde
1709 3250 1972 3307 accesserit,
2000 3250 2051 3296 iu
2064 3265 2192 3297 eam-

1190 3349 1280 3398 que
1306 3348 1556 3397 propensus
1574 3347 1855 3397 magnopere
1880 3334 2109 3392 extiterit,
2142 3343 2192 3380 ut

1188 3413 1335 3479 liquet
1350 3431 1403 3463 ex
1425 3414 1601 3478 egregio
1619 3415 1718 3478 ejus
1732 3410 1991 3478 Systemaee
2014 3413 2187 3463 theolo-

1187 3493 1291 3558 qico
1303 3530 1321 3558 ‚
1366 3495 1490 3562 quod
1533 3497 1691 3559 saepius
1731 3495 2058 3563 allegavimus,
2100 3511 2190 3560 prae

1189 3575 1552 3626 Protestantibus
1567 3577 1754 3644 reliquis
1771 3581 1921 3644 potuit
1934 3581 2192 3629 accuratius

1188 3659 1278 3707 hoc
1307 3660 1365 3710 de
1391 3655 1658 3724 argumento
1686 3659 1920 3709 disserere.

1864 3739 1965 3795 21.
