2502 4134
445 165 598 203 PART.
644 166 709 201 11.
758 165 882 202 car.
930 165 1019 200 111.
1064 165 1132 200 nn
1175 164 1333 200 sma.
1376 162 1660 200 sempron.
1712 162 1903 198 mma.
2119 141 2234 199 125

124 330 257 371 vero
296 306 544 366 diximus
588 305 660 364 de
700 304 1032 383 hujusmodi
1076 305 1278 379 sectis,
1316 304 1732 364 affirmandum
1772 304 1991 386 pariter
2036 316 2123 363 est
2160 305 2234 366 de

122 403 324 476 sectis,
367 423 495 483 quae
530 401 598 459 iis
639 412 1057 481 praecesserunt
1081 446 1096 475 ‚
1137 421 1302 481 aeque
1346 420 1411 458 ac
1445 399 1518 458 de
1558 399 2022 459 protestantismi
2051 399 2231 458 innu-

121 498 293 556 meris
314 540 327 562 ‚
373 506 436 554 ut
469 497 546 553 ita
584 494 807 570 dicam,
854 494 1153 569 frustulis3
1186 493 1662 576 quandoquidem
1703 495 1908 553 eadem
1947 494 2102 575 apud
2135 516 2230 554 eas

122 612 320 651 omnes
354 589 564 670 agendi
596 591 742 648 ratio
779 589 996 671 ubique
1020 611 1082 650 se
1107 589 1384 671 prodidit.
1422 589 1479 646 Si
1515 588 1694 668 igitur
1717 590 1951 648 nonnisi
1985 589 2234 650 absurde

118 687 216 746 ille
246 687 420 744 statui
447 685 629 747 veluti
657 686 946 766 interpres
983 707 1084 744 seu
1108 685 1291 762 judex
1313 694 1542 768 posset3
1578 682 1677 763 qui
1709 682 1909 740 litibus
1939 684 2061 763 ipse
2094 705 2230 744 cau—

120 803 242 840 sam
280 779 648 862 praebuisset3
692 792 959 861 apertum
996 791 1118 854 est⁷
1155 779 1390 852 nonnisi
1437 776 1685 836 absurde
1721 776 1999 836 affirmari
2024 800 2189 858 posse
2212 826 2229 854 .,

123 877 479 956 Scripturam
502 875 682 933 solam
713 897 838 935 esse
863 875 1254 956 suimetipsius
1281 875 1663 958 interpretem
1690 871 2060 952 judicemque
2091 894 2231 932 con-

122 971 555 1029 troversiarum.
580 971 750 1028 Patet
776 969 1031 1049 denique
1055 968 1149 1042 30,
1178 968 1382 1037 ceteris
1409 968 1631 1026 omissis
1651 1011 1668 1040 ‚
1702 987 1774 1026 ex
1798 966 2049 1047 quadam
2075 967 2227 1028 inter

124 1064 462 1144 religionem
492 1074 549 1123 et
582 1063 884 1144 politicum
914 1062 1184 1142 regimen
1202 1058 1482 1139 analogia.
1525 1060 1634 1132 Qui
1659 1061 1816 1118 enim
1849 1061 1913 1119 in
1946 1062 2226 1140 regimine

125 1160 357 1241 politico
374 1205 390 1234 ,
423 1158 564 1217 dum
592 1157 661 1215 lis
689 1158 938 1235 agitatur
957 1200 972 1229 ,
1006 1154 1188 1213 solam
1211 1153 1593 1213 contenderet
1630 1153 1817 1232 legem
1842 1175 1943 1214 seu
1970 1157 2225 1218 codicem

126 1276 248 1314 esse
274 1255 656 1334 interpretem
681 1262 740 1309 et
761 1249 1021 1328 judicem
1053 1249 1141 1307 sui
1165 1294 1179 1323 ,
1213 1269 1277 1307 ac
1302 1260 1612 1330 propterea
1640 1271 1764 1309 sese
1788 1251 2226 1330 magistratuum

124 1347 423 1406 sententiae
445 1345 723 1422 subjicere
747 1343 898 1403 velle
923 1343 1246 1417 abnueret,
1271 1343 1318 1402 ἰ5
1343 1343 1609 1402 omnium
1633 1365 1916 1403 consensu
1946 1367 2146 1406 amens
2165 1370 2229 1408 ac
2306 1392 2311 1398 i

122 1440 360 1499 stolidus
390 1450 738 1499 censeretur.
767 1438 938 1498 Haud
964 1437 1073 1496 alia
1102 1459 1276 1519 porro
1299 1449 1387 1497 est
1415 1439 1669 1499 amentia
1699 1449 1757 1496 et
1780 1439 2063 1500 stoliditas
2089 1444 2230 1501 Pro-

122 1534 462 1594 testantium
481 1578 497 1607 ‚
534 1533 634 1615 qui
659 1532 846 1592 solum
876 1554 939 1591 ac
965 1554 1179 1614 purum
1205 1533 1311 1591 Dei
1338 1531 1584 1592 verbum
1620 1533 1901 1615 scriptum
1931 1536 2020 1594 sui
2048 1537 2230 1618 ipsius

119 1629 499 1711 interpretem
532 1674 548 1703 ,
605 1627 857 1709 fideique
911 1627 1438 1688 controversiarum
1495 1627 1754 1706 judicem
1813 1650 1937 1690 6556
1997 1631 2227 1691 concla-

120 1737 286 1784 mant
320 1727 432 1805 (l).
554 1790 558 1793 ,

206 1822 340 1882 196.
382 1824 583 1903 Neque
618 1842 758 1883 vero
787 1821 1023 1903 spiritus
1050 1821 1266 1903 privati
1303 1843 1404 1880 seu
1429 1821 1668 1880 rationis
1698 1821 2070 1884 individualis
2093 1844 2222 1905 sys-

123 1928 276 1976 tema
298 1916 513 1975 felicius
535 1927 623 1975 est
646 1916 1029 1997 praecedenti,
1061 1915 1219 1998 quod
1241 1917 1615 1975 excussimus,
1647 1917 1874 1976 Etenim
1901 1939 2021 1977 non
2051 1918 2225 1979 modo

123 1995 527 2093 interpretatio
545 2055 562 2085 ,
593 2031 719 2092 quae
739 2032 770 2069 a
794 2011 999 2092 spiritu
1024 2011 1257 2093 privato
1282 2032 1384 2070 seu
1410 2012 1635 2071 ratione
1663 2011 2015 2074 individuali
2044 2014 2225 2094 profi—

122 2106 393 2179 ciscatur,
430 2104 752 2185 dogmatica
794 2127 916 2165 esse
953 2127 1073 2164 non
1109 2115 1336 2188 potest,
1373 2105 1505 2187 quia
1540 2106 1850 2166 intrinseca
1892 2106 2225 2166 destituitur

120 2198 526 2259 infallibilitate
548 2211 606 2259 et
625 2201 941 2259 necessaria
967 2200 1310 2259 auctoritate
1334 2245 1349 2274 ,
1374 2199 1477 2259 sed
1502 2212 1778 2282 praeterea
1806 2202 1870 2259 1ο
1891 2201 2225 2281 religionem

121 2292 364 2366 scindit,
402 2315 537 2351 cum
578 2294 979 2375 unusquisque
1031 2293 1258 2354 diversa
1298 2294 1418 2353 fere
1465 2294 1538 2353 ab
1586 2294 1697 2366 alio
1745 2296 1969 2355 ratione
1989 2341 2005 2370 .,
2051 2307 2224 2378 prout

121 2388 315 2446 animo
343 2388 656 2464 subjective
685 2386 924 2446 affectus
953 2399 1075 2461 est,
1120 2386 1388 2446 eamdem
1426 2409 1553 2447 rem
1588 2388 1785 2449 videre
1821 2391 2008 2471 deque
2033 2412 2099 2450 ea
2125 2396 2224 2470 ju-

118 2480 337 2539 dicium
355 2480 503 2538 ferre
534 2479 713 2539 soleat
730 2524 746 2553 ,
773 2500 842 2538 ex
875 2501 991 2560 quo
1020 2491 1108 2539 tot
1136 2482 1460 2540 necessario
1489 2482 2001 2562 interpretationes
2023 2486 2225 2545 oriun-

116 2585 247 2649 tur,
287 2585 428 2654 quot
462 2575 648 2655 capita
691 2574 948 2633 existunt
982 2575 1091 2656 (2).
1132 2576 1199 2633 2⁰
1238 2575 1390 2634 Illud
1440 2587 1686 2656 systema
1734 2577 1978 2639 dubium
2017 2593 2076 2642 et
2122 2581 2222 2640 in-

187 2818 253 2882 (1)
288 2817 385 2867 cfr.
422 2817 588 2866 Beean.
630 2816 869 2865 Manuale
909 2825 1120 2867 controv.
1208 2836 1315 2868 cum
1335 2819 1582 2871 Catharina
1599 2859 1613 2881 ‚
1641 2829 1936 2889 reposuisset,
1957 2831 2063 2893 quia
2078 2833 2222 2897 scrip'-

118 2897 202 2947 lib.
232 2916 247 2946 1
265 2934 278 2958 ,
310 2915 413 2963 cap.
442 2898 492 2948 5.
521 2896 569 2946 Si
600 2900 703 2964 quis
733 2909 953 2964 quaereret
981 2917 1007 2947 a
1034 2900 1126 2947 Lu·
1206 2910 1307 2949 tum
1331 2908 1431 2957 est.
1459 2920 1475 2950 1
1503 2903 1616 2968 Reg.
1646 2922 1693 2965 1,
1731 2904 1762 2953 5
1798 2924 1813 2955 ε
1858 2908 1992 2974 Quia
2019 2910 2223 2961 Annam

119 2979 274 3040 thero,
296 2998 434 3047 quare
451 2983 571 3046 ipse,
591 2981 846 3029 monachus
862 2997 969 3028 eum
987 2981 1126 3030 fuerit
1209 2982 1411 3047 (Boleyn
1430 2984 1447 3047 )
1477 2983 1721 3049 ditiqehae.
1750 2987 1809 3035 Et
1841 2991 1903 3037 ita
1931 3008 2086 3055 porro.

123 3070 166 3108 et
190 3071 293 3110 voto
318 3065 606 3110 continentiae
639 3062 881 3110 adstrictus
897 3099 910 3122 ,
946 3062 1125 3110 duxerit
1275 3064 1340 3127 (2)
1378 3065 1432 3113 Id
1462 3067 1599 3130 paulo
1627 3078 1732 3117 ante
1754 3070 1951 3120 vidimus
1968 3073 2223 3126 admissum

125 3143 175 3188 in
192 3146 455 3209 conjugium
472 3142 769 3191 Catharinam
801 3143 994 3192 Boream
1027 3161 1133 3191 san·
1216 3161 1241 3192 a
1257 3144 1513 3194 Moshemio
1532 3151 1630 3212 ipso
1645 3185 1659 3208 ‚
1687 3153 1818 3215 cujus
1836 3153 1972 3202 verba
1989 3156 2220 3208 dedimus.

129 3224 434 3273 elimonialem
453 3262 467 3285 ‚
507 3226 810 3289 responderet
832 3262 846 3286 ‚
877 3228 945 3273 uti
987 3228 1132 3290 reipsa
1213 3224 1334 3276 Sane
1359 3231 1525 3278 exinde
1551 3231 1864 3294 profluxerunt
1880 3234 2075 3300 Quakeri
2092 3277 2105 3299 ‚
2127 3240 2221 3289 Pu-

131 3305 490 3371 respondit,quia
508 3309 725 3372 scriptum
740 3316 822 3366 est,
836 3304 1018 3365 Gemit,
1043 3303 1128 3355 18:
1211 3310 1345 3357 titani
1365 3347 1378 3370 ,
1407 3310 1714 3376 Anabaptistae
1735 3350 1749 3374 ‚
1789 3314 2028 3381 Baptistae,
2069 3319 2221 3370 Armi-

130 3380 244 3428 Non
269 3392 334 3432 est
364 3386 537 3435 bonum
569 3403 667 3436 esse
696 3387 937 3436 hominem
955 3387 1126 3438 solum.
1212 3392 1358 3452 niani,
1380 3389 1668 3455 Gomaristae,
1689 3398 1998 3465 Antilapsarii,
2015 3402 2220 3469 Postlap-

131 3460 180 3508 Si
218 3465 318 3527 quis
350 3465 407 3514 ab
444 3468 618 3532 anglico
657 3470 847 3518 consilio
883 3477 1124 3535 procerum
1206 3474 1337 3531 sarii,
1375 3472 1724 3540 Superlapsarii‚
1755 3478 2215 3545 Non-conformistae,

131 3542 445 3606 (parlamento
462 3564 540 3597 seu
555 3564 741 3598 camera
756 3552 770 3615 )
797 3553 1094 3600 sciscitaretur
1109 3589 1121 3611 ‚
1207 3552 1514 3614 Terministae‚
1533 3555 1783 3609 Servelistae
1794 3598 1809 3623 ,
1824 3561 2218 3615 Bias-aeramentis—

132 3639 273 3686 quare
303 3629 502 3675 sanxerit
537 3628 779 3680 divortium
818 3631 1006 3682 Heni-ici
1048 3650 1123 3682 vm
1207 3644 1283 3696 tte,
1304 3634 1588 3703 Collegiales‚
1617 3639 2214 3709 Congregationistae,Com-
