2502 4134
287 90 406 150 192
873 112 1071 150 macr.
1115 112 1183 149 mi
1217 112 1370 151 zoc1s
1414 113 1796 156 mnozoclcis.

280 258 525 341 rigendo
549 256 672 338 (1);
697 267 763 314 ut
786 255 1019 316 silentio
1046 266 1465 339 praetereamus
1489 270 1641 319 artes
1659 258 2011 342 fraudesque
2033 263 2371 346 omnigenas
2387 312 2404 344 ‚

281 354 493 438 quibus
527 352 601 411 ad
639 349 1070 414 subvertendos
1114 351 1445 434 neophytos
1488 353 1798 415 catholicos
1839 365 2092 416 utuntur
2126 357 2190 416 in
2220 363 2409 443 regio-

280 450 456 511 nibus
488 447 819 508 infidelium
858 448 978 528 (2),
1025 447 1457 529 persecutiones
1487 470 1553 508 ac
1597 450 1933 512 veXationes
1957 497 1972 528 .,
2013 474 2157 534 quas
2192 453 2408 538 ubique

277 546 541 606 locorum
583 544 836 603 excitare
866 554 1142 623 satagunt
1164 541 1366 603 biblici
1405 542 1683 614 adversus
1731 546 2124 607 missionarios
2161 549 2409 611 catholi-

280 663 408 715 cos3
461 640 606 700 adeo
644 651 710 699 ut
756 638 884 699 illos
934 659 1067 702 vere
1108 637 1277 721 lupos
1325 660 1448 699 esse
1487 639 1703 700 dixeris
1741 641 1818 701 ad
1846 641 2255 725 dissipandum
2283 667 2411 706 ma-

277 736 677 819 ctandumque
713 734 1077 795 dominicum
1106 756 1345 816 gregem
1371 734 1660 795 immissos
1686 735 1800 817 (3).
1843 737 1999 798 Talis
2028 751 2117 821 est
2140 741 2409 823 spiritus,

276 832 408 892 talis
450 834 597 892 fines
634 852 737 892 seu
779 852 987 912 scopus
1023 829 1310 910 ejusmodi
1341 830 1711 891 societatum.

358 930 500 989 279.
545 930 785 988 Fructus
826 926 1105 1003 demum,
1134 927 1237 1008 qui
1263 925 1477 987 exinde
1514 924 1861 1004 dimanant,
1890 930 2155 1012 apprime
2184 943 2411 993 naturae

274 1047 344 1086 ac
385 1024 573 1084 indoli
613 1023 1077 1106 conspirantium
1124 1023 1370 1082 istarum
1430 1023 1776 1082 societatum
1829 1025 2209 1105 respondent.
2258 1028 2409 1088 Cum

273 1122 436 1181 enim
472 1141 762 1202 nusquam
787 1118 1002 1179 dixerit
1023 1118 1320 1178 Christus:
1344 1118 1406 1178 E
1411 1129 1583 1178 untes
1608 1119 1961 1179 distribuite
1999 1122 2238 1191 Biblia,
2265 1121 2402 1182 sed:

273 1218 511 1278 Euntes
536 1217 793 1276 docete...
831 1225 887 1273 et
918 1214 1294 1295 praedicate,
1341 1235 1594 1296 cumque
1641 1215 1784 1275 fides
1826 1215 1901 1274 sit
1937 1238 2010 1275 ex
2045 1219 2296 1292 audem,
2343 1229 2410 1277 ut

273 1311 533 1395 loquitur
569 1310 918 1394 Apostolus,
966 1310 1186 1369 factum
1224 1321 1348 1384 est
1399 1321 1465 1368 ut
1500 1321 1665 1370 tanta
1695 1310 2055 1372 diffusione
2041 1334 2159 1371 imo
2182 1325 2240 1373 et
2264 1336 2408 1395 pro-

272 1407 571 1490 digalitate
599 1406 920 1468 B1b1101um
946 1404 1180 1469 nullum
1206 1391 1490 1466 hactenus
1518 1406 1757 1486 alicujus
1790 1408 2078 1468 momenti
2105 1409 2406 1470 societates

270 1644 398 1703 rim,
428 1659 492 1691 20
521 1642 677 1692 Genu.
714 1639 860 1704 1841.
894 1635 994 1688 Imo
1013 1638 1197 1688 officina
1222 1649 1293 1705 ty·
1375 1639 1490 1688 licos
1511 1657 1566 1689 ex
1581 1641 1717 1689 titulo
1738 1678 1751 1701 ‚
1785 1642 1918 1691 veriti
1938 1659 2036 1691 non
2055 1641 2233 1691 fuerint
2256 1643 2408 1694 distri-

269 1725 549 1793 pographiea
582 1724 852 1771 Barcinonae
877 1715 1091 1782 ,instituta
1132 1731 1196 1770 est
1233 1721 1293 1770 ad

269 1826 324 1858 ea
353 1806 690 1874 imprimenda.
720 1805 790 1853 De
816 1803 1000 1853 Austria
1038 1804 1157 1852 nihil
1184 1802 1299 1852 certi

269 1893 395 1951 scio;
422 1890 549 1957 quod
580 1906 686 1937 vero
716 1889 875 1955 attinet
900 1887 959 1936 ad
979 1886 1184 1944 Italiam,
1205 1901 1297 1951 prae

268 1973 489 2024 manibus
511 1971 658 2020 habeo
678 1972 800 2019 varia
824 1969 1103 2035 exemplaria
1119 1969 1298 2017 Biblio-

267 2074 371 2105 rum
390 2093 403 2116 ,
427 2072 528 2121 quae
547 2052 699 2101 italice
716 2054 938 2116 impressa
962 2061 1071 2100 sunt
1086 2088 1098 2110 ‚
1124 2056 1173 2099 et
1194 2053 1298 2116 qui-

277 2138 386 2187 dem
425 2145 636 2200 corrupta
674 2151 727 2182 ac
770 2133 932 2182 mutila
954 2170 967 2192 ‚
1004 2151 1059 2182 ex
1094 2127 1298 2181 versione

275 2218 462 2268 Diodati
483 2254 497 2278 ,
542 2214 779 2275 hominis,
810 2224 864 2263 ut
893 2214 1154 2263 videbimus
1176 2251 1189 2272 ‚
1224 2214 1300 2262 lue

275 2303 534 2352 calviniana
572 2300 765 2359 infecti,
818 2315 1019 2365 quaeque
1058 2297 1330 2363 distributa

274 2395 383 2434 sunt
412 2386 462 2431 in
490 2384 562 2444 his
587 2382 852 2447 regionibus
873 2399 900 2430 a
917 2380 1173 2430 viatoribus
1195 2396 1302 2446 pro-

274 2464 567 2518 testantibus.

344 2549 412 2614 (l)
451 2548 513 2597 Ut
531 2548 787 2614 plurimum
809 2554 1028 2594 tractatus
1048 2545 1268 2611 mysticos
1284 2579 1298 2602 ,

273 2634 356 2699 qui
384 2649 476 2680 una
503 2648 611 2679 cum
653 2630 815 2678 Bibliis
849 2628 1180 2676 diffunduntur
1200 2663 1213 2687 ,
1250 2629 1301 2675 in

270 2715 470 2780 acceptis
485 2714 652 2763 referre
677 2713 902 2762 debemus
923 2712 1132 2768 foeminis
1148 2708 1180 2773 ,‘
1195 2726 1301 2776 quae

271 2799 429 2848 oblitae
457 2797 551 2847 susi
577 2815 630 2846 ac
658 2796 729 2845 fili
750 2797 903 2862 digitis
924 2797 1018 2843 suis
1038 2794 1300 2859 apprehen-

269 2883 440 2931 derunt
458 2882 715 2932 calamum.
752 2879 883 2927 Inter
907 2878 989 2925 has
1007 2879 1181 2926 eminet
1198 2874 1301 2924 Du-

269 2969 384 3014 cissa
418 2966 475 3015 de
502 2964 681 3030 Broglie
701 2999 717 3025 ,
748 2974 844 3012 orta
871 2979 925 3011 ex
956 2960 1108 3022 Stael‚
1141 2960 1300 3026 apolo-

267 3058 370 3114 geta
405 3049 619 3097 adulterii
654 3058 793 3115 atque
832 3043 1051 3106 suicidii,
1094 3043 1300 3110 abnepos

266 3130 381 3179 boni
400 3131 522 3178 illius
550 3130 758 3191 Necker,
787 3132 863 3178 cui
893 3128 1123 3178 debitores
1140 3145 1300 3176 sumus

266 3230 345 3279 op.
386 3211 678 3261 Rationalite
714 3212 780 3260 du
812 3211 1025 3262 Deisme.
1054 3209 1179 3278 Alias
1203 3226 1299 3258 non

267 3312 612 3355 commemoro,
631 3313 690 3344 ne
707 3297 933 3347 invidiam
960 3294 1177 3343 subeam.
1197 3292 1297 3342 Cfr.

266 3396 428 3446 opusc.
447 3380 528 3426 cit.
553 3377 623 3425 Le
647 3379 870 3426 ministre
888 3383 1157 3446 protestavit
1194 3390 1298 3423 aaa>

255 3465 418 3530 priseo
447 3476 559 3509 avec
591 3458 684 3506 lui-
689 3462 867 3523 meme,
907 3478 1013 3527 pag.
1049 3458 1128 3508 13.
1158 3456 1286 3507 Adeo

1381 1720 1524 1771 buere
1583 1721 1759 1771 Vitam
1794 1726 1912 1773 Iesu
1970 1723 2158 1773 Christi
2208 1726 2408 1777 doctoris

1379 1802 1588 1865 Strauss,
1613 1823 1704 1871 qua
1729 1808 1826 1871 ipse
1859 1810 2076 1855 evertitur
2108 1806 2405 1860 Christianis-

1380 1904 1498 1935 mus.
1518 1885 1630 1936 Vid.
1650 1886 1840 1937 L’Ami
1855 1888 1912 1936 de
1927 1887 1975 1936 la
1989 1888 2146 1955 Reliq.
2171 1909 2223 1940 n.
2251 1891 2410 1961 2947-

1380 1966 1531 2034 2948,
1551 1969 1608 2017 31
1633 1968 1781 2030 Mars,
1805 1968 1954 2019 1838.
1973 1970 2080 2020 Vid.
2108 1971 2271 2023 ibid.6
2287 1973 2408 2023 Aout

1387 2047 1514 2113 1840
1535 2087 1549 2111 ‚
1578 2067 1671 2116 qua
1703 2054 1881 2100 ratione
1920 2055 2231 2118 impresserint
2258 2055 2408 2106 Biblia

1379 2131 1467 2179 sub
1490 2135 1682 2182 nomine
1701 2133 1908 2199 Vulgatae
1930 2152 1956 2182 a
1979 2119 2218 2184 Clemente
2243 2154 2327 2185 vm
2344 2155 2415 2187 re-

1379 2217 1572 2279 cognitae
1592 2252 1606 2275 ‚
1640 2214 1805 2263 mutila
1837 2226 1995 2265 tamen
2034 2227 2174 2283 atque
2201 2230 2413 2285 corrupta

1380 2294 1443 2345 de
1458 2313 1584 2348 more
1603 2333 1617 2361 ,
1645 2308 1852 2347 attamen
1867 2299 1937 2355 uti
1957 2299 2235 2349 authentica
2254 2303 2414 2352 vendi-

1380 2377 1571 2429 derunt.
1598 2377 1814 2430 Talisest
1831 2381 2020 2430 sincera
2034 2378 2412 2433 Protestantium

1376 2459 1497 2526 fides
1513 2462 1536 2510 Ι

1449 2544 1516 2609 (2)
1555 2543 1652 2594 Cfr.
1679 2544 1877 2595 Annali
1899 2545 2023 2595 della
2045 2549 2408 2613 propayaze'one

1381 2626 1504 2675 della
1533 2625 1641 2693 fede
1675 2629 1769 2678 vol.
1802 2645 1834 2676 11
1855 2663 1872 2689 ‚
1903 2644 2015 2694 pag.
2050 2627 2147 2692 417
2192 2641 2237 2679 et
2273 2645 2405 2699 seqq.

1381 2708 1614 2775 Quoniam
1633 2711 1863 2778 ejusmodi
1879 2709 2069 2759 annales
2086 2714 2297 2762 omnium
2313 2732 2408 2764 ma-

1380 2793 1520 2840 nibus
1558 2803 1807 2853 teruntur,
1847 2793 1951 2853 ideo
1994 2793 2228 2844 brevitatis
2263 2799 2405 2862 gratia

1379 2875 1596 2925 indicabo
1637 2876 1933 2925 solummodo
1966 2877 2207 2928 fasciculos
2232 2916 2247 2941 ,
2294 2883 2402 2947 qui-

1379 2959 1468 3008 bus
1498 2976 1600 3027 quae
1622 2959 1804 3008 affirmo
1830 2962 2114 3011 innituntur.

1450 3040 1520 3108 (3)
1554 3041 1655 3092 Cfr.
1705 3041 1902 3092 Annali
1922 3078 1940 3105 ,
1998 3054 2087 3094 etc.
2134 3043 2245 3093 fasc.
2294 3060 2364 3093 tvi
2385 3082 2399 3106 ,

1378 3143 1480 3192 pag.
1495 3121 1730 3188 204·206;
1753 3126 1872 3175 ibid.
1887 3123 2118 3192 209·235;
2134 3125 2273 3174 fascic
2297 3136 2400 3189 tvn',

1379 3227 1487 3274 pag.
1519 3204 1780 3271 258·26‘2;
1810 3209 1924 3259 fasc.
1946 3225 2079 3269 tvm,
2101 3194 2202 3275 ¹372
2229 3219 2275 3258 et
2299 3228 2397 3277 seq.

1378 3291 1497 3342 ibid.
1516 3309 1621 3358 pag.
1641 3287 1857 3356 375-400
1875 3307 1890 3353 3
1916 3290 2032 3340 fasc.
2052 3293 2150 3352 u'x,
2178 3310 2277 3357 pag.
2295 3289 2399 3356 424

1379 3385 1424 3424 et
1440 3390 1534 3442 seq.
1550 3374 1662 3422 fasc.
1680 3390 1751 3421 Lxx
1766 3410 1779 3434 ‚
1800 3388 1904 3439 pag.
1928 3369 2023 3437 753
2041 3390 2126 3421 ιιι]
2143 3409 2157 3433 ,
2177 3392 2282 3440 pag.
2299 3372 2390 3441 95,

1378 3455 1472 3525 149
1494 3494 1508 3518 ,
1557 3452 1687 3520 1543
1737 3473 1839 3505 mxiv
1858 3491 1874 3514 ,
1924 3473 2028 3521 pag.
2081 3456 2223 3519 3103
2272 3473 2354 3505 mxv
2376 3492 2391 3517 ‚

264 3546 487 3612 progressi
511 3552 620 3592 sunt
643 3541 986 3592 protestantes
973 3560 1023 3591 m
1054 3541 1284 3608 ejusmodi
1366 3558 1474 3608 pag.
1507 3535 1764 3603 512-514,
1795 3535 2018 3588 530-532
2042 3575 2056 3605 ‚
2091 3548 2183 3589 etc.
2214 3548 2304 3588 ete.

263 3626 610 3695 impietatibus,
647 3635 730 3687 ut,
768 3625 827 3674 ad
862 3624 1158 3692 decipiendos
1193 3623 1283 3676 vil-
