2502 4134
2099 180 2218 240 325

474 204 631 241 PART.
681 204 767 241 111.
816 203 968 241 SECT.
1018 206 1057 241 1.
1107 205 1175 240 DE
1221 205 1384 240 ANAL.
1431 204 1558 240 RA'r.
1609 203 1674 239 ΕΤ
1720 203 1831 240 Fu).

187 350 245 407 6.
293 350 373 406 Ut
406 347 608 421 omni,
650 367 761 427 qua
807 368 914 428 par
953 357 1076 419 est,
1121 344 1534 430 perspicuitate
1569 346 2044 428 progrediamur,
2086 347 2226 427 quid

105 444 197 502 hic
225 463 330 523 per
356 447 553 501 ration
561 443 648 512 is,
688 442 827 523 quid
866 463 971 533 per
1004 444 1149 520 fidei
1183 463 1401 501 nomen
1437 442 1883 522 intelligamus
1866 463 1928 499 m
1965 451 2229 501 anteces-

106 561 235 597 sum
262 537 583 618 aperiamus
605 558 836 596 necesse
862 549 967 596 est.
999 539 1076 596 Ac
1110 528 1397 596 rationem
1428 536 1666 616 quidem
1697 539 2016 596 universim
2045 537 2228 595 sumi*—

107 656 235 691 mus
261 655 366 713 pro
391 633 601 690 nativa
614 642 786 712 atque
812 631 1099 691 essentiali
1126 631 1307 690 animi
1327 630 1569 690 humani
1601 631 1901 706 facultate,
1928 654 2027 691 seu
2049 630 2231 690 facul-

106 740 296 787 tatum
316 727 682 799 collectione,
703 728 912 808 quibus
928 718 1054 808 ipse
1083 748 1287 787 verum
1311 726 1630 805 cognoscit,
1658 724 1845 806 deque
1863 729 1972 785 isto
1988 727 2229 807 judicat,

109 835 394 903 quatenus
439 822 593 880 idem
631 822 781 880 intra
821 834 1044 880 naturae
1076 820 1361 880 ambitum
1397 821 1734 880 continetur
1764 822 1873 902 (l).
1912 826 2066 904 Dum
2095 845 2234 885 vero

109 919 286 979 fidem
320 919 565 977 dicimus
585 963 601 991 ,
640 918 1026 997 significamus
1051 919 1314 976 liberum
1345 919 1522 974 ‘illum
1557 939 1898 988 assensum,
1930 941 2107 998 quem
2130 924 2231 979 in·-

110 1016 365 1072 telleecus
401 1014 612 1071 divina
641 1017 848 1090 qratia
870 1023 1218 1090 proeventus
1259 1022 1314 1069 et
1342 1012 1595 1089 adjutus
1613 1014 1848 1090 proehet
1880 1017 2237 1075 veritatibus

110 1108 658 1187 supernaturaliter
696 1107 966 1163 revelatis
1005 1107 1076 1162 ob
1122 1107 1240 1164 Dei
1285 1109 1483 1183 ipsius
1529 1108 1849 1166 revelantis
1901 1117 2234 1172 auctor-ilar

110 1215 223 1263 tem
258 1203 365 1282 (2).
403 1202 482 1259 Ex
525 1199 735 1281 quibus
775 1198 1140 1278 generalibus
1180 1199 1518 1259 notionibus
1562 1223 1669 1282 per
1714 1224 1777 1262 se
1821 1208 1946 1280 jam
2000 1206 2240 1282 elucet,

113 1297 252 1380 quid
280 1295 388 1354 sibi
411 1294 714 1376 proprium
739 1314 804 1351 ac
828 1292 1120 1375 peculiare
1155 1293 1327 1367 ratio,
1355 1295 1614 1376 quidque
1647 1295 1759 1355 sibi
1782 1298 2040 1359 vindicet
2066 1301 2255 1362 fides„

112 1393 278 1451 Ratio
316 1388 601 1470 siquidem
639 1410 746 1470 per
776 1410 836 1448 se
870 1387 1091 1467 objecta
1131 1411 1232 1448 sua
1266 1391 1588 1469 cognoscit,
1615 1393 1880 1452 intuetur
1908 1415 1972 1453 ac
1986 1396 2230 1473 judicat,

114 1485 278 1544 Fides
329 1505 466 1545 vero
514 1482 752 1561 objectis
802 1484 916 1541 suis
967 1485 1284 1543 assentitur
1328 1495 1387 1544 et
1435 1485 1638 1545 credit.
1694 1489 1879 1547 Porro
1919 1509 2051 1548 cum
2094 1491 2239 1552 fides

115 1579 446 1640 naturalem
493 1581 783 1640 rationem
833 1592 1284 1662 praesupponat,
1339 1581 1645 1664 eidemque
1686 1585 1953 1659 accedat,
1994 1607 2058 1645 ac
2093 1589 2240 1646 ratio

115 1675 353 1735 tandem
397 1698 461 1736 ea
501 1677 612 1750 sit,
651 1698 779 1758 quae
815 1675 1049 1754 objecta
1082 1698 1182 1734 seu
1222 1677 1496 1736 veritates
1535 1678 1969 1760 apprehendit,
2009 1676 2151 1762 quas
2187 1683 2239 1741 ei

114 1785 398 1854 tanquam
423 1771 703 1831 divinitus
728 1771 1011 1831 revelatas
1037 1770 1353 1831 credendas
1375 1774 1650 1853 proponit
1666 1773 1808 1832 fides
1824 1819 1840 1847 ,
1864 1773 2000 1834 hinc
2022 1776 2234 1857 triplex

116 1866 397 1947 generalis
431 1877 729 1947 respectus
758 1888 859 1926 seu
889 1865 1092 1926 relatio
1125 1869 1411 1926 rationem
1440 1869 1592 1927 inter
1623 1889 1687 1928 ac
1711 1868 1889 1927 fidem
1912 1869 2231 1930 efflorescit.

117 1964 284 2022 Ratio
324 1963 482 2022 enim
521 1963 744 2043 concipi
779 1983 844 2020 ac
879 1963 1128 2043 spectari
1170 1974 1362 2043 potest
1400 1975 1500 2022 aut
1528 1975 1663 2022 ante
1706 1964 1917 2040 fidem,
1959 1977 2059 2024 aut
2092 1989 2245 2025 oum·

117 2059 231 2118 fide
250 2104 265 2132 ,
313 2070 413 2116 aut
451 2057 703 2138 denique
728 2068 860 2137 post
883 2057 1060 2116 fidem
1079 2079 1104 2114 ·:
1136 2057 1415 2116 nimirum
1442 2058 1656 2139 inquiri
1682 2070 1899 2141 potest,
1932 2059 2235 2141 quodnam-

113 2155 189 2212 sit
231 2153 470 2211 rationis
517 2152 803 2227 officium,
848 2153 969 2211 sive
1010 2162 1325 2234 antequam
1374 2152 1512 2212 fidei
1563 2155 1911 2213 assentiatur
1953 2152 2225 2232 objectiS,

114 2249 234 2308 sive
277 2247 418 2305 dum
457 2258 588 2304 actu
622 2246 828 2305 iisdem
870 2240 1218 2321 assentitur,
1269 2247 1390 2306 sive
1435 2246 1673 2306 demum
1709 2260 2021 2328 postquam
2058 2270 2228 2306 suum

115 2343 254 2425 ipsis
278 2362 577 2400 assensum
601 2339 932 2422 praebuerit.
952 2341 1083 2399 Haec
1102 2341 1277 2420 igitur
1304 2340 1515 2422 triplex
1537 2340 1741 2400 relatio
1762 2342 2048 2400 rationem
2071 2342 2226 2400 inter

187 2546 250 2609 (l)
287 2545 529 2593 Rationem
558 2544 634 2592 hic
655 2553 912 2609 spectamus
939 2562 1127 2609 genera·
1211 2544 1392 2605 terius,-
1448 2561 1540 2609 per
1585 2546 1804 2592 veritates
1858 2561 1965 2592 vero
2011 2546 2232 2593 veritates

116 2631 203 2676 tim
231 2665 245 2687 ,
294 2637 427 2692 prout
473 2644 658 2674 omnem
704 2627 920 2674 humanae
969 2628 1133 2673 mentis

115 2710 416 2775 cognoscendi
445 2725 499 2756 ac
536 2707 773 2772 judicandi
802 2710 897 2756 vim
926 2708 1132 2772 comple-

121 2794 277 2849 ctitur,
296 2808 346 2838 ac
362 2790 553 2855 proinde
565 2775 702 2838 etiam
718 2789 1020 2847 intellectum,
1037 2807 1134 2837 non

116 2891 221 2921 vero
250 2883 384 2937 prout
411 2873 592 2936 proprie
617 2871 882 2919 facultatem
915 2872 1026 2919 dicit
1059 2888 1131 2919 ra-

119 2954 366 3001 tiocinandi
394 2970 448 3000 ac
470 2955 680 3000 veritates
701 2952 812 3000 alias
841 2970 895 3001 ex
924 2953 1023 2999 aliis
1048 2953 1132 2999 de-

122 3034 340 3082 ducendi.
373 3033 472 3081 Hoc
499 3036 745 3098 posteriore
778 3051 912 3081 sensu
947 3032 1136 3081 videtur

128 3130 231 3162 eam
260 3125 483 3180 spectasse
514 3114 798 3173 Leibnitius‚
831 3114 943 3162 dum
973 3117 1023 3161 in
1054 3130 1134 3161 sua

131 3194 442 3246 dissertatione
458 3236 471 3258 ,
498 3197 577 3246 De
597 3198 866 3264 conform-it.
885 3196 1004 3260 fidei
1027 3212 1136 3243 cum

134 3278 315 3323 ratione
329 3310 346 3336 ‚
375 3277 402 3343 §
422 3295 438 3326 1
458 3315 470 3337 ,
498 3282 724 3328 rationem
744 3280 907 3327 definit
921 3287 1137 3326 catenam

137 3359 412 3417 veritatum5
442 3378 520 3424 per
545 3369 762 3409 catenam
789 3371 939 3409 autem
960 3396 973 3418 ,
1004 3367 1139 3424 prout

139 3442 324 3502 exponit
349 3442 396 3486 in
420 3451 526 3491 nota
546 3445 610 3506 (1)
638 3443 756 3491 Lud.
779 3443 982 3503 Dotem,
1010 3441 1140 3489 nihil

139 3518 210 3566 ali
212 3518 276 3565 ud
284 3519 551 3570 Leibnitiuo
559 3524 931 3589 intelliqitquam
944 3540 1137 3580 nexum,

141 3617 231 3665 quo
256 3600 374 3664 quid
403 3605 609 3652 continet
635 3608 869 3654 rationem
900 3606 1140 3671 sufficien-

144 3689 235 3729 tem
267 3682 583 3732 coexistentia
621 3685 696 3736 vel
727 3687 1036 3736 successionis
1072 3685 1143 3734 al-

1218 2625 1530 2674 universales.
1576 2623 1668 2674 Est
1699 2625 1912 2689 definitio
1961 2625 2020 2674 ab
2056 2626 2232 2691 objecto

1217 2708 1506 2770 coqnitionis
1522 2714 1692 2754 nostrae
1709 2706 1954 2772 deemnpta
1965 2742 1980 2767 ,
2003 2709 2228 2755 nimirum

1219 2797 1449 2853 quatenus
1494 2788 1592 2836 haec
1642 2788 1819 2854 objecta
1863 2790 2041 2837 ratione
2085 2788 2233 2837 dedu-

1220 2880 1410 2918 cuntur.

1289 2951 1353 3015 (2)
1395 2950 1492 2998 Hoc
1525 2967 1658 2998 sensu
1680 2986 1693 3009 ‚
1732 2966 1826 3016 quo
1862 2949 2001 2998 fidem
2038 2965 2230 3014 usurpa-

1222 3049 1361 3091 mus,
1392 3032 1542 3080 dicit·
1531 3049 1627 3096 ipsa
1657 3041 1844 3094 actum,
1878 3048 1975 3079 non
2002 3029 2230 3078 habitum.

1223 3112 1277 3160 In
1321 3113 1409 3160 hac
1457 3129 1592 3176 porro
1637 3067 1868 3161 difinitio’?
1839 3107 1896 3165 ⁴⁸·
1941 3112 2237 3174 distinguitur

1231 3203 1278 3242 1⁰
1294 3195 1574 3260 subjectum,
1603 3194 1728 3259 quod
1748 3194 1885 3241 tidem
1906 3193 2232 3258 apprehendit,

1226 3293 1395 3341 nempe
1433 3276 1696 3323 intellectus
1724 3292 1776 3323 ex
1810 3278 2002 3338 imperio
2032 3274 2246 3322 volunta-

1224 3360 1307 3420 tis;
1342 3366 1395 3405 2⁰
1428 3357 1665 3423 objectum
1689 3357 1924 3417 materiale
1949 3357 2085 3411 fidei,
2119 3356 2245 3403 scili-

1224 3450 1296 3488 cet
1322 3442 1530 3487 veritates
1557 3456 1582 3486 a
1600 3438 1694 3487 Deo
1721 3439 1927 3487 revelatae
1948 3454 1963 3500 ς
1982 3454 2036 3486 ac
2058 3437 2109 3484 3⁰
2126 3438 2242 3484 ratio

1226 3521 1430 3568 formalis
1470 3535 1711 3580 assensus,
1746 3521 1960 3570 videlicet
2001 3519 2254 3569 auctoritas

1227 3603 1315 3651 Dei
1343 3604 1602 3652 revelantis.
1621 3603 1690 3653 De
1719 3603 1890 3669 quibus
1915 3601 2124 3650 suoloco
2157 3599 2258 3649 dis·

1231 3701 1460 3735 seremuS.
