2502 4134
252 158 411 198 PART.
443 158 543 194 111.
594 155 746 192 SECT.
800 156 840 190 1.
890 155 1014 190 csP.
1063 155 1102 191 1.
1149 154 1215 189 DE
1259 152 1385 189 ΕΔΤ.
1439 152 1560 188 ΑΝἸ·Δ
1615 152 1724 186 Fu).
1775 150 1957 187 SPEGT.

2051 129 2165 188 431

54 299 240 362 divini
278 297 551 378 luminiS,
599 306 664 353 ut
703 294 961 375 loquitur
997 283 1053 352 S.
1105 292 1352 351 Thomas
1377 336 1391 364 a
1436 292 1754 369 imaginem
1796 312 1859 349 ac
1900 290 2172 350 similitu-

59 396 259 454 dinem
279 413 441 450 suam
458 390 573 468 (l).
598 391 735 448 Haec
759 387 1004 470 proinde
1029 387 1221 446 solum
1237 407 1359 445 esse
1379 398 1624 467 possunt
1643 386 1872 461 criteria
1899 408 2171 468 suprema

60 510 124 548 ac
152 494 291 546 'tuta
325 487 388 544 in
422 484 627 545 ordine
661 482 948 557 naturali,
979 503 1109 564 quae
1140 482 1385 560 dirigere
1415 479 1719 539 hominem
1756 479 1976 542 debent
2023 483 2172 541 circa

62 605 266 644 verum
297 593 355 641 et
391 581 744 652 honestum3
788 590 962 660 atque
1006 577 1182 636 etiam
1224 575 1288 634 in
1324 575 1530 634 ordine
1563 577 1987 655 supernaturali
2024 580 2177 637 Deus

63 677 458 756 intelligentiae
510 696 574 734 ac
626 673 837 733 rationi
879 672 1155 754 proponit
1204 670 1621 731 revelationem
1665 693 1865 745 suam,
1915 684 2001 731 tot
2039 673 2178 732 cha-

64 771 379 832 racteribus
421 791 522 829 seu
559 769 789 828 motivis
815 766 1210 827 credibilitatis
1257 766 1564 847 praeditam
1584 811 1600 838 ‚
1634 778 1698 823 ut
1726 765 1889 825 illam
1932 768 2180 828 istorum

68 890 178 949 ope
218 867 543 946 cognitam,
576 886 710 924 cum
746 863 956 924 divinae
982 862 1177 943 gratiae
1212 855 1468 920 subsidio
1488 906 1503 931 .,
1547 861 1879 921 rationabili
1906 862 2182 945 obsequio

69 962 472 1045 amplectatur.
519 962 883 1041 Quapropter
913 962 1232 1017 sensismus
1274 962 1592 1035 mysticus,
1620 958 1721 1038 qui
1753 957 1864 1017 alia
1901 960 1992 1019 via
2025 960 2183 1020 ince-

68 1058 190 1130 dit,
237 1068 469 1116 tantum
510 1054 674 1114 abest
714 1065 779 1113 ut
814 1055 1005 1114 faveat
1053 1053 1404 1134 susceptioni
1457 1051 1626 1126 fidei,
1665 1064 1732 1110 ut
1788 1057 1912 1131 ejus
1967 1055 2181 1114 funda-

75 1164 273 1212 menta
305 1151 483 1233 plane
515 1149 840 1209 labefactat.

159 1246 293 1306 143.
341 1248 491 1304 Sane
533 1246 596 1302 1⁰
635 1245 1204 1319 sentimentalismus
1232 1245 1518 1321 mysticus
1554 1262 1646 1301 res
1683 1252 1771 1301 est
1817 1263 1963 1303 caeca
1986 1290 2002 1319 ,
2044 1244 2186 1303 sub-

67 1343 284 1420 jectiva
305 1385 320 1414 ‚
365 1339 736 1409 instinctiva3
790 1338 1033 1397 idoneus
1086 1336 1329 1419 proinde
1373 1357 1494 1395 non
1535 1347 1626 1394 est
1674 1335 1750 1395 ad
1794 1350 1954 1397 certo
2008 1361 2188 1420 agno-

76 1433 355 1494 scendum
384 1431 542 1514 quod
573 1434 922 1510 objectivum
950 1443 1070 1507 est,
1106 1429 1296 1488 multo
1332 1452 1469 1489 vero
1503 1431 1697 1490 minus
1726 1453 1860 1490 cum
1896 1435 2086 1513 agitur
2113 1435 2188 1496 de

76 1527 414 1589 veritatibus
435 1548 557 1585 non
580 1526 915 1585 immediate
941 1524 1310 1585 evidentibus
1329 1569 1347 1599 ,
1369 1524 1692 1603 cujusmodi
1720 1539 1856 1585 sunt
1891 1530 2187 1606 veritatem,

73 1645 216 1704 quas
245 1623 719 1683 memoravimuS.
773 1623 872 1688 Hae
905 1620 1191 1702 siquidem
1230 1633 1551 1702 exposcunt
1587 1621 1951 1682 ratiocinium
1972 1668 1987 1697 ,
2035 1625 2193 1706 quod

78 1730 343 1777 constare
390 1717 564 1777 debet
604 1738 675 1776 ex
719 1715 983 1797 pluribus
1021 1716 1198 1776 etiam
1248 1715 1410 1774 factis
1457 1716 1954 1799 contingentibus,
2007 1721 2074 1776 20
2121 1721 2190 1779 In

84 1814 680 1872 sentimentalismum
714 1811 1032 1892 phantasiae
1053 1811 1139 1871 vis
1169 1810 1574 1869 immediatum
1597 1822 1825 1871 exercet
1852 1812 2149 1874 influxum
2169 1859 2187 1889 a

85 1929 196 1989 qua
223 1907 370 1967 nihil
404 1906 645 1967 validius
663 1907 953 1987 reperitur
979 1904 1053 1963 ad
1076 1906 1286 1964 mentis
1309 1904 1602 1965 illusiones
1632 1907 2017 1986 procreandas
2045 1929 2188 1967 con-
2275 1925 2279 1930 ’

86 2002 498 2083 fovendasque.
532 2000 598 2059 3⁰
639 2002 767 2082 Ipse
802 2022 857 2058 se
885 2002 999 2058 solo
1033 2001 1234 2081 nequit
1269 1998 1515 2083 probare
1549 2001 1919 2083 validamque
1948 2002 2196 2064 reddere

89 2098 425 2171 veritatem,
469 2117 644 2177 quam
691 2095 904 2169 sentit,
941 2095 1158 2176 quippe
1195 2095 1296 2176 qui
1339 2096 1606 2177 proprius
1646 2116 1780 2155 eum
1821 2098 1896 2155 sit
1923 2096 2195 2177 subJecti‚

165 2329 229 2392 (l)
252 2324 425 2394 Ipsum
440 2329 572 2376 enim
586 2327 746 2375 lumen
761 2327 1097 2384 intellectuale,
1188 2329 1267 2375 rit.
1288 2346 1335 2393 q.
1360 2344 1405 2374 ιι
1421 2364 1434 2386 ,
1462 2344 1514 2374 ιιι
1534 2344 1549 2390 ;
1576 2328 1641 2374 ad
1663 2332 1988 2394 conceptiones
2007 2333 2200 2380 univer-

93 2414 157 2459 ait
184 2409 245 2459 D.
266 2410 468 2472 Thema,
499 2409 623 2474 quod
641 2411 777 2458 estin
794 2409 957 2470 nobis,
974 2407 1106 2456 nihil
1189 2407 1341 2465 sales,
1380 2396 1486 2473 quae
1525 2410 1686 2456 statim
1721 2409 1907 2459 lumine
1942 2411 2204 2461 intellectus

94 2500 163 2539 est
204 2491 343 2539 aliud
376 2508 521 2556 quam
557 2490 776 2555 quaedam
803 2492 1103 2556 participata
1189 2492 1375 2555 aqentis
1403 2499 1782 2556 commisceantur,
1814 2509 1908 2558 per
1930 2511 2049 2558 quas
2078 2496 2206 2543 sicut

97 2572 365 2620 similitudo
406 2571 610 2620 luminis
644 2573 881 2632 increati,
921 2573 976 2619 in
1013 2587 1104 2636 quo
1185 2591 1274 2639 per
1299 2571 1596 2621 universalia
1632 2575 1885 2639 principia
1911 2575 2201 2641 judicamus

94 2658 396 2704 continentur
439 2658 646 2704 rationes
695 2665 902 2704 oeternoe.
946 2674 994 2720 p.
1046 2671 1063 2702 ι
1089 2692 1101 2714 ,

97 2757 145 2805 q.
175 2736 272 2801 84,
307 2750 394 2787 art.
427 2738 478 2788 5.
509 2738 589 2786 Ab
614 2740 719 2804 ipso
749 2739 910 2802 (Deo)
933 2739 1106 2786 anima

99 2821 311 2869 humana
350 2821 511 2869 lumen
554 2820 862 2869 intellectuale
896 2821 1106 2886 partici-

99 2913 216 2968 pat,
245 2903 507 2952 secundum
542 2902 663 2950 illud
700 2922 716 2951 .·
748 2900 1006 2967 Siqnatum
1042 2910 1111 2949 est

104 3001 248 3051 super
269 3002 355 3034 nos
382 2984 544 3032 lumen
568 2984 730 3033 vultus
755 2987 851 3040 tui,
879 2984 1107 3032 Domine.

107 3083 155 3129 p.
188 3082 204 3113 ι
229 3103 243 3125 ‚
273 3085 323 3132 q.
350 3083 445 3132 79,
477 3078 561 3115 art.
587 3064 638 3129 4.
669 3066 787 3114 Illud
815 3083 949 3131 porro
971 3065 1116 3114 adno-

111 3148 326 3206 tandum,
353 3166 596 3214 uunquam
623 3148 677 3197 S.
710 3149 937 3196 Thomam
966 3151 1112 3196 scien-

112 3229 219 3274 tiam
258 3245 311 3277 ex
354 3231 588 3278 instinctu
631 3241 708 3278 aut
751 3245 868 3278 caeco
912 3231 1116 3278 interiori

112 3324 248 3355 sensu
279 3321 513 3373 repetere,
558 3313 635 3360 sed
673 3329 850 3376 semper
887 3327 1118 3374 assurgere

119 3389 176 3435 ad
209 3389 506 3454 intelligendi
533 3393 799 3442 facultatem
819 3428 832 3447 ‚
871 3393 931 3440 ad
957 3391 1118 3440 lumen

121 3486 286 3534 nempe
319 3471 654 3535 intellectuale,
685 3476 744 3523 ad
775 3476 984 3522 notitiam
1006 3476 1118 3539 pri-

122 3567 306 3598 morum
317 3553 700 3619 principio-rum,
732 3572 833 3623 quae
861 3557 1124 3622 sunt‘quasi

121 3632 338 3701 quaedam
347 3636 605 3699 seminario
619 3639 948 3701 scientiarum,
964 3638 1044 3687 De
1052 3636 1127 3687 vsss

1193 2655 1249 2702 de
1276 2653 1390 2701 aliis
1407 2690 1425 2716 ‚
1450 2663 1495 2701 et
1523 2671 1578 2702 ea
1596 2658 2028 2720 proecoqnoscimus
2050 2660 2107 2706 in
2124 2661 2206 2724 ip-

1193 2740 1276 2786 sis,
1314 2738 1430 2785 ibid.
1469 2755 1517 2802 q.
1555 2756 1613 2795 x,
1653 2748 1741 2786 art.
1777 2737 1829 2788 6.
1868 2738 1981 2805 Quae
2016 2741 2207 2807 quidem

1196 2821 1377 2886 aliaque
1395 2820 1442 2868 id
1462 2838 1605 2884 genus
1629 2822 1874 2870 innumera
1891 2860 1904 2882 ‚
1932 2840 2032 2888 quae
2053 2821 2208 2872 afferri

1196 2912 1384 2967 possent
1404 2938 1416 2955 ,
1448 2904 1586 2950 etiam
1614 2919 1667 2949 ex
1692 2902 1792 2950 aliis
1811 2903 2072 2953 doctoribus
2105 2922 2214 2953 san-

1198 2986 1372 3049 ctisque
1390 2983 1596 3031 Patribus
1615 3020 1628 3043 ,
1660 2983 1719 3031 ab
1738 2986 1793 3032 iis
1821 2985 2042 3049 perpendi
2068 2985 2213 3035 velle-

1201 3082 1329 3123 mus,
1356 3067 1503 3131 quise
1520 3074 1682 3128 putant
1701 3068 1897 3114 veritatis
1923 3082 2069 3115 causae
2096 3077 2215 3116 tunc

1201 3148 1390 3196 demum
1427 3150 1709 3212 prospexisse
1733 3184 1747 3206 ‚
1780 3165 1887 3196 cum
1926 3148 2214 3197 intellectum

1202 3229 1461 3276 humanum
1477 3264 1489 3286 ‚
1517 3228 1851 3277 nobilissimam
1871 3248 2038 3295 nempe
2054 3242 2216 3296 poten-

1206 3317 1343 3371 tiam,
1383 3312 1622 3375 divinique
1656 3311 1910 3360 intellectus
1941 3315 2212 3378 imaginem,

1208 3411 1304 3441 non
1338 3393 1476 3441 modo
1503 3393 1622 3440 infra
1651 3394 1915 3455 rationem,
1951 3398 2140 3460 perinde
2167 3412 2220 3444 ac

1210 3477 1245 3523 si
1286 3477 1369 3522 ista
1405 3471 1597 3521 realiter
1627 3474 1838 3525 distincta
1873 3476 1932 3524 ab
1963 3477 2043 3524 illo
2072 3487 2217 3535 esset,

1208 3556 1287 3605 sed
1320 3556 1441 3604 infra
1480 3558 1791 3606 instinctivam
1829 3559 2079 3624 quamdam
2112 3575 2217 3607 sen-

1210 3640 1386 3687 sionem
1417 3638 1735 3702 depresserint.
