2502 4134
302 90 419 150 414
911 115 1107 152 raAcT.
1158 118 1224 151 na
1269 117 1419 155 roms
1463 121 1848 161 Tuaozooicm.

296 254 375 317 ab
400 267 633 316 auctore
665 256 793 335 ipso
820 255 980 336 prius
1014 254 1171 316 varie
1195 255 1522 317 modificata
1542 303 1560 332 ‚
1596 259 1836 320 demum
1868 263 2044 324 etiam
2066 308 2081 334 .,
2116 265 2323 324 saltem
2351 287 2422 327 ex

297 362 465 436 parte
485 394 507 422 ,
539 348 850 431 reprobata
885 350 1060 412 fuisse
1099 350 1332 412 videtur
1359 352 1472 434 (l).

385 444 520 504 125.
571 444 674 504 Ast
697 443 868 527 longe
892 445 1161 506 subtilior
1195 457 1283 507 est
1304 446 1712 530 pantheismus
1747 449 2209 531 spiritualisticus
2241 456 2421 536 Hege-

259 542 523 615 ·lianuS.,
562 541 661 622 qui
706 541 983 622 quoniam
1020 564 1298 623 magnum
1342 542 1534 602 adhuc
1575 544 1639 603 in
1669 546 1985 605 Germania
2028 559 2086 608 et
2121 550 2187 610 in
2221 551 2419 611 Galliis

293 634 584 695 influxum
616 647 847 695 exercet
869 681 884 710 .,
914 658 1021 696 nec
1052 659 1265 719 paucos
1292 638 1468 697 etiam
1501 638 1817 700 catholicos
1834 640 2088 700 sinceros
2110 643 2184 704 ad
2211 666 2420 728 quam-

290 731 436 792 dam
479 731 566 790 sui
614 730 1065 792 admirationem
1117 732 1367 793 illexisse
1408 732 1680 810 videtur,
1734 734 2022 795 absonum
2064 736 2220 796 haud
2270 742 2416 816 erit,

294 826 654 887 lineamenta
689 826 897 886 saltem
927 827 1191 909 quaedam
1222 828 1378 888 illius
1406 828 1501 889 hic
1523 829 1843 910 designare.
1874 831 2056 911 Hegel
2078 832 2282 914 itaque
2299 857 2420 896 non

293 934 591 983 naturam
616 968 632 996 .,
667 923 754 981 uti
785 922 1169 1004 Schellingius
1189 970 1204 999 ,
1241 923 1345 984 sed
1385 929 1678 1006 spiritum
1719 927 1784 985 in
1812 929 1933 986 Deo
1965 929 2259 1010 quaesivit3
2298 929 2422 1012 ipse

294 1042 417 1080 non
455 1019 740 1101 spectavit
784 1022 969 1080 Deum
1006 1019 1172 1080 velut
1207 1021 1379 1094 Em,
1409 1021 1568 1103 quod
1591 1022 1789 1082 existit
1816 1022 1890 1082 ab
1927 1034 2145 1083 aeterno
2172 1025 2234 1083 in
2256 1023 2422 1085 abso·

290 1114 418 1175 luta
445 1114 755 1175 identitate
793 1137 894 1174 sua
921 1161 937 1189 ,
991 1115 1093 1175 sed
1135 1115 1318 1176 veluti
1359 1118 1524 1188 Ens‚
1570 1117 1730 1200 quod
1765 1118 2097 1194 evolvitur,
2145 1120 2420 1204 quodque

290 1212 356 1271 in
387 1209 630 1272 diversis
658 1209 829 1288 hujus
859 1231 972 1270 suae
1000 1211 1351 1272 evolationis
1393 1212 1667 1292 gradibus
1710 1213 1969 1274 diversos
2017 1215 2318 1275 constituit
2356 1237 2421 1276 ac

284 1297 651 1369 successivos
679 1306 1000 1366 existentiae
1035 1329 1136 1367 seu
1173 1309 1402 1366 entium
1431 1307 1686 1368 ordines·
1730 1312 1886 1368 Deus
1918 1309 1979 1367 in
2013 1311 2202 1390 loyica
2227 1310 2419 1370 conci-

288 1403 448 1485 pitur
473 1406 544 1462 in
565 1424 658 1474 se,
692 1403 756 1461 in
789 1403 1122 1463 aeternitate
1160 1424 1400 1462 suarum
1449 1405 1834 1463 essentiarum
1862 1403 2414 1464 fundamentalium.

288 1501 426 1575 Ast,
469 1520 604 1559 cum
650 1499 710 1558 in
768 1498 879 1558 hoc
926 1510 1082 1558 statu
1123 1499 1456 1571 consistere„
1484 1521 1605 1558 non
1657 1500 1878 1580 possit,
1923 1521 2155 1560 necesse
2192 1512 2312 1576 est,
2351 1512 2417 1560 ut

282 1616 410 1655 sese
451 1594 688 1656 evolvat
726 1590 901 1654 extra
936 1616 993 1653 se
1049 1595 1111 1653 in
1158 1593 1560 1674 multipliciate
1598 1605 1837 1672 externa
1890 1595 2118 1655 entium
2157 1606 2415 1673 naturae3

285 1688 425 1750 hinc
457 1688 711 1750 habetur
744 1689 1131 1770 philosophia
1177 1699 1440 1749 nacuroe.
1490 1683 1704 1749 Verum
1739 1710 1931 1771 neque
1963 1701 2156 1771 potest
2199 1691 2261 1749 in
2304 1690 2416 1750 hoc

286 1798 442 1846 statu
481 1788 904 1845 &exterioritatis
947 1805 1011 1843 ac
1055 1783 1413 1842 transitionis
1450 1781 1798 1861 subsistere3
1839 1783 1941 1843 sed
1989 1805 2133 1866 opus
2165 1795 2253 1844 est
2274 1829 2290 1859 ,
2349 1796 2415 1845 ut

285 1903 357 1942 ex
383 1881 491 1940 hac
527 1879 961 1962 multiplicitate
993 1901 1054 1939 se
1084 1880 1299 1938 iterum
1327 1878 1568 1961 recipiat
1608 1880 1669 1937 in
1709 1879 1997 1938 unitatem
2029 1879 2118 1938 sui
2160 1902 2280 1941 esse
2300 1924 2318 1955 ‚
2356 1890 2415 1941 et

285 1980 557 2059 Spiritus
606 1976 851 2051 evadat3
901 1975 1113 2035 exinde
1150 1976 1336 2034 oritur
1368 1975 1752 2055 philosophia
1787 1978 2064 2055 spiritus.
2100 1976 2263 2034 Tunc
2301 1975 2411 2035 de·

286 2096 451 2134 mum
494 2075 608 2134 Ens
660 2072 995 2132 absolutum
1039 2071 1287 2153 acquirit
1326 2071 1760 2151 cognitionem,
1818 2074 2245 2131 conscientiam
2277 2075 2412 2149 sui,

286 2171 469 2253 fitque
521 2169 902 2252 personalitas
954 2169 1201 2226 infinita.
1242 2166 1395 2226 Talis
1438 2178 1527 2227 est
1574 2167 1857 2228 Trinitas.
1902 2169 2090 2247 logica
2121 2173 2411 2227 continu-a

285 2266 527 2347 Hegelii.
583 2267 735 2325 Deus
791 2264 902 2323 hoc
929 2262 1111 2344 logico
1154 2283 1428 2345 processu
1464 2263 1626 2345 prius
1662 2284 1763 2323 seu
1805 2264 2149 2323 immediate
2187 2262 2411 2324 revelat

284 2384 345 2422 se
373 2373 599 2422 naturae
640 2361 957 2433 universae,
995 2359 1208 2420 deinde
1245 2364 1652 2420 immanenter
1681 2361 1743 2420 in
1781 2360 2033 2420 hominis
2061 2362 2411 2421 conscientia

284 2469 344 2519 et
356 2457 453 2517 hic
469 2479 530 2518 se
552 2456 843 2540 complet3
870 2457 950 2515 ita
970 2467 1037 2515 ut
1051 2467 1386 2526 ,asserente
1402 2455 1639 2537 Hegelio
1655 2500 1671 2531 ,
1697 2459 1825 2517 sine
1849 2458 2086 2516 homine
2109 2467 2163 2516 ei
2182 2458 2409 2516 mundo

285 2557 454 2615 Deus
481 2555 808 2636 completus
839 2575 959 2613 non
986 2564 1160 2624 esset,
1189 2575 1375 2633 neque
1393 2554 1594 2612 adhue
1618 2564 1760 2612 esset
1779 2555 1942 2613 Deus
1961 2553 2070 2633 (2).
2095 2551 2407 2613 Pantheis-

285 2672 415 2710 mus
452 2650 629 2730 hujus
664 2650 991 2732 systematis
1020 2648 1263 2709 evidens
1306 2660 1396 2710 est
1417 2695 1433 2723 ,
1468 2649 1612 2731 quin
1648 2647 1816 2708 illum
1863 2647 2126 2731 pluribus
2162 2648 2400 2710 evinca-

284 2769 415 2808 mus
443 2746 554 2827 (3).

350 2968 414 3031 (l)
451 2967 520 3018 De
577 2970 714 3016 variis
765 2968 893 3016 hisce
947 2966 1299 3032 Schellingianae
1385 2966 1442 3014 de
1481 2981 1554 3013 ses
1591 2966 1967 3030 emeiqnemens.
2019 2962 2146 3011 C’est
2191 2961 2402 3010 altachen-

283 3050 502 3100 doctrinae
549 3051 727 3101 vicibus
747 3088 761 3110 ‚
809 3059 970 3115 praeter
1017 3051 1185 3097 Revue
1234 3048 1302 3097 du
1375 3064 1476 3115 peu
1510 3046 1854 3114 d’importance
1887 3048 1918 3095 ὰ
1955 3045 2002 3097 la
2040 3046 2186 3093 verite
2222 3062 2310 3109 que
2343 3045 2402 3093 de

284 3133 449 3195 Νονά,
474 3134 597 3183 Paris
630 3131 785 3193 1835,
815 3133 998 3182 Amand
1025 3131 1227 3193 Saintes,
1250 3135 1301 3180 in
1382 3129 1547 3179 tarder
1577 3130 1608 3178 ὰ
1638 3146 1699 3178 en
1735 3130 1862 3195 faire
1886 3129 2034 3196 j0uir
2064 3144 2184 3176 ceux
2220 3128 2308 3192 qui
2342 3143 2403 3174 ne

284 3212 505 3263 Histoire
542 3217 748 3280 critique
781 3214 849 3262 du
881 3204 1209 3262 rationalis‘me
1240 3229 1300 3260 en
1379 3214 1590 3280 peuoent
1617 3213 1726 3261 bien
1750 3214 1883 3260 vivre
1907 3227 1998 3276 que
2018 3226 2112 3275 par
2136 3210 2239 3259 elle.

282 3295 597 3362 Allemaqne‚
644 3296 771 3345 Paris
817 3291 937 3360 1841
962 3333 976 3356 ,
1012 3313 1117 3361 pag.
1162 3292 1294 3358 324,
1450 3298 1516 3362 (2)
1555 3295 1743 3362 Heqel's
1775 3294 2023 3358 Reliyi'ons
2059 3293 2394 3361 philosophie,

282 3382 383 3431 haec
405 3380 550 3430 habet
574 3398 588 3430 ε
610 3380 756 3428 Dans
785 3381 837 3429 la
859 3382 980 3428 suite
1005 3379 1052 3426 la
1082 3379 1300 3428 doctrine
1381 3398 1460 3430 seu
1479 3377 1787 3445 Philosophia
1800 3376 2066 3441 reliyionis,
2087 3388 2316 3444 opp.tom.
2333 3394 2397 3437 xi,

283 3465 341 3513 de
368 3462 611 3528 Schellinq
641 3480 671 3510 a
697 3464 807 3510 subi
832 3463 1039 3512 diverses
1067 3461 1299 3526 transfor-
1382 3479 1485 3527 pag.
1527 3458 1618 3523 140
1636 3498 1649 3518 ‚
1688 3470 1803 3508 tom.
1835 3476 1895 3507 xn
1921 3496 1934 3522 ‚
1961 3478 2068 3526 pag.
2104 3458 2186 3508 151
2213 3469 2260 3509 et
2281 3459 2396 3508 330.

284 3553 525 3607 mations‚·
557 3562 619 3594 on
652 3562 816 3594 assare
839 3544 967 3610 qu'il
995 3562 1056 3594 ne
1084 3544 1301 3593 donnera
1453 3542 1519 3607 (3)
1574 3542 1643 3591 En
1707 3542 1819 3609 quid
1882 3541 2188 3592 Germanicus
2247 3552 2401 3590 auctor

281 3630 390 3694 qu’ii
421 3629 468 3677 la
492 3629 566 3692 fin
594 3628 650 3675 de
670 3630 898 3692 sesjours
918 3627 959 3676 Ie
988 3627 1184 3675 dernier
1209 3633 1305 3674 mot
1385 3625 1559 3675 Weisse
1581 3663 1594 3684 ,
1641 3644 1665 3674 a
1716 3625 1890 3675 Baltzer
1920 3627 2119 3687 relatus,
2163 3625 2302 3675 habet
2344 3623 2400 3671 de
