2502 4134
251 155 371 214 504

871 176 1069 214 TRACT.
1114 177 1184 213 DE
1227 177 1378 215 LOCIS
1421 177 1806 220 THEOLOGICIS.

334 322 477 381 241.
530 320 618 380 Ad
648 321 759 394 2¹¹¹,
798 320 912 393 Qui
939 321 1133 379 conati
1170 331 1311 379 sunt
1340 320 1714 403 emancipare
1743 325 2155 403 cogitationem
2196 325 2392 407 philo—

253 417 552 500 sophicam
570 437 601 473 a
615 419 757 493 jugo
781 416 1144 476 auctoritatis
1165 462 1181 490 ,
1212 417 1367 475 Dist.
1397 414 1855 498 Philosophicae,
1881 430 2100 491 trans.;
2138 421 2354 481 divinae
2375 466 2391 495 ‚

252 536 381 593 neq.
418 510 516 571 Nil
563 522 766 570 nostra
808 511 1022 588 refert,
1071 510 1362 594 quidquid
1399 511 1476 570 ad
1522 513 1679 574 varia
1717 512 2200 595 philosophorum
2241 517 2394 597 dog-

254 609 603 668 maticorum
641 606 855 688 placita
904 619 1164 690 speetat3
1211 630 1314 667 sua
1343 608 1465 666 sint
1495 620 1666 668 rectae
1702 609 1917 668 rationi
1942 611 2168 690 integra
2201 614 2263 672 in
2285 613 2397 672 hoc

246 709 400 783 jura.
419 706 542 768 ,Ast
567 705 977 784 cogitationem
1007 704 1478 786 philosophicam
1504 703 1579 764 ab
1616 707 1963 766 auctoritate
1995 705 2197 767 divina
2225 731 2396 770 reve-

254 801 445 876 lante,
503 822 568 859 ac
621 801 934 860 veritatem
986 800 1365 861 revelationis
1420 820 1535 860 suae
1590 811 1680 860 tot
1724 802 2085 882 argumentis
2141 801 2398 863 indubiis

255 908 547 971 testante,
605 897 1009 979 emancipare,
1068 918 1192 956 non
1245 895 1443 971 laudi,
1495 895 1599 955 sed
1652 918 1866 978 magno
1922 898 2183 956 rationis«
2217 898 2399 980 ipsius

257 987 734 1076 philosophantis
774 991 995 1075 probro
1015 1014 1099 1080 ,ac
1130 992 1492 1052 detrimento
1520 1003 1632 1052 est.
1664 994 1774 1066 Qui
1806 994 1968 1053 enim
1997 993 2078 1053 ita
2107 991 2401 1076 procedit,

256 1090 626 1150 rationabile
638 1090 895 1169 officium
912 1136 930 1160 ,
950 1111 1067 1171 quo
1093 1090 1154 1148 in
1170 1089 1442 1150 divinum
1462 1101 1760 1150 auctorem
1785 1112 1955 1151 suum
1982 1090 2369 1174 obstringitur
2385 1135 2402 1166 ,

257 1185 637 1269 pessumdat3
681 1186 915 1248 veritati
940 1185 1242 1267 affulgenti
1281 1208 1342 1246 se
1368 1185 1699 1260 subtrabit3
1737 1186 2217 1247 sublimissimam
2240 1187 2406 1249 illam

259 1283 659 1363 cognitionum
698 1293 967 1364 partem,
1018 1305 1148 1365 quae
1193 1283 1485 1342 rationem
1525 1284 1714 1365 ipsam
1759 1306 1936 1365 supra
1975 1306 2037 1344 se
2075 1283 2407 1357 extollunt,

259 1378 561 1439 recondita
593 1378 985 1438 humanitatis
1013 1380 1287 1461 Mysteria
1318 1379 1679 1461 patefaciunt
1700 1427 1714 1455 7
1760 1402 1961 1441 veram
1992 1381 2250 1441 hominis
2273 1380 2409 1441 des-

261 1476 615 1536 tinationem
638 1476 914 1558 aperiunt
941 1521 956 1549 ,
982 1475 1290 1558 physicum
1308 1521 1325 1552 ,
1356 1475 1820 1536 intellectualem
1845 1498 1908 1535 ac
1934 1476 2217 1536 moralem
2247 1476 2409 1536 ordi·

262 1593 404 1631 nem
443 1572 593 1631 miro
646 1572 802 1632 inter
834 1593 895 1632 se
926 1593 1083 1630 nexu
1118 1570 1459 1653 copulatum
1500 1572 1858 1646 ostendunt,
1890 1594 1920 1630 a
1965 1593 2026 1632 se
2063 1571 2408 1632 stultissime

263 1668 489 1747 reiicit,
530 1680 590 1728 et
619 1668 682 1726 in
720 1669 858 1751 ipsis
899 1667 1014 1726 illis
1044 1666 1426 1742 veritatibuS,
1456 1688 1600 1749 quas
1635 1667 1783 1726 ratio
1818 1688 1923 1749 per
1960 1689 2022 1727 se
2064 1688 2408 1748 cognoscere

263 1776 488 1847 posset,
525 1764 626 1823 sed
675 1786 806 1846 quae
843 1764 1068 1822 firmius
1106 1774 1166 1822 et
1206 1763 1445 1822 uberius
1487 1785 1520 1821 a
1559 1762 1918 1822 revelatione
1961 1761 2190 1822 traditae
2232 1775 2407 1839 sunt,

261 1862 481 1921 iterum
506 1859 754 1920 fluctuat
777 1871 952 1941 atque
975 1859 1223 1918 caecutit.
1261 1857 1329 1916 Id
1357 1879 1531 1939 porro
1552 1855 1915 1938 lacrymabili
1933 1878 2073 1917 sane
2103 1856 2208 1917 sed
2237 1857 2414 1917 lucu·-

260 1956 429 2017 lento
497 1955 771 2039 exemplo
830 1976 1034 2016 recens
1106 1955 1415 2016 neotericae
1477 1952 2093 2038 pseudophilosophiae
2156 1953 2415 2014 ostendit

264 2053 509 2113 historia
548 2055 661 2134 (l).

349 2150 492 2211 242.
544 2151 632 2210 Ad
662 2149 770 2226 3¹1¹,
797 2150 948 2231 Ney.
978 2149 1042 2208 in
1080 2153 1257 2210 sensu
1281 2148 1774 2211 adversariorum.
1809 2148 2024 2228 Utique
2065 2169 2134 2208 ea
2172 2146 2292 2207 sola
2326 2159 2416 2208 est

267 2247 604 2308 obedientia
628 2245 1026 2322 rationabilis,
1067 2269 1182 2330 qua
1225 2247 1375 2306 ratio
1406 2245 1630 2326 legibus
1658 2246 1946 2327 certisque
1975 2244 2277 2327 principiis
2298 2244 2416 2304 suis

269 2344 674 2427 obtemperat3
707 2343 811 2403 sed
834 2365 980 2402 num
1010 2342 1165 2423 leges
1192 2354 1467 2425 certaque
1491 2341 1732 2401 rationis
1754 2342 2040 2425 principia
2072 2352 2417 2424 exposcunt,

266 2454 335 2502 ut
369 2463 436 2503 ea
467 2440 589 2501 sola
620 2463 729 2523 pro
754 2441 909 2501 veris
931 2439 1148 2499 habeat
1182 2440 1332 2499 ratio
1353 2485 1369 2515 ,
1408 2460 1538 2522 quae
1576 2442 1903 2498 intrinsece
1935 2437 2095 2502 videt
2131 2460 2197 2498 ac
2237 2436 2418 2497 intel·-

266 2539 432 2622 ligit,
471 2550 574 2600 aut
611 2538 872 2600 externis
914 2536 1182 2598 sensibus
1224 2538 1314 2597 sui
1349 2535 1640 2620 usurpat?
1683 2537 1842 2595 Num
1883 2535 1979 2595 lex
2019 2535 2261 2595 rationis
2289 2555 2419 2595 cer·

340 2790 406 2855 (Ι)
445 2790 610 2839 Merito
635 2790 715 2839 hic
746 2789 1212 2839 commemorandum
1238 2800 1305 2838 est

274 2880 507 2944 egregium
524 2893 641 2942 opus
667 2874 741 2924 Cl.
759 2873 1033 2923 D.Severini
1054 2873 1273 2922 Fabriani
1288 2911 1302 2933 ,

270 2965 352 3013 La
381 2959 619 3026 reliqione
642 2959 885 3006 cristiana
913 2956 1197 3004 dimo-strata
1212 2973 1307 3022 per

270 3044 318 3093 la
371 3052 551 3092 natura
609 3041 680 3089 ἅθ’
730 3042 840 3089 suoi
897 3041 1088 3088 misteri
1115 3075 1131 3100 ,
1199 3038 1303 3087 Mo·

272 3129 391 3177 dena
428 3124 716 3193 1828·1837
734 3161 748 3184 ‚
770 3127 821 3172 in
846 3133 1049 3191 quatuor
1066 3132 1214 3187 partes
1233 3122 1305 3170 di-

268 3213 421 3260 visum
445 3249 459 3272 ,
496 3215 545 3259 in
581 3210 753 3277 quibus
790 3209 890 3256 haec
934 3210 1111 3257 invicte
1153 3217 1306 3256 osten-

270 3294 423 3343 denda
456 3295 772 3358 suscipiuntur
798 3309 812 3340 :
838 3289 982 3339 Nella
999 3292 1197 3356 prima,
1220 3287 1305 3337 che

271 3379 386 3426 tutti
411 3378 434 3424 i
467 3377 657 3424 sistenti
683 3375 738 3422 cli
771 3373 1006 3439 reliqione
1035 3390 1061 3422 ο
1095 3371 1306 3420 d'incre-

270 3459 429 3509 dulit&
462 3459 703 3507 inventrici
731 3456 868 3524 daqli
891 3457 1086 3505 nomini
1114 3464 1307 3504 conten-

267 3559 392 3610 qono
420 3542 609 3590 vnisteri
625 3575 641 3602 ,
684 3543 706 3589 i
738 3540 879 3605 quali
911 3556 1002 3588 con
1032 3537 1075 3587 le
1105 3537 1202 3586 loro
1225 3554 1306 3585 αε-

190 3641 192 3643 ·
266 3626 458 3675 sardini
511 3622 764 3692 offendono
814 3622 1032 3671 l’umana
1079 3622 1300 3687 raqione.

265 3708 409 3760 Nella
440 3706 673 3769 soconda,
715 3704 799 3754 che
836 3708 951 3755 tutti
981 3707 1004 3754 i
1033 3706 1220 3754 aiseemi
1250 3703 1306 3752 di

1387 2788 1622 2856 reliqiono
1650 2806 1676 2836 e
1699 2788 1747 2835 d’
1761 2787 2059 2837 incredulitci
2078 2786 2316 2837 invenienti
2330 2785 2421 2833 da-

1385 2873 1459 2940 qli
1485 2874 1682 2922 aornim·
1710 2881 2004 2937 contenyono
2028 2873 2220 2920 misceri
2243 2872 2267 2919 i
2280 2867 2418 2935 quali

1385 2956 1502 3005 colle
1535 2955 1633 3003 loro
1672 2972 1994 3020 consequenze
2030 2967 2338 3019 con-rompono
2368 2950 2417 3000 Ia
2484 2950 2489 2955 ”

1387 3039 1585 3088 morale.
1611 3038 1755 3088 Nella
1780 3049 1945 3100 terza,
1980 3038 2064 3088 che
2096 3036 2195 3085 sola
2225 3035 2273 3085 la
2301 3034 2416 3084 reli-

1385 3124 1530 3188 qione
1579 3124 1820 3170 cristiana
1870 3123 2086 3171 conciente
2133 3119 2322 3166 minari
2339 3154 2356 3179 ,
2399 3119 2419 3165 i

1386 3206 1524 3272 quali
1555 3207 1722 3254 invene
1760 3206 1817 3254 di
1845 3204 2108 3272 offendere,
2140 3201 2419 3251 sublimano

1387 3288 1606 3337 l'umana
1649 3290 1867 3354 raqione.
1914 3285 2057 3335 Nella
2099 3294 2300 3350 quarta,
2334 3285 2420 3333 che

1388 3370 1489 3420 sola
1507 3370 1554 3419 la
1573 3369 1782 3435 religion
1808 3370 2046 3417 cristiana
2071 3368 2292 3415 contione
2308 3367 2426 3414 mis-
2458 3396 2460 3399 -

1390 3456 1509 3515 teri,
1533 3452 1707 3518 iquali
1733 3454 1896 3500 invece
1920 3451 1976 3499 di
2003 3465 2300 3516 corrompero
2311 3465 2423 3516 per-

1384 3539 1653 3604 sbzionano
1685 3534 1734 3582 Ia
1766 3534 1961 3585 morale.
2001 3534 2118 3584 Vid.
2157 3531 2417 3584 Introdux-

1384 3638 1496 3687 pag.
1524 3617 1560 3668 6
1586 3630 1630 3668 et
1654 3636 1785 3685 seqq.
