2502 4134
284 114 403 194 230

791 186 797 191 ,
880 157 1078 195 ΤΒΔΟΤ.
1127 160 1197 195 1)ss
1242 160 1391 199 noc-Is
1436 165 1817 204 THEOLOGICIS·

283 300 558 361 omnibus
588 299 764 358 fuerit
802 298 1145 360 admissum.
1185 296 1312 361 Hoc
1348 303 1772 369 illustravimus
1820 310 2092 393 exemplo
2132 314 2315 393 petito
2348 336 2420 375 ex

280 395 446 456 libris
493 395 1093 473 deutero-canonicis,
1141 396 1353 479 quibus
1396 412 1552 460 certe
1598 401 1693 461 hic
1737 424 1926 464 canon
1967 407 2247 489 applicari
2296 431 2419 469 non

281 500 511 574 potest3
550 502 815 551 attamen
852 491 937 552 uti
973 493 1238 553 canonici
1268 515 1333 554 ac
1360 494 1547 557 divini
1571 519 1731 557 nunc
1758 497 1832 558 ab
1862 500 2108 563 Ecclesia
2138 503 2420 565 catholica

280 585 579 646 hahentur
603 586 715 668 (1).

353 778 423 842 (1)
461 777 561 827 Cfr.
593 796 697 846 quae
721 782 988 846 scripsimus
1009 782 1068 830 de
1087 782 1179 831 hoc
1199 781 1318 831 Vin-

283 862 502 909 centiano
518 861 656 910 effato
669 899 683 921 ‚
704 863 753 910 in
775 871 912 913 tract.
934 862 1013 911 De
1030 880 1142 912 vera
1159 864 1317 931 Reliq.

282 952 400 1009 part.
411 958 467 1003 11,
485 960 619 1010 prop.
636 959 708 1006 ιιι,
731 963 782 996 ιι.
798 942 882 1006 56,
899 944 1190 1011 p.228,cum
1208 958 1316 997 nota

284 1029 514 1091 apposita.
531 1025 764 1092 Quoniam
786 1047 894 1078 vero
915 1030 1202 1079 adversarius
1228 1049 1315 1080 no·

281 1109 355 1157 his
381 1109 555 1176 objecit
583 1113 903 1161 auctoritatem
930 1111 1168 1162 Vincentii
1200 1114 1317 1163 Liri-

282 1196 440 1243 nensis
466 1231 480 1255 ,
537 1205 591 1244 ut
642 1195 790 1245 solam
832 1194 1120 1262 Scripturam
1170 1200 1314 1249 veluti

282 1278 625 1326 credendorum
654 1278 941 1344 adaequatam
966 1281 1173 1346 regulam
1203 1300 1317 1331 con-

285 1363 471 1420 stituat,
496 1358 632 1410 liceat
654 1362 791 1411 nobis
816 1365 956 1412 etiam
979 1364 1180 1429 proferre
1198 1364 1316 1413 Vin-

284 1446 425 1493 centii
445 1445 615 1506 verba,
637 1446 811 1512 quibus
841 1447 1126 1496 adversarius
1154 1448 1314 1497 obrui-

284 1535 379 1575 tur.
412 1522 492 1575 Sic
522 1528 662 1591 igitur
696 1530 748 1576 in
784 1530 865 1577 cit.
899 1527 1310 1592 Commonitorio,

283 1624 391 1673 cap.
418 1625 512 1656 xxv
530 1646 544 1669 ‚
578 1609 741 1657 scribit
759 1627 772 1658 :
790 1609 896 1659 Hic
907 1611 1110 1674 fhrtasse
1133 1611 1315 1678 aliquis

282 1690 564 1753 interroqet,
582 1707 649 1738 an
666 1699 711 1739 et
723 1690 944 1740 haeretici
957 1691 1140 1741 divinae
1148 1691 1316 1760 Scrip-

281 1780 408 1821 turae
454 1774 739 1820 testimoniis
789 1775 1039 1822 utantur!a
1092 1774 1316 1824 Utuntur

275 1853 428 1921 plane
444 1889 459 1915 ,
508 1863 553 1903 et
594 1855 894 1904 vehementer
924 1857 1138 1921 quidem.
1180 1858 1311 1907 Nam

284 1936 451 1985 videas
483 1954 559 1986 eos
590 1937 747 1987 volare
773 1955 864 2003 per
888 1938 1085 2005 sinqula
1113 1958 1312 2007 quaeque

284 2028 465 2068 sanctoe
501 2019 620 2085 leyis
655 2020 940 2081 volumina,
961 2039 1054 2088 per
1089 2021 1309 2089 Moysis,

277 2117 372 2167 per
399 2100 583 2166 Requm
614 2102 760 2150 libros
779 2139 793 2162 ,
817 2120 910 2169 per
944 2103 1194 2166 Psalmos,
1219 2122 1314 2172 per

285 2182 541 2249 Apostolos
558 2221 573 2245 ,
608 2201 698 2250 per
731 2184 782 2232 E
785 2185 1007 2250 vanqelia
1023 2223 1039 2248 ‚
1068 2205 1163 2253 per
1186 2188 1312 2237 Pro-

277 2265 469 2332 phetas.
515 2267 630 2316 Sive
673 2270 805 2316 enim
854 2269 988 2334 apud
1033 2287 1144 2317 suos
1162 2307 1174 2325 ,
1210 2273 1312 2320 sive

285 2350 472 2400 alienos
488 2386 504 2414 ,
529 2353 628 2400 sive
647 2343 890 2418 privatim
909 2392 922 2413 ‚
959 2356 1061 2402 sive
1084 2354 1306 2419 publice,

285 2435 387 2483 sive
401 2435 458 2482 in
474 2436 774 2484 sermonibus
787 2471 802 2495 ,
825 2438 925 2484 sive
944 2437 1001 2484 in
1018 2436 1186 2499 libris,
1208 2439 1311 2486 sive

282 2518 341 2565 in
361 2520 625 2579 conviviis,
648 2521 749 2567 sive
768 2521 825 2567 in
836 2519 1043 2585 plateis,
1069 2518 1200 2567 nihil
1214 2537 1311 2568 un-

282 2616 428 2665 quam
448 2619 574 2667 pene
591 2602 648 2650 de
663 2619 751 2652 suo
762 2603 1022 2668 proferunt
1031 2640 1047 2666 ‚
1068 2604 1195 2669 quod
1209 2621 1309 2653 non

283 2684 429 2731 etiam
455 2683 722 2751 Scripturoe
742 2686 900 2735 verbis
922 2685 1213 2734 adumbrare
1230 2703 1310 2736 co-

284 2774 523 2818 nentur...
557 2767 681 2816 Cum
711 2771 939 2835 coeperint
970 2768 1168 2817 divinas
1202 2769 1311 2818 illas

285 2865 419 2897 voces
452 2867 551 2898 non
570 2853 686 2918 jam
714 2849 932 2919 proferre
969 2861 1157 2900 tantum
1175 2890 1190 2908 ,
1228 2853 1312 2901 sed

282 2933 428 2980 etiam
443 2934 772 3001 interpretari,
782 2944 899 2983 tunc
909 2935 1184 2983 amaritudo
1198 2933 1308 2997 illa,

284 3021 401 3063 tunc
435 3015 701 3074 acerbitas,
735 3028 853 3065 tune
885 3017 1044 3065 rabies
1072 3016 1311 3083 intelliqe·

283 3103 390 3157 tur,
425 3105 540 3147 tunc
561 3101 800 3148 novitium
821 3101 956 3148 virus
973 3099 1280 3148 exhalabitur
1288 3118 1311 3162 ,-

281 3186 400 3225 tunc
436 3182 659 3244 primum
705 3182 870 3230 scindi
911 3199 1066 3247 sepem
1113 3182 1277 3230 videas
1294 3220 1307 3239 ,

281 3267 397 3307 tunc
420 3263 678 3327 transferri
693 3262 898 3313 Patrum
917 3265 1147 3312 terminos
1157 3285 1176 3322 ;
1193 3274 1311 3314 tuno

279 3341 571 3390 catholicam
588 3346 733 3408 fidem
754 3347 899 3408 caedi,
926 3355 1042 3394 tunc
1066 3346 1311 3394 ecclesias-

280 3425 430 3471 ticum
468 3426 637 3491 doqma
678 3428 950 3480 lacerari...
1000 3429 1133 3479 Nam
1177 3432 1308 3479 sicut

281 3515 398 3557 tunc
415 3518 563 3576 caput
580 3510 853 3578 (Diabolus)
870 3516 1026 3580 capiti
1044 3513 1306 3579 (Christo),

278 3590 352 3638 ita
378 3608 514 3640 nunc
536 3610 718 3658 quoque
748 3596 960 3644 membra
989 3596 1216 3644 membris
1239 3596 1305 3646 lo-

280 3683 516 3737 quuntur,
532 3676 742 3725 membra
761 3677 944 3728 scilicet
958 3677 1141 3728 diaboli
1156 3697 1302 3727 mem-

1399 783 1500 832 bris
1529 784 1740 847 Christi,
1771 786 1953 853 perfidi
1975 787 2235 852 fidelibus,
2263 797 2418 842 sacri·

1399 864 1496 931 leqi
1516 867 1754 933 reliqr’osis
1772 906 1788 931 ‚
1828 869 2050 919 hoeretici
2070 878 2310 938 postremo
2341 893 2422 925 cae

1397 947 1608 998 tholicis.
1632 951 1727 998 Sed
1747 951 1866 1016 quid
1885 953 2074 1001 tandem
2097 954 2310 1003 dicunt?
2333 955 2420 1020 Si,

1398 1033 1582 1096 inquit,
1598 1033 1733 1095 filius
1750 1032 1854 1082 Dei
1866 1051 1937 1095 es,
1962 1037 2094 1083 mitte
2107 1047 2152 1085 te
2168 1036 2389 1086 deorsum
2404 1075 2421 1100 ,

1399 1114 1487 1163 hoc
1508 1123 1606 1177 est,
1639 1117 1685 1163 si
1707 1115 1846 1179 filius
1871 1134 1970 1166 esse
1996 1120 2071 1166 vis
2101 1117 2222 1181 Dei,
2254 1129 2299 1168 et
2326 1121 2423 1169 hoe-

1398 1197 1648 1246 reditatem
1663 1201 1802 1264 reqni
1813 1199 2016 1249 coelestis
2033 1203 2247 1267 accipere
2256 1238 2274 1265 ,
2292 1205 2426 1251 mitte

1398 1287 1442 1328 te
1467 1280 1720 1340 deorsum,
1749 1282 1803 1330 id
1830 1292 1926 1344 est,
1958 1301 2017 1332 ex
2039 1285 2184 1331 istius
2208 1294 2252 1332 te
2271 1284 2425 1333 subli-

1397 1365 1492 1411 mis
1507 1362 1740 1414 Ecclesiae
1752 1400 1767 1426 ,
1793 1383 1900 1431 quoe
1914 1369 2057 1415 etiam
2085 1367 2312 1434 templum
2329 1366 2427 1416 Dei

1390 1454 1622 1512 putatur,
1640 1447 1861 1496 doctrina
1877 1456 1923 1496 et
1940 1449 2199 1498 traditione
2214 1450 2422 1500 dimitte.

1398 1528 1475 1577 Ac
1501 1531 1673 1595 siquis
1693 1533 1951 1597 interroyet
1967 1534 2242 1599 quempiam
2270 1532 2423 1581 haere-

1395 1613 1601 1660 ticorum
1618 1613 1717 1659 sibi
1728 1613 1846 1662 talia
1855 1609 2226 1680 persuadentem
2241 1633 2258 1664 .·
2284 1614 2426 1665 Unde

1388 1693 1596 1760 probas,
1635 1694 1766 1743 unde
1802 1695 1970 1757 doces,
2019 1696 2147 1762 quod
2190 1694 2425 1747 Ecclesiae

1395 1775 1642 1825 catholicae
1668 1778 1991 1826 universalem
2017 1784 2064 1827 et
2088 1780 2341 1844 antiquam
2360 1781 2425 1844 fi-

1396 1857 1504 1905 dem
1549 1858 1791 1908 dimittere
1828 1860 2055 1924 debeam,
2090 1864 2253 1910 statim
2294 1861 2374 1912 ille
2404 1882 2423 1912 .-

1395 1939 1647 2010 Scriptum
1674 1951 1745 1992 est
1772 1946 1925 1995 enim.
1952 1943 2022 1996 Et
2037 1947 2266 1994 continuo
2292 1945 2422 1995 mille

1394 2027 1697 2085 testi-monia,
1733 2026 1864 2076 mille
1881 2027 2120 2094 exempla,
2150 2027 2279 2076 mille
2300 2045 2419 2076 auc-

1396 2110 1611 2156 toritates
1626 2118 1778 2176 parat
1805 2110 1863 2157 de
1886 2110 2014 2174 Leqe
2030 2146 2047 2172 ,
2083 2110 2139 2157 de
2169 2109 2387 2158 Psalmis
2402 2146 2419 2173 ‚

1396 2189 1455 2237 de
1490 2190 1736 2256 Apo-stolis
1753 2229 1770 2254 ,
1811 2192 1869 2240 de
1911 2188 2194 2257 Prophetis,
2248 2193 2426 2258 quibus

1395 2289 1517 2322 novo
1547 2283 1592 2322 et
1628 2274 1755 2322 malo
1792 2274 1930 2322 modo
1964 2276 2325 2341 interpretatis,
2367 2293 2428 2324 eat

1395 2371 1505 2402 arce
1534 2355 1770 2404 catholica
1798 2358 1856 2404 in
1883 2356 2113 2405 hoereseos
2140 2357 2426 2407 barathrum

1395 2437 1572 2502 infelix
1590 2441 1760 2487 anima
1777 2442 2136 2505 praecipitetur.
2153 2441 2327 2490 Totum
2342 2443 2426 2492 de-

1396 2522 1533 2571 scribi
1559 2523 1748 2572 deberet
1763 2560 1776 2579 ,
1801 2527 1838 2572 si
1861 2526 2019 2572 omnia
2036 2561 2049 2585 ,
2077 2541 2183 2591 quae
2205 2525 2422 2590 pulcher-

1397 2608 1515 2655 rime
1559 2606 1701 2656 habet
1741 2607 2017 2657 Vincentius
2055 2608 2113 2656 de
2155 2610 2426 2660 necessitate

1397 2690 1659 2740 adhaerendi
1679 2691 1917 2740 catholicae
1931 2691 2147 2740 Ecclesiae
2161 2690 2423 2742 Traditioni

1397 2783 1442 2820 et
1483 2773 1707 2822 doetrinae
1725 2810 1740 2833 ‚
1784 2773 1947 2823 afferre
1989 2776 2093 2840 quis
2140 2775 2297 2823 vellet.
2332 2774 2424 2823 Hic

1395 2872 1504 2903 vero
1538 2858 1752 2904 omittere
1800 2874 1895 2904 non
1939 2874 2182 2922 possumus
2202 2893 2216 2915 ,
2263 2872 2423 2905 recens

1396 2954 1509 3000 opus
1542 2955 1567 2984 a
1590 2936 1812 2985 Newman
1838 2939 2016 2986 editum
2042 2937 2129 2986 sub
2155 2939 2290 2985 titulo
2318 2937 2424 2987 The

1403 3017 1600 3068 Church
1630 3019 1692 3082 of
1706 3017 1783 3066 the
1813 3019 2050 3075 Fathers,
2090 3037 2170 3068 seu
2199 3016 2422 3068 Ecclesia

1398 3101 1633 3157 Patrum‚
1667 3100 1872 3151 Londin.
1910 3099 2038 3164 1840
2058 3139 2072 3161 ,
2103 3104 2154 3149 in
2187 3119 2281 3166 quo
2309 3121 2418 3151 cum

1397 3183 1596 3248 plurima
1633 3183 1691 3234 de
1725 3183 2003 3232 Traditionis
2034 3187 2303 3233 auctoritate
2335 3186 2420 3234 ha-

1394 3265 1505 3325 bet,
1536 3277 1637 3314 tum
1670 3268 1917 3330 praesertim
1947 3268 2178 3329 integrum
2208 3278 2346 3332 caput
2374 3268 2417 3317 X
2475 3321 2478 3324 ,

1395 3348 1454 3397 de
1491 3347 1735 3396 Vincentio
1767 3347 2026 3408 Lirinensi,
2063 3353 2259 3415 ejusque
2300 3352 2419 3398 circa

1389 3430 1708 3480 Traditionem
1751 3430 1994 3489 doctrina,
2034 3449 2141 3497 pag.
2178 3430 2419 3499 165-196.

1389 3514 1644 3563 Proclamat
1678 3530 1813 3578 porro
1845 3511 2070 3562 Newman
2102 3530 2157 3562 eo
2184 3515 2274 3562 loci
2294 3551 2309 3575 ,
2340 3531 2418 3563 ca-

1387 3594 1611 3645 tholicam
1650 3594 1968 3644 Traditionem
2010 3597 2170 3661 fuisse
2212 3613 2264 3644 re
2304 3613 2417 3645 vera

1379 3676 1753 3743 fundamentum
1766 3714 1781 3741 ‚
1804 3695 2049 3745 superque
2063 3680 2280 3745 antiquis
2296 3688 2411 3727 tem-
