2502 4134
276 153 355 212 92
900 175 1099 217 macr.
1148 178 1216 216 nn
1259 177 1410 216 mers
1455 176 1839 220 mammetem.

276 338 512 380 versum
536 317 842 398 collegium
864 320 1246 402 apostolicum
1274 367 1289 396 ᾖ
1321 342 1387 380 ac
1409 321 1655 403 proinde
1691 321 2027 381 universam
2062 321 2403 399 Ecclesiam,

278 414 370 473 cui
413 413 678 473 Christus
722 414 1198 476 infallibilitatem
1242 438 1350 498 per
1379 421 1577 498 jugem
1620 439 1786 476 suam
1819 417 2222 477 adsistentiam
2265 441 2408 500 pro·

274 509 433 568 misit
474 510 596 589 (l);
643 520 771 570 tum
821 509 887 570 30
934 513 1067 594 quia
1119 511 1360 572 deberet
1403 514 1566 594 prius
1618 513 1680 571 in
1721 517 1843 592 ejus
1889 513 2200 595 hypothesi
2244 525 2404 574 certo

276 615 542 664 constare
568 651 582 680 ,
610 605 824 687 scripta
847 652 862 681 ,
901 630 1030 689 quae
1057 608 1297 665 nomina
1330 607 1736 688 Apostolorum
1769 630 1890 667 non
1925 631 2048 691 prae
2079 631 2138 668 se
2175 609 2403 686 ferunt,

276 709 377 758 aut
412 700 589 759 etiam
643 722 769 783 quae
815 724 935 784 prae
987 725 1047 762 se
1089 703 1321 777 ferunt7
1364 702 1602 762 illorum
1641 724 1777 762 vere
1827 726 1989 779 esse7
2030 704 2239 786 quibus
2293 706 2406 764 ad-

275 794 612 856 scribuntur
652 842 670 873 ‚
727 799 887 880 quod
954 810 1157 868 tamen
1218 799 1457 857 nonnisi
1514 797 1776 858 Ecclesiae
1833 802 2173 861 auctoritate
2247 812 2408 860 certo

275 904 539 968 constat3
580 894 756 975 idque
794 917 868 955 ex.
911 896 1037 977 ipso
1076 895 1371 955 Michaelis
1412 895 1683 977 exemplo
1719 895 2023 970 firmatur,
2060 899 2160 979 qui
2192 918 2407 980 nempe

276 1009 339 1048 se
377 988 760 1051 subdubitare
802 991 1058 1051 ostendit
1106 1003 1305 1050 utrum
1352 991 1596 1074 epistola
1638 993 1689 1050 II
1730 991 1885 1050 Petri
1922 1035 1939 1067 ,
1980 1012 2110 1073 quae
2148 993 2407 1074 profecto

275 1105 494 1144 nomen
532 1086 793 1168 Apostoli
828 1088 1009 1166 gerit,
1051 1087 1388 1146 authentica
1432 1108 1634 1149 revera
1680 1088 1755 1146 sit
1804 1088 1915 1167 (2).
1963 1088 2090 1146 Huc
2127 1099 2408 1169 praeterea

275 1181 527 1256 accedit,
569 1193 951 1265 argumenta,
997 1181 1207 1264 quibus
1245 1183 1338 1241 hic
1379 1179 1580 1242 auctor
1613 1184 1798 1241 utitur
1847 1182 1923 1240 ad
1963 1183 2408 1264 inspirationem

273 1275 558 1337 librorum
586 1279 735 1340 Novi
765 1280 919 1337 Test.
945 1277 1316 1362 probandam
1341 1325 1357 1354 a
1383 1291 1484 1339 aut
1508 1277 1656 1338 nihil
1679 1289 1781 1337 aut
1804 1301 1926 1337 non
1952 1279 2089 1336 satis
2119 1279 2408 1356 ejusmodi

272 1373 718 1456 inspirationem
758 1375 1045 1434 evincere.
1074 1376 1307 1433 Etenim
1332 1385 1433 1433 aut
1465 1375 1682 1433 Christi
1720 1374 1897 1434 verba
1922 1375 2072 1433 solos
2105 1374 2408 1456 Apostolos

273 1471 560 1551 attingere
597 1471 844 1545 dixeriS,
886 1482 946 1530 et
978 1471 1043 1528 in
1082 1470 1190 1529 hac
1228 1470 1540 1551 hypothesi
1578 1493 1612 1531 e
1656 1470 1944 1530 librorum
1986 1471 2407 1552 inspiratorum

274 1587 452 1626 censu
483 1566 783 1628 exturbari
824 1565 1044 1626 debent
1087 1566 1400 1646 Evangelia
1431 1569 1489 1627 S.
1530 1568 1706 1627 Marci
1741 1580 1801 1626 et
1837 1568 1892 1625 S.
1933 1569 2096 1626 Lucae
2128 1587 2244 1624 una
2274 1586 2409 1624 cum

271 1664 430 1725 Actis
473 1662 841 1746 apostoliciS,
884 1673 1063 1745 prout
1112 1661 1408 1722 Michaelis
1452 1663 1580 1745 ipse
1626 1684 1831 1724 revera
1885 1662 2158 1746 praestitit
2204 1672 2407 1721 contra

272 1761 617 1819 unanimem
655 1760 832 1818 totius
861 1759 1230 1841 antiquitatis
1257 1780 1645 1831 consensuum,
1678 1771 1779 1818 aut
1824 1781 1890 1818 ea
1929 1780 2053 1819 sese
2084 1756 2405 1818 extendere

273 1845 645 1916 contenderis
671 1856 847 1915 etiam
891 1854 965 1913 ad
1002 1854 1411 1936 Apostolorum
1447 1854 1760 1937 discipulos
1785 1901 1800 1930 ,
1831 1866 1890 1915 et
1925 1853 2089 1913 nulla
2124 1864 2265 1912 tunc
2292 1852 2404 1913 erit

267 1954 447 2028 ratio7
478 1973 580 2012 cur
603 1963 670 2012 ut
692 1951 975 2034 inspirata
1006 1951 1402 2011 admittantur
1427 1953 1642 2032 scripta
1678 1952 1855 2011 Marci
1881 1963 1939 2010 et
1968 1952 2131 2010 Lucae
2152 1995 2167 2024 ,
2196 1948 2402 2008 exclu-

269 2047 488 2107 dantur
511 2059 708 2108 autem
734 2046 808 2106 ab
834 2047 1129 2129 inspiratis
1156 2046 1410 2129 Epistola
1434 2048 1490 2105 S.
1512 2047 1829 2106 Clementis
1856 2047 2134 2120 Romani,
2155 2044 2400 2126 epistola

267 2143 547 2212 Barnabae
599 2156 657 2204 et
697 2144 919 2203 Pastor
958 2145 1230 2217 Hermae,
1272 2143 1600 2225 praesertim
1641 2163 1776 2201 cum
1829 2163 1948 2200 non
1999 2139 2293 2200 defuerint
2333 2160 2405 2199 ex

267 2241 561 2323 antiquis7
609 2241 707 2323 qui
758 2239 882 2300 haec
922 2240 1136 2321 scripta
1187 2239 1274 2298 uti
1323 2238 1598 2298 canonica
1640 2249 1817 2320 atque
1866 2237 2147 2319 inspirata
2191 2234 2407 2315 allega·

267 2337 463 2400 verint
487 2336 599 2417 (3).
2382 2339 2384 2342 ’

337 2502 408 2567 (l)
444 2501 721 2570 Cujusmodi
752 2511 890 2561 sunt,
935 2518 1038 2567 quae
1075 2500 1295 2566 leguntur

267 2585 434 2635 Matth.
475 2602 585 2645 xv1‚
632 2582 691 2633 18
736 2594 780 2633 et
815 2601 944 2650 seqq.
986 2600 1160 2642 xxvm,
1207 2583 1294 2631 ult.

267 2668 407 2719 Joan.
432 2686 509 2716 xiv
529 2704 541 2727 ‚
569 2663 629 2715 16
647 2704 660 2726 ‚
693 2682 748 2732 ¹7
768 2703 782 2725 ‚
818 2666 1002 2732 aliaque
1028 2664 1292 2730 ejusmodi,

267 2750 438 2817 quibus
466 2750 693 2797 Catholici
719 2748 1098 2796 infallibilitatem
1132 2746 1294 2794 Eccle-

267 2836 344 2882 siae
375 2853 399 2882 a
431 2832 614 2882 Christo
645 2835 917 2897 promissam
949 2830 1222 2879 ostendunt.

333 2917 404 2983 (2)
443 2914 559 2965 Loc.
581 2917 661 2963 cit.
690 2931 797 2980 pag.
835 2911 948 2963 128.
976 2913 1108 2960 Idem
1134 2911 1210 2959 dic
1238 2910 1296 2958 de

265 3003 401 3066 epist.
439 3000 571 3049 Judae
592 3037 605 3059 ‚
642 3009 686 3047 et
718 3016 742 3045 a
775 2998 951 3046 fortiori
988 2996 1047 3044 de
1075 2997 1210 3060 epist.
1236 2993 1295 3041 ad

267 3083 487 3132 Hebraeos
507 3120 519 3143 ‚
551 3099 693 3148 quam
722 3080 963 3128 Michaelis
1002 3076 1061 3126 ab
1090 3076 1295 3141 epistolis

266 3166 474 3215 Paulinis
493 3204 505 3222 ,
541 3166 750 3231 adeoque
788 3174 831 3213 et
857 3182 883 3211 a
918 3180 1060 3212 censu
1082 3159 1294 3225 Scriptu-

266 3268 421 3299 rarum
453 3250 722 3310 divinarum·
746 3251 886 3314 juxta
919 3263 1055 3294 suum
1089 3254 1293 3309 systema

267 3333 557 3383 exterminat.

337 3427 403 3493 (3)
444 3427 496 3474 ln
528 3443 658 3492 prop.
676 3442 709 3473 n
728 3463 740 3484 ‚
772 3427 933 3489 capitis
959 3441 975 3470 1
994 3460 1007 3483 ‚
1041 3421 1175 3487 plura
1201 3430 1292 3467 tes-

266 3512 461 3561 timonia
498 3509 588 3557 hac
617 3508 674 3559 de
710 3525 759 3556 re
793 3492 1177 3556 attulimusssSed
1210 3503 1291 3550 ad-

265 3611 425 3644 versus
443 3591 683 3641 Michafflis
707 3592 977 3655 opinionem
1002 3586 1169 3635 videsis
1183 3584 1290 3633 Cel-

265 3678 430 3737 ldrier,
473 3677 555 3742 qui
595 3675 765 3739 pariter
796 3674 846 3719 in
887 3689 969 3719 sua
1002 3666 1192 3717 Introd.
1226 3682 1292 3714 au

254 3759 425 3810 ..Naum
469 3756 597 3808 Test.
626 3757 868 3806 (leuxieme
893 3763 1010 3819 part.
1049 3752 1183 3801 divis.
1233 3765 1250 3796 1
1276 3782 1292 3810 ,

1378 2508 1494 2549 sect.
1526 2498 1586 2562 8,
1620 2499 1748 2548 illam
1772 2500 1872 2548 fuse
1890 2498 2091 2558 refellit,
2119 2508 2163 2546 et
2182 2513 2288 2563 quae
2309 2496 2404 2545 Mi,-

1378 2583 1597 2631 chaiilisio
1631 2583 1847 2632 videntur
1881 2588 2151 2646 argumenta
2182 2578 2406 2627 validissi-

1379 2681 1458 2713 ma
1476 2702 1489 2725 ‚
1530 2665 1686 2713 veluti
1731 2664 1917 2712 infirma
1961 2661 2195 2723 traducit3
2245 2670 2404 2710 contra

1380 2765 1485 2796 vero
1510 2785 1523 2807 ,
1571 2764 1672 2812 quae
1723 2746 1873 2794 eidem
1923 2744 2107 2792 infirma
2156 2753 2266 2791 sunt
2284 2780 2297 2801 ‚
2348 2758 2402 2792 ea

1379 2829 1645 2878 Cellerierio
1659 2837 1769 2877 sunt
1782 2827 2078 2875 validissima.
2098 2825 2249 2874 Etiam
2264 2823 2403 2890 Paley

1378 2903 1650 2978 anglicanus
1696 2911 1917 2959 tredecim
1961 2919 2145 2958 tantum
2184 2910 2404 2975 genuinas

1379 2997 1509 3044 Pauli
1543 2994 1756 3061 epistolas
1781 2994 2013 3053 admittit,
2040 2996 2091 3040 in
2115 3009 2190 3057 op.
2218 2991 2293 3039 La
2327 2993 2405 3038 υό-

1376 3080 1470 3127 rite
1496 3079 1552 3126 de
1584 3076 1729 3126 l’hist.
1750 3076 1807 3125 de
1830 3076 1884 3124 S.
1912 3074 2072 3137 Paul,
2103 3074 2228 3122 Paris
2258 3070 2399 3120 1821.

1377 3163 1478 3212 Hac
1504 3177 1639 3227 porro
1667 3162 1727 3208 inc
1753 3160 2095 3207 concertatione
2128 3157 2231 3222 quis
2258 3153 2401 3221 judex

1378 3249 1496 3306 erit,
1527 3247 1630 3311 quis
1652 3243 1785 3291 litem
1809 3237 2028 3290 dirimet?
2055 3238 2192 3303 Apud
2225 3236 2404 3285 Protes-

1376 3339 1524 3379 tantes
1561 3326 1745 3375 nullum
1772 3325 1911 3390 plane
1938 3320 2168 3388 ejusmodi
2198 3318 2403 3367 tribunal

1377 3423 1444 3463 est
1461 3450 1474 3470 ‚
1508 3414 1583 3460 cui
1609 3419 1760 3475 partes
1777 3411 1897 3456 inter
1913 3424 1960 3454 se
1982 3404 2304 3453 dissentientes
2324 3418 2400 3450 ac·

1375 3498 1607 3563 quiescere
1632 3500 1889 3540 teneantur.
1907 3487 1967 3537 Et
1992 3505 2052 3536 en
2080 3503 2155 3534 eos
2177 3489 2227 3534 in
2245 3500 2405 3550 perpe-

1373 3591 1451 3628 tua
1481 3577 1786 3626 fluctuatione
1817 3572 1995 3638 absque
2022 3569 2117 3618 ulla
2153 3584 2232 3634 spe
2257 3567 2405 3616 exitus

1379 3659 1741 3729 cujuscumque.
