2502 4134
283 125 361 186 70

907 144 1103 186 TRAGT.
1150 150 1218 186 DE
1263 147 1415 186 Lotus
1449 149 1828 189 THEOLOGICIS·

282 288 573 349 rationem
603 298 972 369 competere3
1016 289 1090 350 de
1126 312 1243 373 quo
1280 288 1520 372 quidem
1556 292 1794 351 nonnisi
1833 314 1904 370 ex
1946 291 2116 350 unica
2150 291 2409 354 Ecclesiae

281 384 624 444 auctoritate
659 393 923 444 constare
962 384 1133 445 nobis
1174 395 1404 467 potest,
1438 387 1524 445 uti
1555 387 1785 468 plenius
1822 387 1999 470 paulo
2044 398 2178 469 post
2217 400 2410 448 osten·

281 481 488 542 demus
532 480 595 539 in
645 481 1022 563 insequenti,
1081 504 1200 563 qua
1250 485 1645 545 protestantes
1694 486 2033 568 impetimus
2062 531 2077 559 a
2133 486 2410 566 proposi-

281 579 443 637 tione
484 577 594 656 (l).
654 578 898 636 Interim
950 600 1022 639 ex
1064 577 1253 636 allatis
1301 577 1666 639 documentis
1715 592 1879 663 patet
1907 627 1922 655 ,
1974 580 2329 660 assurgendo
2379 604 2412 641 a

281 672 626 734 Tridentino
666 672 900 734 decreto
938 674 1013 733 ad
1050 685 1286 734 aetatem
1318 696 1501 756 usque
1529 676 1910 758 apostolicam
1932 722 1947 752 .,
1989 675 2200 736 iisdem
2235 675 2412 759 plane

279 767 572 844 fontibus,
600 768 811 852 quibus
840 770 1164 828 adstruitur
1185 770 1465 829 identitas
1489 772 1728 830 canonis
1748 792 2045 831 sacrorum
2066 771 2376 832 Librorum
2393 815 2410 846 .,

279 864 379 946 qui
407 865 613 947 quovis
643 876 911 947 tempore
933 865 1117 947 viguit
1139 866 1200 924 in
1222 867 1486 925 Romana
1509 866 1754 926 Ecclesia
1775 911 1791 939 ,
1816 888 1882 927 ac
1905 866 2169 947 pluribus
2196 867 2414 935 abhinc

278 959 483 1021 seculis
527 962 590 1019 in.
627 961 878 1021 Ecclesia
919 960 1149 1021 obtinet
1199 962 1511 1036 universa,
1555 962 1778 1023 adstrui
1829 963 1973 1022 item
2019 983 2086 1022 ac
2132 962 2418 1024 vindicari

280 1055 651 1120 divinitatem
699 1058 968 1118 omnium
1021 1069 1082 1117 et
1134 1058 1502 1138 singulorum
1557 1058 1844 1118 librorum
1875 1104 1891 1133 7
1946 1058 2048 1140 qui
2097 1057 2161 1115 in
2209 1057 2416 1119 eodem

280 1153 699 1230 continentur,
754 1152 817 1212 id
861 1152 1021 1236 quod
1062 1151 1233 1213 nobis
1269 1152 1802 1220 demonstrandum
1843 1151 2288 1236 assumpsimus·

1099 1353 1599 1398 DIFPICULTATES.

362 1512 501 1571 110.
542 1509 674 1590 obj.
716 1510 926 1592 prima.
973 1510 1034 1567 1⁰
1081 1506 1257 1568 Nulla
1302 1518 1392 1567 est
1433 1507 1691 1590 Religio,
1739 1531 1873 1592 quae
1909 1530 2044 1568 suos
2083 1531 2213 1568 non
2240 1512 2423 1587 jactet

280 1605 462 1668 libros
502 1628 731 1680 sacros3
770 1604 1110 1664 habuerunt
1141 1604 1302 1664 enim
1337 1605 1586 1663 Romani
1613 1604 1796 1665 libros
1844 1604 2158 1686 Sibyllinos
2179 1652 2195 1681 ,
2224 1604 2424 1666 Zend-

283 1715 480 1764 avesta
522 1706 745 1779 Persae,
792 1701 924 1761 Indi
959 1701 1139 1761 libros
1171 1699 1387 1776 Vedae7
1426 1700 1697 1761 Islamitae
1740 1701 2096 1762 Alcoranum
2140 1723 2201 1762 se
2235 1701 2423 1784 possi-

283 1797 422 1858 dere
467 1798 815 1881 gloriantur.
863 1799 998 1857 Jam
1044 1818 1184 1858 vero
1235 1797 1344 1856 hos
1387 1818 1590 1856 omnes
1648 1796 1829 1857 libros
1882 1800 2074 1857 Deum
2127 1808 2424 1857 auctorem

280 1893 501 1955 habere
533 1896 835 1955 societates
874 1892 1116 1974 singulae
1147 1938 1162 1968 ,
1206 1892 1452 1976 perinde
1481 1914 1546 1953 ac
1579 1892 1827 1954 Ecclesia
1869 1892 2150 1953 catholica
2171 1939 2186 1968 ,
2226 1903 2426 1952 aucto·

283 1990 459 2050 ritate
492 2013 594 2051 seu
630 1991 970 2051 testimonio
1012 2011 1116 2048 suo
1163 1988 1512 2066 adstruunt3
1554 2010 1664 2048 nec
1709 2001 1910 2048 tamen
1961 1988 2072 2047 dici
2115 1998 2427 2070 propterea

292 2085 470 2146 debet
491 2132 508 2162 ‚
538 2108 635 2146 eos
669 2087 857 2169 reipsa
901 2106 1091 2145 sacros
1127 2105 1252 2144 esse
1286 2105 1352 2143 ac
1384 2083 1589 2144 divina
1618 2084 2004 2167 inspiratione
2037 2083 2422 2165 conscriptos,

283 2181 356 2244 2⁰
386 2181 757 2262 Argumentis
793 2180 1042 2263 proinde
1074 2180 1408 2239 intrinsecis
1447 2179 1816 2240 innotescere
1855 2178 2026 2238 nobis
2066 2177 2244 2238 debet
2272 2182 2428 2256 ejus-

287 2276 451 2336 modi
481 2276 769 2337 librorum
796 2277 1100 2359 inspiratio
1117 2322 1133 2351 ,
1168 2286 1344 2358 prout
1371 2275 1656 2335 hactenus
1681 2298 1713 2334 a
1740 2275 2022 2355 theologis
2051 2275 2191 2357 ipsis
2221 2273 2428 2334 catho-

285 2371 418 2431 licis
460 2373 786 2453 praestitum
827 2383 949 2446 est3
1003 2372 1264 2453 alioquin
1303 2371 1370 2431 3⁰
1404 2382 1465 2430 et
1508 2370 1657 2430 illud
1711 2371 1961 2430 oriretur
2001 2392 2075 2430 ex
2120 2392 2276 2432 nova
2320 2369 2430 2430 hac

290 2467 574 2528 methodo
612 2469 858 2544 vitium,
902 2467 1062 2550 quod
1104 2467 1312 2550 petitio
1354 2467 1627 2550 principii
1665 2468 1826 2543 sive,
1869 2477 1936 2526 ut
1970 2465 2144 2547 vulgo
2179 2465 2426 2540 dicitur,

293 2562 541 2622 circulus
579 2563 821 2624 vitiosus
855 2563 1098 2623 omnino
1141 2563 1610 2623 committeretur
1632 2608 1648 2638 ‚
1692 2562 1836 2622 dum
1864 2583 2081 2644 nempe
2118 2561 2429 2620 existentia

297 2667 358 2718 et
401 2658 723 2718 infallibilis
769 2659 1032 2720 Ecclesiae
1075 2660 1388 2718 auctoritas
1426 2681 1533 2741 per
1572 2659 1896 2741 Scripturas
1942 2657 2326 2740 probaretur,
2366 2668 2427 2718 et

371 2906 438 2971 (l)
476 2905 628 2972 Quare
663 2905 789 2956 Rob.
833 2906 1113 2972 Barclaejus‚
1154 2907 1206 2953 in
1241 2922 1320 2970 op.

303 2986 569 3053 Theoloqioe
602 3005 708 3037 vere
732 2987 1048 3049 christianae,
1082 2988 1192 3036 edit.
1227 3005 1321 3036 sec.

301 3069 455 3119 Lond.
492 3087 652 3138 1729,
686 3073 752 3119 ita
780 3088 882 3137 pag.
914 3069 1008 3136 67,
1051 3072 1324 3135 perstringe-

301 3151 384 3200 bat
412 3163 713 3217 protestantes
737 3153 1023 3218 evangelicos
1042 3188 1056 3211 ‚
1095 3150 1326 3217 Exempli

302 3236 462 3299 qratia
475 3270 491 3295 ,
524 3235 756 3299 quomodo
773 3244 927 3301 potest
938 3242 1209 3300 protestans
1227 3234 1323 3282 ali-

299 3317 386 3363 cui
414 3318 615 3381 neqanti
646 3316 823 3365 Jacobi
846 3317 1093 3384 epistolam
1126 3333 1223 3364 esse
1245 3334 1325 3365 ca-

302 3400 530 3452 nonicam
582 3397 839 3465 (adeoque
887 3400 1200 3466 inspiratam)
1235 3416 1326 3463 per

302 3477 608 3545 Scripturam
628 3480 834 3545 probare
847 3482 880 3529 ,Ρ
913 3481 1151 3531 Ad'hano
1176 3482 1326 3546 iyitur

303 3563 581 3625 anqustiam
600 3565 866 3612 necessario
897 3580 972 3611 res
999 3563 1203 3612 deducta
1226 3573 1318 3624 est,

302 3643 378 3690 vel
394 3644 631 3709 affirmare
648 3683 660 3705 ,
694 3646 819 3711 quod
845 3649 1071 3696 novimus
1098 3664 1203 3696 eam
1226 3664 1324 3695 csse

1403 2903 1730 2953 authenticam
1752 2903 1910 2952 eodem
1929 2901 2148 2970 Spiritus
2161 2908 2429 2955 testimonio

1402 2987 1458 3034 in
1472 2986 1698 3035 cordibus
1714 2992 1897 3034 nostris
1914 2987 1928 3050 (
1940 2990 2071 3053 juxta
2090 2999 2288 3054 systema
2304 2988 2429 3054 Qua-

1403 3068 1646 3132 kerorum)
1681 3086 1772 3133 qao
1791 3071 1971 3135 scripta
1992 3077 2120 3131 erat,·
2142 3070 2217 3118 vel
2230 3072 2430 3118 Romam

1405 3153 1579 3200 reverti
1594 3187 1610 3213 ‚
1643 3151 1844 3199 dicendo
1861 3187 1878 3214 ‚
1910 3151 2170 3200 traditione
2187 3154 2431 3213 novimus,

1405 3233 1673 3284 Ecclesiam
1702 3251 1809 3282 eam
1837 3240 1895 3283 in
1918 3251 2150 3282 canonem
2178 3234 2427 3295 retulisse,

1404 3326 1450 3366 et
1488 3316 1758 3368 Ecclesiam
1802 3316 2116 3382 infallibilem
2159 3334 2291 3381 esse;
2329 3335 2428 3365 me-

1405 3400 1574 3462 dium,
1619 3400 1662 3447 si
1700 3404 1811 3464 quis
1840 3400 2021 3465 possit,
2058 3400 2294 3448 inveniat.
2324 3400 2428 3449 Cfr.

1406 3482 1644 3543 ΜοὲέὴΙθτ,
1683 3480 2020 3553 Symboliqae‚
2059 3492 2175 3533 tom.
2210 3501 2276 3545 11,
2310 3480 2430 3549 §66

1403 3567 1522 3615 circa
1554 3564 1719 3614 finem.
