2502 4134
288 90 406 150 388

879 111 1076 148 TRACT.
1122 110 1189 146 DE
1222 110 1376 149 Locis
1419 111 1798 155 Tnnotoelcls.

289 254 508 335 quippe
548 270 673 332 quae
713 247 871 307 aliud
907 270 1030 307 non
1067 249 1143 308 sit
1170 249 1282 307 nisi
1313 254 1618 311 emanatio
1653 244 1913 316 rationis
1947 259 2079 333 Dei,
2111 259 2229 318 imo
2260 266 2416 321 ratio

286 350 409 407 Dei
427 349 621 426 ipsius
639 342 750 423 (l).
781 341 847 402 30
875 344 1011 402 Sine
1049 344 1160 402 ista
1189 343 1264 403 de
1294 343 1459 402 nulla
1487 366 1749 427 unquam
1790 369 1853 408 re
1873 394 1890 423 ‚
1925 372 2035 411 nec
2071 352 2143 412 de
2180 357 2417 437 propria

291 442 376 500 sui
413 438 721 499 existentia
762 438 910 496 rat-io
945 437 1325 503 individualis
1365 449 1520 498 certa
1550 460 1675 499 esse
1709 450 1921 521 potest.
1960 437 2026 502 4⁶
2063 447 2246 508 Multo
2282 470 2417 509 vero

284 538 479 596 minus
503 534 717 617 poterit
741 546 937 593 actum
960 534 1095 594 fidei
1118 534 1358 612 elicere3
1383 557 1547 596 secus
1584 539 1740 595 enim
1777 538 1926 597 ratio
1962 539 2214 603 fallibilis
2251 546 2419 605 elice·

285 643 376 692 ret
401 642 598 690 actum
630 629 999 690 infallibilem
1023 675 1040 702 .,
1080 629 1241 712 quod
1271 630 1553 713 implicat.
1592 631 1659 689 50
1691 634 1972 694 Praeterea
1997 635 2119 716 ipsa
2140 640 2244 700 Dei
2265 642 2418 701 exis-

292 729 473 787 tentia
495 772 510 801 ‚
546 726 957 785 immortalitas
985 726 1319 785 animorum
1337 772 1352 800 ‚
1380 726 1631 809 aliaeque·
1650 728 1935 805 ejusmodi
1964 730 2265 810 veritateS,
2289 757 2419 817 quae

288 821 575 882 naturalis
608 820 828 881 ordinis
857 822 1135 881 dicuntur
1154 867 1171 893 ‚
1213 844 1243 880 a
1273 825 1551 904 cujusque
1581 823 1960 883 individualis
1991 826 2232 886 rationis
2260 829 2418 890 arbi-

290 919 403 979 trio
437 916 798 1000 penderent3
833 917 923 975 his
959 938 1095 977 vero
1121 917 1478 977 inniteretur
1504 917 1648 977 fides
1677 919 1991 979 veritatum
2012 962 2029 995 2
2066 943 2196 1002 quae
2225 944 2423 1004 super-

286 1013 585 1074 naturales
626 1024 931 1076 vocantur.
965 1012 1032 1071 Id
1066 1034 1204 1072 vero
1243 1014 1384 1095 quid
1421 1024 1576 1074 esset
1598 1060 1613 1086 .,
1660 1015 1773 1073 nisi
1809 1014 1933 1074 basi
1971 1015 2140 1077 luteae
2170 1028 2422 1078 statuam

285 1131 522 1170 auream
555 1110 862 1192 imponere
897 1107 1029 1189 (2)'?
1071 1110 1237 1188 Ergo.

365 1205 468 1266 76.
509 1207 681 1286 Resp.
736 1204 822 1264 Ad
864 1206 968 1279 1¹1¹,
1016 1205 1168 1286 Ney.
1212 1205 1306 1265 vel
1346 1206 1504 1264 Dist.
1545 1206 1713 1265 Ratio
1750 1202 2127 1267 individualis
2167 1193 2424 1270 fallibilis

285 1311 373 1361 est
402 1300 514 1360 hoc
548 1289 757 1374 sensu,
797 1300 956 1382 quod
984 1300 1287 1360 interdum
1319 1299 1441 1359 falli
1467 1323 1531 1360 ac
1558 1301 1746 1382 decipi
1768 1308 1998 1380 possit,
2028 1326 2231 1373 eonc.,·
2264 1303 2424 1387 quod

285 1419 520 1480 semper
551 1409 611 1457 et
636 1398 699 1455 in
734 1396 1008 1456 omnibus
1051 1395 1172 1456 falli
1206 1418 1271 1455 ac
1308 1396 1499 1477 decipi
1535 1399 1773 1473 debeat,
1808 1420 1939 1477 neq.
1986 1401 2137 1458 Nam
2179 1401 2252 1459 ad
2286 1422 2424 1461 eum

287 1493 529 1552 modum
550 1538 565 1567 ‚
605 1515 720 1575 quo
753 1491 1055 1552 individua
1090 1493 1238 1551 ratio
1268 1492 1655 1553 essentialiter
1686 1492 1941 1553 fallibilis
1971 1507 2088 1569 est,
2119 1496 2423 1557 individua

287 1589 558 1650 voluntas
596 1601 682 1648 est
722 1600 930 1647 natura
958 1610 1059 1647 sua
1087 1599 1323 1670 peccato
1355 1588 1626 1648 obnoxia.
1651 1592 1826 1648 Porro
1852 1591 1979 1672 quis
2009 1592 2146 1652 inde
2172 1593 2385 1652 inferet
2404 1638 2420 1667 ,

287 1684 658 1746 voluntatem
691 1705 923 1765 semper
959 1694 1021 1742 et
1050 1685 1112 1741 in
1140 1682 1415 1741 omnibus
1444 1704 1682 1765 peccare
1708 1684 1830 1766 (3)?
1871 1688 2073 1768 Itaque
2105 1688 2168 1746 in
2202 1709 2422 1770 propo-

285 1780 399 1839 sito
434 1784 781 1860 argumento
806 1777 1126 1839 adversarii
1149 1777 1316 1859 plura
1347 1778 1682 1838 inconsulto
1708 1781 2063 1861 permiscent
2093 1804 2106 1840 z
2135 1804 2200 1841 ac
2235 1786 2299 1841 l⁰
2319 1788 2422 1842 in-

282 1877 725 1954 fallibilitatem
766 1895 899 1932 cum
941 1874 1347 1944 certitudine,
1395 1875 1557 1956 quasi
1606 1896 1820 1957 nempe
1846 1876 2070 1936 eadem
2115 1879 2417 1960 utriusque

360 2057 427 2121 (1)
467 2054 531 2103 Ita
548 2053 615 2103 De
632 2053 911 2102 Lamennais
931 2089 944 2112 ‚
964 2069 1043 2117 op.
1066 2054 1145 2101 cit.
1164 2050 1216 2100 E
1219 2055 1321 2100 esai
1403 2053 1541 2102 Mais
1562 2062 1662 2104 tout
1686 2071 1748 2103 en
1766 2058 2130 2104 reconnaissent
2153 2074 2242 2122 que
2264 2056 2311 2106 la
2326 2059 2426 2105 rai-

292 2155 379 2187 sur
418 2135 797 2202 l’indifference,
840 2134 931 2183 vol.
977 2151 1042 2195 11,
1080 2152 1179 2199 pag.
1217 2134 1317 2201 93,

292 2223 425 2288 cujus
453 2219 593 2268 verba
630 2219 726 2266 haec
751 2227 860 2265 sunt
888 2232 902 2266 ε
941 2215 1093 2264 Noble
1128 2221 1320 2264 emana-

290 2305 394 2351 tion
428 2301 486 2349 de
524 2300 858 2348 la‘eubslance
888 2298 945 2346 de
990 2297 1115 2347 Βίου
1136 2335 1150 2358 ,
1187 2308 1320 2348 notre

290 2387 457 2434 raison
487 2384 608 2432 n'est
634 2400 723 2448 que
750 2400 810 2431 sar
834 2384 1001 2432 raison
1023 2418 1040 2441 ,
1074 2391 1207 2432 notre
1229 2400 1321 2448 pa-

291 2467 389 2518 role
415 2466 534 2515 n'est
564 2482 656 2531 que
688 2482 743 2514 sa
769 2464 955 2530 parole.

364 2549 431 2614 (2)
471 2548 542 2598 Ita
579 2548 642 2598 D.
685 2547 859 2597 Gerbet
879 2583 893 2606 ‚
938 2544 1034 2595 Des
1086 2546 1326 2596 doctrines

289 2630 682 2698 philosophiques
711 2646 799 2677 sur
836 2628 884 2678 la
921 2629 1155 2677 certitudo
1170 2665 1189 2691 ,
1231 2639 1318 2679 etc.

298 2715 426 2763 Paris
460 2709 614 2773 1826,
646 2728 758 2780 pag.
785 2713 843 2762 31
877 2722 920 2761 et
942 2711 1200 2777 seqq.Jam
1220 2730 1329 2777 pro-

297 2797 406 2847 fessi
423 2812 599 2856 sumus,
630 2796 752 2845 nolle
778 2812 864 2844 nos
879 2794 1138 2844 detrahere.
1159 2795 1217 2844 cl.
1242 2813 1328 2844 au-

298 2881 412 2928 ctori
434 2915 448 2938 ‚
480 2878 594 2926 dum
625 2880 724 2944 ejus
756 2878 1016 2926 doctrinam
1037 2876 1290 2925 refellimus
1310 2913 1325 2936 ,

298 2978 446 3028 quum
475 2969 640 3009 notum
661 2963 748 3019 sit,
770 2962 924 3025 ipsum
953 2958 1012 3007 ab
1042 2956 1114 3007 his
1150 2960 1326 3024 placitis

296 3046 550 3093 recessisse.
599 3042 831 3092 Caeterum
863 3045 1056 3091 citatum
1093 3059 1208 3107 opus
1245 3059 1327 3090 va·

301 3123 399 3174 lide
424 3142 476 3174 ac
503 3125 638 3174 docte
666 3125 960 3174 confutatum
986 3125 1074 3173 fuit
1101 3142 1126 3173 a
1155 3123 1209 3173 P.
1235 3123 1328 3172 Ro-

300 3223 444 3256 zaven
488 3205 541 3255 S.
583 3206 630 3254 J.
675 3208 725 3254 in
775 3207 896 3255 libro
939 3204 1165 3257 Examen
1210 3205 1327 3253 d’un

222 3286 228 3291 ’
300 3306 531 3354 ouvraqe,
555 3288 913 3354 ete.Aviqnon‚
939 3287 1093 3346 1833,
1109 3288 1166 3336 ad
1184 3306 1324 3353 quem

297 3372 496 3422 libenter
518 3372 796 3420 remittimus
823 3371 1014 3420 lectores
1041 3380 1220 3418 nostros
1241 3387 1323 3435 pro

301 3456 501 3522 pleniori
526 3454 673 3520 hujus
700 3455 1017 3504 controversiae
1042 3455 1322 3519 cognitione.

371 3536 437 3602 (3)
468 3535 558 3586 Sed
596 3546 773 3601 praestat
818 3536 896 3585 hie
934 3536 1093 3585 audire
1126 3534 1322 3585 Bautain

298 3625 454 3687 ipsum
467 3656 480 3682 ‚
499 3620 673 3685 egregie
688 3618 778 3667 hoc
791 3628 987 3683 systema
1008 3617 1290 3668 refellentem
1311 3636 1325 3666 ε

1401 2152 1486 2183 son
1525 2137 1844 2186 individuelle
1883 2147 1951 2186 est
1985 2137 2193 2203 faillible
2213 2175 2230 2200 ,
2264 2139 2427 2204 qu’elle

1400 2236 1449 2267 se
1483 2227 1663 2284 trompe
1699 2223 1930 2281 convent,
1967 2220 2231 2269 s'ensuit-il
2262 2220 2428 2287 qu’elle

1401 2317 1449 2349 se
1483 2309 1665 2367 trompe
1701 2304 1914 2367 toujours
1952 2305 2350 2351 neeessairemenc
2383 2311 2429 2351 et

1402 2399 1488 2432 sur
1517 2390 1668 2431 tontes
1689 2382 1848 2432 choses
1862 2385 1896 2432 ,Ρ
1926 2382 1999 2433 De
2029 2402 2082 2433 ee
2114 2384 2278 2450 qw'elle
2308 2395 2427 2451 peut

1402 2482 1532 2514 errer
1548 2503 1562 2526 ,
1598 2466 1777 2530 faut-il
1797 2466 1967 2532 qu’elle
1996 2484 2097 2516 erre
2122 2484 2237 2516 sans
2264 2471 2426 2515 cesse?

1404 2545 1478 2597 De
1505 2564 1557 2596 ce
1586 2565 1675 2613 que
1702 2547 1926 2598 l’homme
1950 2567 1981 2599 a
2000 2567 2100 2615 par
2121 2567 2176 2598 sa
2201 2550 2362 2598 liberte
2384 2549 2427 2598 le

1398 2632 1608 2698 pouooir
1647 2630 1702 2678 de
1733 2632 1867 2696 faire
1903 2632 1945 2680 le
1980 2631 2109 2694 mal,
2151 2641 2296 2680 est-ce
2330 2648 2425 2679 une

1406 2713 1634 2761 necessit&
1670 2712 1796 2778 qu'il
1835 2730 1897 2762 ne
1923 2714 2054 2778 fasse
2088 2731 2176 2779 que
2209 2713 2250 2760 le
2280 2712 2424 2760 mal?

1409 2795 1487 2844 La
1518 2795 1685 2844 raison
1716 2795 1947 2844 humaine
1972 2794 2309 2862 pourrait-elle
2332 2794 2421 2849 ἀέ-

1407 2878 1510 2925 vier
1517 2912 1533 2937 ,
1552 2879 1599 2924 si
1610 2876 1694 2925 elle
1709 2877 1830 2925 n’eta
1837 2880 1874 2926 ic
1889 2877 2082 2944 capable
2093 2876 2152 2925 de
2165 2877 2390 2925 rectitudo
2400 2880 2426 2924 P

1408 2957 1542 3007 Mais
1568 2960 1600 3007 ὰ
1628 2959 1736 3024 quel
1758 2962 1894 3025 signe
1924 2958 2143 3007 l'ltomme
2174 2961 2425 3007 reconnai-

1406 3040 1586 3091 tra-t-il
1611 3041 1730 3106 qu’il
1756 3052 1825 3090 est
1852 3043 1974 3091 dam
2002 3041 2043 3089 le
2075 3042 2293 3091 vraif'...
2319 3042 2424 3105 Qui

1407 3124 1448 3173 le
1470 3123 1545 3171 lm·
1570 3122 1680 3171 dira
1697 3128 1721 3171 ?
1757 3124 1832 3171 La
1862 3123 2063 3172 lumiere
2087 3122 2316 3171 naturelle
2338 3124 2428 3188 qui

1407 3205 1448 3255 le
1479 3213 1575 3254 met
1603 3222 1662 3254 en
1699 3215 1894 3271 rapport
1925 3222 2038 3254 avec
2070 3205 2133 3254 les
2164 3206 2307 3273 objets
2339 3223 2427 3255 na-

1406 3289 1579 3351 tun-la,
1615 3287 1679 3336 les
1707 3287 1795 3336 lois
1823 3288 1881 3336 de
1911 3305 1966 3336 sa
2001 3291 2167 3338 raison
2199 3291 2285 3354 qui
2309 3293 2426 3356 pre-

1405 3372 1562 3420 sident
1580 3371 1611 3419 ὰ
1631 3387 1686 3419 sa
1707 3375 1907 3436 pensae,
1934 3371 1980 3419 Ia
2007 3374 2279 3420 conscience
2305 3370 2426 3436 qu’il

1403 3470 1435 3501 a
1449 3453 1508 3501 de
1526 3469 1612 3501 son
1628 3454 1884 3501 sentiment
1902 3454 2070 3502 intime
2087 3491 2102 3518 ,
2131 3465 2221 3505 etc.
2240 3453 2421 3518 Psych.

1404 3533 1541 3601 Eaep.
1571 3535 1750 3600 preface
1771 3573 1783 3596 ,
1816 3551 1919 3601 pag.
1950 3534 2033 3602 47.
