<?xml version="1.0" encoding="UTF-8"?>
<!DOCTYPE html PUBLIC "-//W3C//DTD XHTML 1.0 Transitional//EN"
    "http://www.w3.org/TR/xhtml1/DTD/xhtml1-transitional.dtd">
<html xmlns="http://www.w3.org/1999/xhtml" xml:lang="en" lang="en">
 <head>
  <title>
</title>
<meta http-equiv="Content-Type" content="text/html;charset=utf-8" />
  <meta name='ocr-system' content='tesseract 3.04.00' />
  <meta name='ocr-capabilities' content='ocr_page ocr_carea ocr_par ocr_line ocrx_word'/>
</head>
<body>
  <div class='ocr_page' id='page_1' title='image "a603693809perruoft_0426.png"; bbox 0 0 2502 4134; ppageno 0'>
   <div class='ocr_carea' id='block_1_1' title="bbox 300 99 418 159">
    <p class='ocr_par' dir='ltr' id='par_1_1' title="bbox 300 99 418 159">
     <span class='ocr_line' id='line_1_1' title="bbox 300 99 418 159; baseline 0 0"><span class='ocrx_word' id='word_1_1' title='bbox 300 99 418 159; x_wconf 80' lang='lat'>418</span> 
     </span>
    </p>
   </div>
   <div class='ocr_carea' id='block_1_2' title="bbox 901 113 1822 158">
    <p class='ocr_par' dir='ltr' id='par_1_2' title="bbox 901 113 1822 158">
     <span class='ocr_line' id='line_1_2' title="bbox 901 113 1822 158; baseline 0.004 -8"><span class='ocrx_word' id='word_1_2' title='bbox 901 113 1094 150; x_wconf 72' lang='lat' dir='ltr'>TRACT.</span> <span class='ocrx_word' id='word_1_3' title='bbox 1140 114 1208 158; x_wconf 70' lang='lat' dir='ltr'>DE</span> <span class='ocrx_word' id='word_1_4' title='bbox 1254 113 1404 152; x_wconf 67' lang='lat' dir='ltr'>Locis</span> <span class='ocrx_word' id='word_1_5' title='bbox 1447 116 1822 156; x_wconf 70' lang='lat' dir='ltr'>Tnnommcls·</span> 
     </span>
    </p>
   </div>
   <div class='ocr_carea' id='block_1_3' title="bbox 306 253 2459 1395">
    <p class='ocr_par' dir='ltr' id='par_1_3' title="bbox 306 253 2459 1395">
     <span class='ocr_line' id='line_1_3' title="bbox 392 253 2425 344; baseline 0.001 -24"><span class='ocrx_word' id='word_1_6' title='bbox 392 261 526 320; x_wconf 77' lang='lat'>129.</span> <span class='ocrx_word' id='word_1_7' title='bbox 579 262 708 317; x_wconf 86' lang='lat' dir='ltr'>Post</span> <span class='ocrx_word' id='word_1_8' title='bbox 738 254 935 316; x_wconf 89' lang='lat' dir='ltr'>levem</span> <span class='ocrx_word' id='word_1_9' title='bbox 963 253 1115 312; x_wconf 89' lang='lat' dir='ltr'>hanc</span> <span class='ocrx_word' id='word_1_10' title='bbox 1139 253 1262 314; x_wconf 88' lang='lat' dir='ltr'>veri</span> <span class='ocrx_word' id='word_1_11' title='bbox 1288 254 1647 335; x_wconf 87' lang='lat' dir='ltr'>pantheismi</span> <span class='ocrx_word' id='word_1_12' title='bbox 1671 257 2176 320; x_wconf 81' lang='lat' dir='ltr'><strong>adumbrationem</strong></span> <span class='ocrx_word' id='word_1_13' title='bbox 2200 308 2215 335; x_wconf 60' lang='lat'>7</span> <span class='ocrx_word' id='word_1_14' title='bbox 2249 264 2425 344; x_wconf 84' lang='lat' dir='ltr'>aequi·</span> 
     </span>
     <span class='ocr_line' id='line_1_4' title="bbox 309 348 2429 441; baseline 0 -23"><span class='ocrx_word' id='word_1_15' title='bbox 309 372 395 418; x_wconf 90' lang='lat' dir='ltr'>tas</span> <span class='ocrx_word' id='word_1_16' title='bbox 416 352 671 437; x_wconf 88' lang='lat' dir='ltr'>postulat</span> <span class='ocrx_word' id='word_1_17' title='bbox 689 396 707 427; x_wconf 81' lang='lat'>,</span> <span class='ocrx_word' id='word_1_18' title='bbox 735 362 800 409; x_wconf 91' lang='lat' dir='ltr'>ut</span> <span class='ocrx_word' id='word_1_19' title='bbox 827 348 1139 409; x_wconf 89' lang='lat' dir='ltr'>catholicos</span> <span class='ocrx_word' id='word_1_20' title='bbox 1162 348 1386 430; x_wconf 90' lang='lat' dir='ltr'>aliquos</span> <span class='ocrx_word' id='word_1_21' title='bbox 1411 349 1564 409; x_wconf 88' lang='lat' dir='ltr'>viros</span> <span class='ocrx_word' id='word_1_22' title='bbox 1598 371 1630 408; x_wconf 90' lang='lat' dir='ltr'>a</span> <span class='ocrx_word' id='word_1_23' title='bbox 1655 362 1797 410; x_wconf 88' lang='lat' dir='ltr'>nota</span> <span class='ocrx_word' id='word_1_24' title='bbox 1825 354 2187 416; x_wconf 82' lang='lat' dir='ltr'><strong>vindicemus</strong></span> <span class='ocrx_word' id='word_1_25' title='bbox 2208 403 2223 432; x_wconf 62' lang='lat'>7</span> <span class='ocrx_word' id='word_1_26' title='bbox 2252 381 2429 441; x_wconf 89' lang='lat' dir='ltr'>quam</span> 
     </span>
     <span class='ocr_line' id='line_1_5' title="bbox 311 445 2433 536; baseline 0 -23"><span class='ocrx_word' id='word_1_27' title='bbox 311 449 583 513; x_wconf 75' lang='lat' dir='ltr'>nonnulli</span> <span class='ocrx_word' id='word_1_28' title='bbox 620 449 802 507; x_wconf 89' lang='lat' dir='ltr'>nimia</span> <span class='ocrx_word' id='word_1_29' title='bbox 840 445 1112 506; x_wconf 80' lang='lat' dir='ltr'>facilitate</span> <span class='ocrx_word' id='word_1_30' title='bbox 1152 446 1231 504; x_wconf 90' lang='lat' dir='ltr'>eis</span> <span class='ocrx_word' id='word_1_31' title='bbox 1277 445 1558 519; x_wconf 51' lang='lat' dir='ltr'>inuruntq</span> <span class='ocrx_word' id='word_1_32' title='bbox 1598 445 2024 528; x_wconf 13' lang='lat' dir='ltr'>tendentiaentk</span> <span class='ocrx_word' id='word_1_33' title='bbox 2056 464 2266 513; x_wconf 90' lang='lat' dir='ltr'>vocant</span> <span class='ocrx_word' id='word_1_34' title='bbox 2292 476 2433 536; x_wconf 90' lang='lat' dir='ltr'>pan-</span> 
     </span>
     <span class='ocr_line' id='line_1_6' title="bbox 308 540 2434 626; baseline 0.001 -18"><span class='ocrx_word' id='word_1_35' title='bbox 308 547 625 618; x_wconf 79' lang='lat' dir='ltr'>theisticae.,</span> <span class='ocrx_word' id='word_1_36' title='bbox 669 564 738 604; x_wconf 87' lang='lat' dir='ltr'>eo</span> <span class='ocrx_word' id='word_1_37' title='bbox 793 542 951 626; x_wconf 89' lang='lat' dir='ltr'>quod</span> <span class='ocrx_word' id='word_1_38' title='bbox 995 540 1077 600; x_wconf 94' lang='lat' dir='ltr'>illi</span> <span class='ocrx_word' id='word_1_39' title='bbox 1125 540 1426 600; x_wconf 87' lang='lat' dir='ltr'>interdum</span> <span class='ocrx_word' id='word_1_40' title='bbox 1478 542 1671 600; x_wconf 88' lang='lat' dir='ltr'>minus</span> <span class='ocrx_word' id='word_1_41' title='bbox 1719 554 1884 602; x_wconf 87' lang='lat' dir='ltr'>caute</span> <span class='ocrx_word' id='word_1_42' title='bbox 1921 543 2097 605; x_wconf 88' lang='lat' dir='ltr'>locuti</span> <span class='ocrx_word' id='word_1_43' title='bbox 2129 551 2282 625; x_wconf 68' lang='lat' dir='ltr'>sint,</span> <span class='ocrx_word' id='word_1_44' title='bbox 2332 563 2434 610; x_wconf 89' lang='lat' dir='ltr'>aut</span> 
     </span>
     <span class='ocr_line' id='line_1_7' title="bbox 310 636 2436 727; baseline 0.002 -24"><span class='ocrx_word' id='word_1_45' title='bbox 310 643 466 726; x_wconf 87' lang='lat' dir='ltr'>quod</span> <span class='ocrx_word' id='word_1_46' title='bbox 490 641 663 727; x_wconf 84' lang='lat' dir='ltr'>illecti</span> <span class='ocrx_word' id='word_1_47' title='bbox 687 640 1011 723; x_wconf 83' lang='lat' dir='ltr'>praesertim</span> <span class='ocrx_word' id='word_1_48' title='bbox 1037 661 1106 699; x_wconf 84' lang='lat' dir='ltr'>ex</span> <span class='ocrx_word' id='word_1_49' title='bbox 1129 649 1443 718; x_wconf 79' lang='lat' dir='ltr'><strong>systemate</strong></span> <span class='ocrx_word' id='word_1_50' title='bbox 1464 636 1809 718; x_wconf 64' lang='lat' dir='ltr'>Hegeliano7</span> <span class='ocrx_word' id='word_1_51' title='bbox 1840 639 1997 720; x_wconf 86' lang='lat' dir='ltr'>quod</span> <span class='ocrx_word' id='word_1_52' title='bbox 2023 640 2205 703; x_wconf 87' lang='lat' dir='ltr'>fertur</span> <span class='ocrx_word' id='word_1_53' title='bbox 2232 646 2436 707; x_wconf 89' lang='lat' dir='ltr'>imme·</span> 
     </span>
     <span class='ocr_line' id='line_1_8' title="bbox 309 728 2438 822; baseline 0 -22"><span class='ocrx_word' id='word_1_54' title='bbox 309 740 464 800; x_wconf 90' lang='lat' dir='ltr'>diate</span> <span class='ocrx_word' id='word_1_55' title='bbox 505 739 567 796; x_wconf 91' lang='lat' dir='ltr'>in</span> <span class='ocrx_word' id='word_1_56' title='bbox 620 728 807 796; x_wconf 83' lang='lat' dir='ltr'>Deum</span> <span class='ocrx_word' id='word_1_57' title='bbox 861 755 926 793; x_wconf 91' lang='lat' dir='ltr'>ac</span> <span class='ocrx_word' id='word_1_58' title='bbox 982 736 1169 794; x_wconf 90' lang='lat' dir='ltr'>Deum</span> <span class='ocrx_word' id='word_1_59' title='bbox 1226 732 1444 815; x_wconf 89' lang='lat' dir='ltr'>ubique</span> <span class='ocrx_word' id='word_1_60' title='bbox 1492 734 1794 809; x_wconf 64' lang='lat' dir='ltr'>intuetur,</span> <span class='ocrx_word' id='word_1_61' title='bbox 1837 736 1913 794; x_wconf 93' lang='lat' dir='ltr'>ad</span> <span class='ocrx_word' id='word_1_62' title='bbox 1953 735 2172 819; x_wconf 87' lang='lat' dir='ltr'>aliquas</span> <span class='ocrx_word' id='word_1_63' title='bbox 2219 742 2438 822; x_wconf 79' lang='lat' dir='ltr'>Hegelii</span> 
     </span>
     <span class='ocr_line' id='line_1_9' title="bbox 306 830 2435 917; baseline 0.001 -22"><span class='ocrx_word' id='word_1_64' title='bbox 306 835 463 895; x_wconf 84' lang='lat' dir='ltr'>ideas</span> <span class='ocrx_word' id='word_1_65' title='bbox 512 830 981 917; x_wconf 82' lang='lat' dir='ltr'>philosophando</span> <span class='ocrx_word' id='word_1_66' title='bbox 1031 830 1373 889; x_wconf 82' lang='lat' dir='ltr'>accesserint</span> <span class='ocrx_word' id='word_1_67' title='bbox 1414 831 1527 909; x_wconf 79' lang='lat' dir='ltr'>(l).</span> <span class='ocrx_word' id='word_1_68' title='bbox 1570 830 1742 890; x_wconf 88' lang='lat' dir='ltr'>Certe</span> <span class='ocrx_word' id='word_1_69' title='bbox 1782 835 1998 910; x_wconf 87' lang='lat' dir='ltr'>majore</span> <span class='ocrx_word' id='word_1_70' title='bbox 2041 834 2181 915; x_wconf 91' lang='lat' dir='ltr'>ipsis</span> <span class='ocrx_word' id='word_1_71' title='bbox 2216 837 2435 898; x_wconf 89' lang='lat' dir='ltr'>cautela</span> 
     </span>
     <span class='ocr_line' id='line_1_10' title="bbox 313 924 2440 1013; baseline 0 -22"><span class='ocrx_word' id='word_1_72' title='bbox 313 952 380 991; x_wconf 92' lang='lat' dir='ltr'>ac</span> <span class='ocrx_word' id='word_1_73' title='bbox 409 929 589 1011; x_wconf 85' lang='lat' dir='ltr'>magis</span> <span class='ocrx_word' id='word_1_74' title='bbox 617 929 921 1011; x_wconf 88' lang='lat' dir='ltr'>perspicua</span> <span class='ocrx_word' id='word_1_75' title='bbox 964 925 1363 984; x_wconf 80' lang='lat' dir='ltr'>doctrinarum</span> <span class='ocrx_word' id='word_1_76' title='bbox 1410 924 1646 984; x_wconf 85' lang='lat' dir='ltr'>suarum</span> <span class='ocrx_word' id='word_1_77' title='bbox 1694 926 2105 1009; x_wconf 81' lang='lat' dir='ltr'>explanatione</span> <span class='ocrx_word' id='word_1_78' title='bbox 2145 952 2290 1013; x_wconf 87' lang='lat' dir='ltr'>opus</span> <span class='ocrx_word' id='word_1_79' title='bbox 2328 931 2440 991; x_wconf 86' lang='lat' dir='ltr'>fui-</span> 
     </span>
     <span class='ocr_line' id='line_1_11' title="bbox 315 1021 2459 1107; baseline 0.001 -21"><span class='ocrx_word' id='word_1_80' title='bbox 315 1039 403 1089; x_wconf 89' lang='lat' dir='ltr'>set</span> <span class='ocrx_word' id='word_1_81' title='bbox 423 1027 443 1101; x_wconf 24' lang='lat' dir='ltr'>a*</span> <span class='ocrx_word' id='word_1_82' title='bbox 471 1048 545 1085; x_wconf 92' lang='lat' dir='ltr'>ne</span> <span class='ocrx_word' id='word_1_83' title='bbox 574 1024 961 1107; x_wconf 84' lang='lat' dir='ltr'>suspicionem</span> <span class='ocrx_word' id='word_1_84' title='bbox 986 1021 1058 1081; x_wconf 90' lang='lat' dir='ltr'>de</span> <span class='ocrx_word' id='word_1_85' title='bbox 1087 1043 1147 1082; x_wconf 90' lang='lat' dir='ltr'>se</span> <span class='ocrx_word' id='word_1_86' title='bbox 1166 1022 1534 1102; x_wconf 73' lang='lat' dir='ltr'>ingererent3</span> <span class='ocrx_word' id='word_1_87' title='bbox 1567 1043 1773 1081; x_wconf 89' lang='lat' dir='ltr'>verum</span> <span class='ocrx_word' id='word_1_88' title='bbox 1801 1044 1931 1082; x_wconf 90' lang='lat' dir='ltr'>cum</span> <span class='ocrx_word' id='word_1_89' title='bbox 1958 1024 2194 1088; x_wconf 80' lang='lat' dir='ltr'>aliunde</span> <span class='ocrx_word' id='word_1_90' title='bbox 2217 1039 2459 1088; x_wconf 37' lang='lat' dir='ltr'>constet*</span> 
     </span>
     <span class='ocr_line' id='line_1_12' title="bbox 316 1114 2444 1203; baseline 0 -20"><span class='ocrx_word' id='word_1_91' title='bbox 316 1126 392 1183; x_wconf 90' lang='lat' dir='ltr'>de</span> <span class='ocrx_word' id='word_1_92' title='bbox 414 1133 570 1182; x_wconf 89' lang='lat' dir='ltr'>recta</span> <span class='ocrx_word' id='word_1_93' title='bbox 591 1121 850 1203; x_wconf 88' lang='lat' dir='ltr'>ipsorum</span> <span class='ocrx_word' id='word_1_94' title='bbox 879 1114 992 1179; x_wconf 87' lang='lat' dir='ltr'>fide</span> <span class='ocrx_word' id='word_1_95' title='bbox 1020 1139 1087 1177; x_wconf 87' lang='lat' dir='ltr'>ac</span> <span class='ocrx_word' id='word_1_96' title='bbox 1104 1117 1382 1197; x_wconf 83' lang='lat' dir='ltr'>religione</span> <span class='ocrx_word' id='word_1_97' title='bbox 1401 1163 1415 1191; x_wconf 79' lang='grc'><em>,</em></span> <span class='ocrx_word' id='word_1_98' title='bbox 1441 1115 1603 1177; x_wconf 88' lang='lat' dir='ltr'>nulla</span> <span class='ocrx_word' id='word_1_99' title='bbox 1629 1130 1718 1178; x_wconf 91' lang='lat' dir='ltr'>est</span> <span class='ocrx_word' id='word_1_100' title='bbox 1741 1119 1888 1178; x_wconf 87' lang='lat' dir='ltr'>ratio</span> <span class='ocrx_word' id='word_1_101' title='bbox 1905 1165 1922 1194; x_wconf 78' lang='grc'><em>,</em></span> <span class='ocrx_word' id='word_1_102' title='bbox 1945 1142 2124 1202; x_wconf 90' lang='lat' dir='ltr'>quare</span> <span class='ocrx_word' id='word_1_103' title='bbox 2141 1122 2218 1183; x_wconf 92' lang='lat' dir='ltr'>ob</span> <span class='ocrx_word' id='word_1_104' title='bbox 2242 1124 2444 1184; x_wconf 93' lang='lat' dir='ltr'>incon-</span> 
     </span>
     <span class='ocr_line' id='line_1_13' title="bbox 313 1211 2445 1297; baseline 0.001 -20"><span class='ocrx_word' id='word_1_105' title='bbox 313 1217 594 1277; x_wconf 85' lang='lat' dir='ltr'>sideratas</span> <span class='ocrx_word' id='word_1_106' title='bbox 630 1215 909 1297; x_wconf 90' lang='lat' dir='ltr'>loquendi</span> <span class='ocrx_word' id='word_1_107' title='bbox 956 1212 1235 1273; x_wconf 85' lang='lat' dir='ltr'>formulas</span> <span class='ocrx_word' id='word_1_108' title='bbox 1272 1211 1488 1294; x_wconf 88' lang='lat' dir='ltr'>ubique</span> <span class='ocrx_word' id='word_1_109' title='bbox 1528 1214 1968 1295; x_wconf 86' lang='lat' dir='ltr'>pantheismum</span> <span class='ocrx_word' id='word_1_110' title='bbox 2005 1217 2202 1278; x_wconf 89' lang='lat' dir='ltr'>videre</span> <span class='ocrx_word' id='word_1_111' title='bbox 2227 1218 2445 1280; x_wconf 88' lang='lat' dir='ltr'>debea-</span> 
     </span>
     <span class='ocr_line' id='line_1_14' title="bbox 319 1309 2358 1395; baseline 0.001 -22"><span class='ocrx_word' id='word_1_112' title='bbox 319 1334 484 1386; x_wconf 77' lang='lat' dir='ltr'>muS.¹</span> <span class='ocrx_word' id='word_1_113' title='bbox 523 1333 588 1371; x_wconf 92' lang='lat' dir='ltr'>ac</span> <span class='ocrx_word' id='word_1_114' title='bbox 632 1332 754 1370; x_wconf 92' lang='lat' dir='ltr'>non</span> <span class='ocrx_word' id='word_1_115' title='bbox 786 1311 977 1393; x_wconf 90' lang='lat' dir='ltr'>potius</span> <span class='ocrx_word' id='word_1_116' title='bbox 1012 1331 1105 1368; x_wconf 89' lang='lat' dir='ltr'>eas</span> <span class='ocrx_word' id='word_1_117' title='bbox 1147 1309 1222 1367; x_wconf 89' lang='lat' dir='ltr'>ad</span> <span class='ocrx_word' id='word_1_118' title='bbox 1259 1309 1565 1368; x_wconf 87' lang='lat' dir='ltr'>rectiorem</span> <span class='ocrx_word' id='word_1_119' title='bbox 1606 1331 1839 1369; x_wconf 88' lang='lat' dir='ltr'>sensum</span> <span class='ocrx_word' id='word_1_120' title='bbox 1877 1313 2217 1393; x_wconf 82' lang='lat' dir='ltr'>pertrahere</span> <span class='ocrx_word' id='word_1_121' title='bbox 2246 1316 2358 1395; x_wconf 80' lang='lat'>(2)</span> 
     </span>
    </p>
   </div>
   <div class='ocr_carea' id='block_1_4' title="bbox 321 1558 1339 1710">
    <p class='ocr_par' dir='ltr' id='par_1_4' title="bbox 321 1558 1339 1710">
     <span class='ocr_line' id='line_1_15' title="bbox 391 1558 1339 1625; baseline -0.011 -16"><span class='ocrx_word' id='word_1_122' title='bbox 391 1562 454 1625; x_wconf 88' lang='lat' dir='ltr'>(l)</span> <span class='ocrx_word' id='word_1_123' title='bbox 495 1561 619 1608; x_wconf 86' lang='lat' dir='ltr'>Prof.</span> <span class='ocrx_word' id='word_1_124' title='bbox 651 1558 827 1607; x_wconf 83' lang='lat' dir='ltr'>Baltzer</span> <span class='ocrx_word' id='word_1_125' title='bbox 855 1567 973 1605; x_wconf 82' lang='lat' dir='ltr'>totus</span> <span class='ocrx_word' id='word_1_126' title='bbox 1002 1559 1051 1603; x_wconf 83' lang='lat' dir='ltr'>in</span> <span class='ocrx_word' id='word_1_127' title='bbox 1082 1573 1136 1604; x_wconf 88' lang='lat' dir='ltr'>eo</span> <span class='ocrx_word' id='word_1_128' title='bbox 1167 1565 1261 1612; x_wconf 83' lang='lat' dir='ltr'>est,</span> <span class='ocrx_word' id='word_1_129' title='bbox 1290 1564 1339 1600; x_wconf 87' lang='lat' dir='ltr'>ut</span> 
     </span>
     <span class='ocr_line' id='line_1_16' title="bbox 321 1635 1339 1710; baseline -0.008 -18"><span class='ocrx_word' id='word_1_130' title='bbox 321 1661 455 1710; x_wconf 87' lang='lat' dir='ltr'>opere</span> <span class='ocrx_word' id='word_1_131' title='bbox 488 1659 570 1691; x_wconf 88' lang='lat' dir='ltr'>suo</span> <span class='ocrx_word' id='word_1_132' title='bbox 602 1641 774 1706; x_wconf 87' lang='lat' dir='ltr'>pluries</span> <span class='ocrx_word' id='word_1_133' title='bbox 799 1658 822 1687; x_wconf 87' lang='lat' dir='ltr'>a</span> <span class='ocrx_word' id='word_1_134' title='bbox 850 1638 982 1687; x_wconf 90' lang='lat' dir='ltr'>nobis</span> <span class='ocrx_word' id='word_1_135' title='bbox 1015 1635 1155 1686; x_wconf 82' lang='lat' dir='ltr'>citato</span> <span class='ocrx_word' id='word_1_136' title='bbox 1184 1647 1339 1685; x_wconf 87' lang='lat' dir='ltr'>osten—</span> 
     </span>
    </p>
   </div>
   <div class='ocr_carea' id='block_1_5' title="bbox 247 1719 1338 1791">
    <p class='ocr_par' dir='ltr' id='par_1_5' title="bbox 247 1719 1338 1791">
     <span class='ocr_line' id='line_1_17' title="bbox 247 1719 1338 1791; baseline -0.008 -15"><span class='ocrx_word' id='word_1_137' title='bbox 247 1764 254 1770; x_wconf 80' lang='lat'><em>.</em></span> <span class='ocrx_word' id='word_1_138' title='bbox 320 1727 401 1775; x_wconf 89' lang='lat' dir='ltr'>dat</span> <span class='ocrx_word' id='word_1_139' title='bbox 432 1726 802 1791; x_wconf 67' lang='lat' dir='ltr'>panffieismum,</span> <span class='ocrx_word' id='word_1_140' title='bbox 843 1723 1090 1787; x_wconf 81' lang='lat' dir='ltr'>praesertim</span> <span class='ocrx_word' id='word_1_141' title='bbox 1126 1719 1338 1785; x_wconf 86' lang='lat' dir='ltr'>Hegelia-</span> 
     </span>
    </p>
   </div>
   <div class='ocr_carea' id='block_1_6' title="bbox 323 1801 1344 2032">
    <p class='ocr_par' dir='ltr' id='par_1_6' title="bbox 323 1801 1344 2032">
     <span class='ocr_line' id='line_1_18' title="bbox 323 1801 1342 1870; baseline -0.01 -12"><span class='ocrx_word' id='word_1_142' title='bbox 323 1828 437 1858; x_wconf 87' lang='lat' dir='ltr'>num</span> <span class='ocrx_word' id='word_1_143' title='bbox 462 1846 474 1868; x_wconf 91' lang='lat'><strong>‚</strong></span> <span class='ocrx_word' id='word_1_144' title='bbox 511 1823 638 1855; x_wconf 91' lang='lat' dir='ltr'>nunc</span> <span class='ocrx_word' id='word_1_145' title='bbox 667 1808 887 1870; x_wconf 89' lang='lat' dir='ltr'>temporis</span> <span class='ocrx_word' id='word_1_146' title='bbox 919 1819 1014 1852; x_wconf 83' lang='lat' dir='ltr'>non</span> <span class='ocrx_word' id='word_1_147' title='bbox 1051 1803 1191 1851; x_wconf 89' lang='lat' dir='ltr'>modo</span> <span class='ocrx_word' id='word_1_148' title='bbox 1219 1801 1342 1866; x_wconf 91' lang='lat' dir='ltr'>apud</span> 
     </span>
     <span class='ocr_line' id='line_1_19' title="bbox 325 1883 1344 1951; baseline -0.008 -12"><span class='ocrx_word' id='word_1_149' title='bbox 325 1891 630 1940; x_wconf 86' lang='lat' dir='ltr'>Protestantes</span> <span class='ocrx_word' id='word_1_150' title='bbox 646 1926 660 1949; x_wconf 88' lang='lat'>‚</span> <span class='ocrx_word' id='word_1_151' title='bbox 689 1889 769 1937; x_wconf 88' lang='lat' dir='ltr'>sed</span> <span class='ocrx_word' id='word_1_152' title='bbox 795 1890 931 1936; x_wconf 84' lang='lat' dir='ltr'>etiam</span> <span class='ocrx_word' id='word_1_153' title='bbox 947 1887 1070 1951; x_wconf 89' lang='lat' dir='ltr'>apud</span> <span class='ocrx_word' id='word_1_154' title='bbox 1086 1885 1241 1950; x_wconf 80' lang='lat' dir='ltr'>plures</span> <span class='ocrx_word' id='word_1_155' title='bbox 1256 1883 1344 1932; x_wconf 88' lang='lat' dir='ltr'>Ca-</span> 
     </span>
     <span class='ocr_line' id='line_1_20' title="bbox 326 1969 1340 2032; baseline -0.008 -11"><span class='ocrx_word' id='word_1_156' title='bbox 326 1973 519 2021; x_wconf 88' lang='lat' dir='ltr'>tholicos</span> <span class='ocrx_word' id='word_1_157' title='bbox 542 1974 592 2019; x_wconf 92' lang='lat' dir='ltr'>in</span> <span class='ocrx_word' id='word_1_158' title='bbox 623 1970 896 2027; x_wconf 77' lang='lat' dir='ltr'>Germania,</span> <span class='ocrx_word' id='word_1_159' title='bbox 931 1969 1022 2016; x_wconf 88' lang='lat' dir='ltr'>late</span> <span class='ocrx_word' id='word_1_160' title='bbox 1039 1972 1340 2032; x_wconf 79' lang='lat' dir='ltr'>grassantem.</span> 
     </span>
    </p>
   </div>
   <div class='ocr_carea' id='block_1_7' title="bbox 248 2051 1347 2121">
    <p class='ocr_par' dir='ltr' id='par_1_7' title="bbox 248 2051 1347 2121">
     <span class='ocr_line' id='line_1_21' title="bbox 248 2051 1347 2121; baseline -0.009 -15"><span class='ocrx_word' id='word_1_161' title='bbox 248 2118 252 2121; x_wconf 17' lang='grc' dir='ltr'><strong><em>Δ</em></strong></span> <span class='ocrx_word' id='word_1_162' title='bbox 326 2057 449 2105; x_wconf 87' lang='lat' dir='ltr'>Hine</span> <span class='ocrx_word' id='word_1_163' title='bbox 500 2055 809 2121; x_wconf 83' lang='lat' dir='ltr'>pantheisticae</span> <span class='ocrx_word' id='word_1_164' title='bbox 859 2053 1053 2118; x_wconf 86' lang='lat' dir='ltr'>alicujus</span> <span class='ocrx_word' id='word_1_165' title='bbox 1101 2051 1347 2099; x_wconf 84' lang='lat' dir='ltr'>tendentiae</span> 
     </span>
    </p>
   </div>
   <div class='ocr_carea' id='block_1_8' title="bbox 325 2135 1368 3604">
    <p class='ocr_par' dir='ltr' id='par_1_8' title="bbox 325 2135 1368 3604">
     <span class='ocr_line' id='line_1_22' title="bbox 325 2135 1348 2203; baseline -0.007 -17"><span class='ocrx_word' id='word_1_166' title='bbox 325 2138 449 2187; x_wconf 85' lang='lat' dir='ltr'>haud</span> <span class='ocrx_word' id='word_1_167' title='bbox 480 2155 650 2203; x_wconf 88' lang='lat' dir='ltr'>paucos</span> <span class='ocrx_word' id='word_1_168' title='bbox 681 2138 822 2184; x_wconf 88' lang='lat' dir='ltr'>etiam</span> <span class='ocrx_word' id='word_1_169' title='bbox 859 2137 1047 2183; x_wconf 81' lang='lat' dir='ltr'>scientia</span> <span class='ocrx_word' id='word_1_170' title='bbox 1088 2151 1142 2181; x_wconf 91' lang='lat' dir='ltr'>ac</span> <span class='ocrx_word' id='word_1_171' title='bbox 1181 2135 1348 2197; x_wconf 89' lang='lat' dir='ltr'>pietate</span> 
     </span>
     <span class='ocr_line' id='line_1_23' title="bbox 326 2219 887 2273; baseline -0.009 -4"><span class='ocrx_word' id='word_1_172' title='bbox 326 2219 674 2269; x_wconf 85' lang='lat' dir='ltr'>commendatos</span> <span class='ocrx_word' id='word_1_173' title='bbox 723 2221 844 2265; x_wconf 77' lang='lat' dir='ltr'>viros</span> <span class='ocrx_word' id='word_1_174' title='bbox 873 2253 887 2273; x_wconf 81' lang='lat'>‚</span> 
     </span>
     <span class='ocr_line' id='line_1_24' title="bbox 327 2298 1348 2367; baseline -0.005 -17"><span class='ocrx_word' id='word_1_175' title='bbox 327 2303 438 2351; x_wconf 88' lang='lat' dir='ltr'>Klee</span> <span class='ocrx_word' id='word_1_176' title='bbox 457 2338 471 2365; x_wconf 85' lang='lat'>‚</span> <span class='ocrx_word' id='word_1_177' title='bbox 501 2301 652 2367; x_wconf 89' lang='lat' dir='ltr'>Drey,</span> <span class='ocrx_word' id='word_1_178' title='bbox 686 2299 857 2348; x_wconf 88' lang='lat' dir='ltr'>Oehler</span> <span class='ocrx_word' id='word_1_179' title='bbox 878 2337 890 2358; x_wconf 88' lang='lat'>‚</span> <span class='ocrx_word' id='word_1_180' title='bbox 923 2309 1012 2347; x_wconf 86' lang='lat' dir='ltr'>etc.</span> <span class='ocrx_word' id='word_1_181' title='bbox 1045 2298 1158 2347; x_wconf 88' lang='lat' dir='ltr'>locis</span> <span class='ocrx_word' id='word_1_182' title='bbox 1187 2315 1348 2346; x_wconf 89' lang='lat' dir='ltr'>eorum</span> 
     </span>
     <span class='ocr_line' id='line_1_25' title="bbox 330 2381 1354 2441; baseline -0.005 -8"><span class='ocrx_word' id='word_1_183' title='bbox 330 2389 380 2433; x_wconf 92' lang='lat' dir='ltr'>in</span> <span class='ocrx_word' id='word_1_184' title='bbox 417 2384 625 2432; x_wconf 89' lang='lat' dir='ltr'>medium</span> <span class='ocrx_word' id='word_1_185' title='bbox 662 2383 844 2441; x_wconf 81' lang='lat' dir='ltr'>allatis,</span> <span class='ocrx_word' id='word_1_186' title='bbox 890 2383 1099 2440; x_wconf 81' lang='lat' dir='ltr'>incusat,</span> <span class='ocrx_word' id='word_1_187' title='bbox 1138 2381 1244 2429; x_wconf 89' lang='lat' dir='ltr'>licet</span> <span class='ocrx_word' id='word_1_188' title='bbox 1277 2383 1354 2428; x_wconf 90' lang='lat' dir='ltr'>in-</span> 
     </span>
     <span class='ocr_line' id='line_1_26' title="bbox 330 2463 1354 2532; baseline -0.006 -16"><span class='ocrx_word' id='word_1_189' title='bbox 330 2485 480 2532; x_wconf 87' lang='lat' dir='ltr'>genue</span> <span class='ocrx_word' id='word_1_190' title='bbox 522 2465 825 2531; x_wconf 85' lang='lat' dir='ltr'>profiteatur,</span> <span class='ocrx_word' id='word_1_191' title='bbox 862 2480 909 2512; x_wconf 87' lang='lat' dir='ltr'>se</span> <span class='ocrx_word' id='word_1_192' title='bbox 942 2463 1354 2529; x_wconf 76' lang='lat' dir='ltr'>nolle‘quidquam</span> 
     </span>
     <span class='ocr_line' id='line_1_27' title="bbox 332 2546 1356 2614; baseline -0.006 -16"><span class='ocrx_word' id='word_1_193' title='bbox 332 2547 548 2614; x_wconf 83' lang='lat' dir='ltr'>religioni</span> <span class='ocrx_word' id='word_1_194' title='bbox 567 2548 754 2596; x_wconf 89' lang='lat' dir='ltr'>illorum</span> <span class='ocrx_word' id='word_1_195' title='bbox 785 2546 1021 2596; x_wconf 84' lang='lat' dir='ltr'>detrahere</span> <span class='ocrx_word' id='word_1_196' title='bbox 1037 2582 1051 2605; x_wconf 91' lang='lat'>‚</span> <span class='ocrx_word' id='word_1_197' title='bbox 1076 2546 1156 2594; x_wconf 91' lang='lat' dir='ltr'>sed</span> <span class='ocrx_word' id='word_1_198' title='bbox 1172 2555 1356 2594; x_wconf 86' lang='lat' dir='ltr'>tantum</span> 
     </span>
     <span class='ocr_line' id='line_1_28' title="bbox 333 2628 1359 2695; baseline -0.003 -15"><span class='ocrx_word' id='word_1_199' title='bbox 333 2642 544 2680; x_wconf 86' lang='lat' dir='ltr'>naturam</span> <span class='ocrx_word' id='word_1_200' title='bbox 573 2640 618 2679; x_wconf 88' lang='lat' dir='ltr'>et</span> <span class='ocrx_word' id='word_1_201' title='bbox 643 2632 930 2678; x_wconf 86' lang='lat' dir='ltr'>consectaria</span> <span class='ocrx_word' id='word_1_202' title='bbox 956 2631 1168 2695; x_wconf 82' lang='lat' dir='ltr'>persequi</span> <span class='ocrx_word' id='word_1_203' title='bbox 1188 2628 1359 2677; x_wconf 87' lang='lat' dir='ltr'>doctri-</span> 
     </span>
     <span class='ocr_line' id='line_1_29' title="bbox 334 2712 1355 2780; baseline -0.002 -18"><span class='ocrx_word' id='word_1_204' title='bbox 334 2731 524 2763; x_wconf 88' lang='lat' dir='ltr'>narum.</span> <span class='ocrx_word' id='word_1_205' title='bbox 560 2713 653 2762; x_wconf 91' lang='lat' dir='ltr'>Nos</span> <span class='ocrx_word' id='word_1_206' title='bbox 686 2714 863 2780; x_wconf 87' lang='lat' dir='ltr'>aliquid</span> <span class='ocrx_word' id='word_1_207' title='bbox 897 2712 1063 2761; x_wconf 89' lang='lat' dir='ltr'>damus</span> <span class='ocrx_word' id='word_1_208' title='bbox 1096 2712 1320 2761; x_wconf 89' lang='lat' dir='ltr'>Baltzerio</span> <span class='ocrx_word' id='word_1_209' title='bbox 1342 2749 1355 2771; x_wconf 94' lang='lat'>‚</span> 
     </span>
     <span class='ocr_line' id='line_1_30' title="bbox 336 2796 1357 2863; baseline -0.001 -17"><span class='ocrx_word' id='word_1_210' title='bbox 336 2800 493 2846; x_wconf 86' lang='lat' dir='ltr'>uti·ex</span> <span class='ocrx_word' id='word_1_211' title='bbox 521 2799 607 2857; x_wconf 88' lang='lat' dir='ltr'>iis,</span> <span class='ocrx_word' id='word_1_212' title='bbox 641 2813 746 2863; x_wconf 82' lang='lat' dir='ltr'>quae</span> <span class='ocrx_word' id='word_1_213' title='bbox 779 2798 855 2846; x_wconf 87' lang='lat' dir='ltr'>hic</span> <span class='ocrx_word' id='word_1_214' title='bbox 877 2796 1152 2863; x_wconf 86' lang='lat' dir='ltr'>proferimus</span> <span class='ocrx_word' id='word_1_215' title='bbox 1170 2834 1182 2856; x_wconf 84' lang='lat'><strong>,</strong></span> <span class='ocrx_word' id='word_1_216' title='bbox 1217 2806 1357 2861; x_wconf 90' lang='lat' dir='ltr'>patet.</span> 
     </span>
     <span class='ocr_line' id='line_1_31' title="bbox 338 2878 1361 2943; baseline -0.002 -15"><span class='ocrx_word' id='word_1_217' title='bbox 338 2879 554 2929; x_wconf 81' lang='lat' dir='ltr'>Attamen</span> <span class='ocrx_word' id='word_1_218' title='bbox 579 2879 697 2928; x_wconf 91' lang='lat' dir='ltr'>illud</span> <span class='ocrx_word' id='word_1_219' title='bbox 727 2882 863 2928; x_wconf 84' lang='lat' dir='ltr'>etiam</span> <span class='ocrx_word' id='word_1_220' title='bbox 894 2878 1134 2938; x_wconf 84' lang='lat' dir='ltr'>addimus,</span> <span class='ocrx_word' id='word_1_221' title='bbox 1158 2878 1287 2943; x_wconf 84' lang='lat' dir='ltr'>plura</span> <span class='ocrx_word' id='word_1_222' title='bbox 1306 2896 1361 2927; x_wconf 86' lang='lat' dir='ltr'>ex</span> 
     </span>
     <span class='ocr_line' id='line_1_32' title="bbox 325 2961 1363 3026; baseline 0 -16"><span class='ocrx_word' id='word_1_223' title='bbox 325 2963 485 3023; x_wconf 33' lang='lat' dir='ltr'>,allatis</span> <span class='ocrx_word' id='word_1_224' title='bbox 512 2961 570 3009; x_wconf 91' lang='lat' dir='ltr'>ab</span> <span class='ocrx_word' id='word_1_225' title='bbox 601 2964 700 3026; x_wconf 91' lang='lat' dir='ltr'>ipso</span> <span class='ocrx_word' id='word_1_226' title='bbox 734 2961 844 3009; x_wconf 88' lang='lat' dir='ltr'>locis</span> <span class='ocrx_word' id='word_1_227' title='bbox 872 2977 1004 3026; x_wconf 88' lang='lat' dir='ltr'>posse</span> <span class='ocrx_word' id='word_1_228' title='bbox 1031 2963 1198 3009; x_wconf 85' lang='lat' dir='ltr'>saniori</span> <span class='ocrx_word' id='word_1_229' title='bbox 1226 2978 1363 3010; x_wconf 87' lang='lat' dir='ltr'>sensu</span> 
     </span>
     <span class='ocr_line' id='line_1_33' title="bbox 339 3046 1362 3113; baseline -0.001 -19"><span class='ocrx_word' id='word_1_230' title='bbox 339 3047 564 3113; x_wconf 81' lang='lat' dir='ltr'>intelligi3</span> <span class='ocrx_word' id='word_1_231' title='bbox 607 3065 662 3095; x_wconf 87' lang='lat' dir='ltr'>ae</span> <span class='ocrx_word' id='word_1_232' title='bbox 689 3057 907 3113; x_wconf 68' lang='lat' dir='ltr'>praeterea</span> <span class='ocrx_word' id='word_1_233' title='bbox 945 3046 1227 3095; x_wconf 87' lang='lat' dir='ltr'>Baltzerium</span> <span class='ocrx_word' id='word_1_234' title='bbox 1268 3063 1362 3094; x_wconf 89' lang='lat' dir='ltr'>non</span> 
     </span>
     <span class='ocr_line' id='line_1_34' title="bbox 342 3129 1363 3195; baseline 0.003 -20"><span class='ocrx_word' id='word_1_235' title='bbox 342 3129 469 3176; x_wconf 83' lang='lat' dir='ltr'>aliud</span> <span class='ocrx_word' id='word_1_236' title='bbox 495 3129 851 3195; x_wconf 83' lang='lat' dir='ltr'>philosophandi</span> <span class='ocrx_word' id='word_1_237' title='bbox 882 3147 1023 3195; x_wconf 86' lang='lat' dir='ltr'>genus</span> <span class='ocrx_word' id='word_1_238' title='bbox 1039 3130 1363 3194; x_wconf 83' lang='lat' dir='ltr'>utlegitimum</span> 
     </span>
     <span class='ocr_line' id='line_1_35' title="bbox 344 3211 1366 3278; baseline 0.002 -21"><span class='ocrx_word' id='word_1_239' title='bbox 344 3211 582 3260; x_wconf 80' lang='lat' dir='ltr'>admittere</span> <span class='ocrx_word' id='word_1_240' title='bbox 621 3229 769 3278; x_wconf 89' lang='lat' dir='ltr'>quam</span> <span class='ocrx_word' id='word_1_241' title='bbox 811 3230 948 3260; x_wconf 86' lang='lat' dir='ltr'>suum</span> <span class='ocrx_word' id='word_1_242' title='bbox 992 3212 1081 3274; x_wconf 89' lang='lat' dir='ltr'>(ab</span> <span class='ocrx_word' id='word_1_243' title='bbox 1128 3211 1366 3260; x_wconf 86' lang='lat' dir='ltr'>Hermesio</span> 
     </span>
     <span class='ocr_line' id='line_1_36' title="bbox 344 3294 1365 3359; baseline 0.003 -20"><span class='ocrx_word' id='word_1_244' title='bbox 344 3309 515 3357; x_wconf 90' lang='lat' dir='ltr'>nempe</span> <span class='ocrx_word' id='word_1_245' title='bbox 538 3294 757 3341; x_wconf 82' lang='lat' dir='ltr'>haustum</span> <span class='ocrx_word' id='word_1_246' title='bbox 774 3331 787 3353; x_wconf 87' lang='lat'>‚</span> <span class='ocrx_word' id='word_1_247' title='bbox 818 3294 923 3342; x_wconf 89' lang='lat' dir='ltr'>licet</span> <span class='ocrx_word' id='word_1_248' title='bbox 951 3294 1079 3343; x_wconf 89' lang='lat' dir='ltr'>haud</span> <span class='ocrx_word' id='word_1_249' title='bbox 1110 3311 1274 3359; x_wconf 87' lang='lat' dir='ltr'>parum</span> <span class='ocrx_word' id='word_1_250' title='bbox 1292 3311 1365 3342; x_wconf 86' lang='lat' dir='ltr'>re·</span> 
     </span>
     <span class='ocr_line' id='line_1_37' title="bbox 346 3375 1368 3441; baseline 0.003 -20"><span class='ocrx_word' id='word_1_251' title='bbox 346 3375 649 3437; x_wconf 80' lang='lat' dir='ltr'>formatum),</span> <span class='ocrx_word' id='word_1_252' title='bbox 686 3394 779 3441; x_wconf 88' lang='lat' dir='ltr'>quo</span> <span class='ocrx_word' id='word_1_253' title='bbox 811 3376 862 3424; x_wconf 83' lang='lat' dir='ltr'>fit</span> <span class='ocrx_word' id='word_1_254' title='bbox 894 3386 946 3424; x_wconf 87' lang='lat' dir='ltr'>ut</span> <span class='ocrx_word' id='word_1_255' title='bbox 975 3379 1024 3423; x_wconf 90' lang='lat' dir='ltr'>in</span> <span class='ocrx_word' id='word_1_256' title='bbox 1060 3378 1115 3422; x_wconf 85' lang='lat' dir='ltr'>iis</span> <span class='ocrx_word' id='word_1_257' title='bbox 1135 3414 1147 3435; x_wconf 89' lang='lat'>‚</span> <span class='ocrx_word' id='word_1_258' title='bbox 1183 3379 1263 3441; x_wconf 89' lang='lat' dir='ltr'>qui</span> <span class='ocrx_word' id='word_1_259' title='bbox 1296 3394 1368 3424; x_wconf 86' lang='lat' dir='ltr'>se-</span> 
     </span>
     <span class='ocr_line' id='line_1_38' title="bbox 347 3456 1367 3524; baseline 0.001 -19"><span class='ocrx_word' id='word_1_260' title='bbox 347 3473 429 3505; x_wconf 86' lang='lat' dir='ltr'>cus</span> <span class='ocrx_word' id='word_1_261' title='bbox 448 3456 849 3521; x_wconf 75' lang='lat' dir='ltr'>philosophantur,</span> <span class='ocrx_word' id='word_1_262' title='bbox 873 3458 1004 3507; x_wconf 88' lang='lat' dir='ltr'>facile</span> <span class='ocrx_word' id='word_1_263' title='bbox 1025 3459 1367 3524; x_wconf 84' lang='lat' dir='ltr'>pantheismum</span> 
     </span>
     <span class='ocr_line' id='line_1_39' title="bbox 348 3537 1083 3604; baseline 0.007 -20"><span class='ocrx_word' id='word_1_264' title='bbox 348 3537 522 3604; x_wconf 88' lang='lat' dir='ltr'>ubique</span> <span class='ocrx_word' id='word_1_265' title='bbox 549 3538 636 3585; x_wconf 91' lang='lat' dir='ltr'>sibi</span> <span class='ocrx_word' id='word_1_266' title='bbox 670 3538 827 3587; x_wconf 84' lang='lat' dir='ltr'>videre</span> <span class='ocrx_word' id='word_1_267' title='bbox 854 3541 1083 3589; x_wconf 86' lang='lat' dir='ltr'>videatur.</span> 
     </span>
    </p>
   </div>
   <div class='ocr_carea' id='block_1_9' title="bbox 417 3619 1370 3684">
    <p class='ocr_par' dir='ltr' id='par_1_9' title="bbox 417 3619 1370 3684">
     <span class='ocr_line' id='line_1_40' title="bbox 417 3619 1370 3684; baseline 0.003 -16"><span class='ocrx_word' id='word_1_268' title='bbox 417 3621 480 3684; x_wconf 82' lang='lat'>(2)</span> <span class='ocrx_word' id='word_1_269' title='bbox 518 3619 651 3669; x_wconf 86' lang='lat' dir='ltr'>Certe</span> <span class='ocrx_word' id='word_1_270' title='bbox 686 3638 792 3669; x_wconf 87' lang='lat' dir='ltr'>cnm</span> <span class='ocrx_word' id='word_1_271' title='bbox 834 3633 937 3671; x_wconf 83' lang='lat' dir='ltr'>aetas</span> <span class='ocrx_word' id='word_1_272' title='bbox 982 3620 1134 3673; x_wconf 88' lang='lat' dir='ltr'>nostra</span> <span class='ocrx_word' id='word_1_273' title='bbox 1169 3624 1282 3672; x_wconf 85' lang='lat' dir='ltr'>adeo</span> <span class='ocrx_word' id='word_1_274' title='bbox 1312 3624 1370 3672; x_wconf 88' lang='lat' dir='ltr'>ad</span> 
     </span>
    </p>
   </div>
   <div class='ocr_carea' id='block_1_10' title="bbox 938 2215 1372 2281">
    <p class='ocr_par' dir='ltr' id='par_1_10' title="bbox 938 2215 1372 2281">
     <span class='ocr_line' id='line_1_41' title="bbox 938 2215 1372 2281; baseline -0.005 -17"><span class='ocrx_word' id='word_1_275' title='bbox 938 2215 1306 2281; x_wconf 83' lang='lat' dir='ltr'>Staudenmayer</span> <span class='ocrx_word' id='word_1_276' title='bbox 1333 2251 1346 2273; x_wconf 91' lang='lat'>,</span> <span class='ocrx_word' id='word_1_277' title='bbox 1367 2268 1372 2269; x_wconf 18' lang='lat'><em>⁷</em></span> 
     </span>
    </p>
   </div>
   <div class='ocr_carea' id='block_1_11' title="bbox 1422 1554 2502 3688">
    <p class='ocr_par' dir='ltr' id='par_1_11' title="bbox 1422 1554 2502 3688">
     <span class='ocr_line' id='line_1_42' title="bbox 1422 1554 2443 1622; baseline 0.008 -21"><span class='ocrx_word' id='word_1_278' title='bbox 1422 1554 1766 1619; x_wconf 88' lang='lat' dir='ltr'>pantheismum</span> <span class='ocrx_word' id='word_1_279' title='bbox 1801 1574 1944 1622; x_wconf 86' lang='lat' dir='ltr'>prona</span> <span class='ocrx_word' id='word_1_280' title='bbox 1978 1561 2062 1618; x_wconf 85' lang='lat' dir='ltr'>sit,</span> <span class='ocrx_word' id='word_1_281' title='bbox 2104 1561 2171 1607; x_wconf 90' lang='lat' dir='ltr'>nil</span> <span class='ocrx_word' id='word_1_282' title='bbox 2206 1560 2443 1609; x_wconf 84' lang='lat' dir='ltr'>catholicis</span> 
     </span>
     <span class='ocr_line' id='line_1_43' title="bbox 1423 1637 2444 1704; baseline 0.007 -20"><span class='ocrx_word' id='word_1_283' title='bbox 1423 1637 1721 1701; x_wconf 81' lang='lat' dir='ltr'>scriptoribus</span> <span class='ocrx_word' id='word_1_284' title='bbox 1775 1641 2014 1704; x_wconf 87' lang='lat' dir='ltr'>antiquius</span> <span class='ocrx_word' id='word_1_285' title='bbox 2070 1657 2165 1691; x_wconf 89' lang='lat' dir='ltr'>esse</span> <span class='ocrx_word' id='word_1_286' title='bbox 2217 1642 2402 1692; x_wconf 87' lang='lat' dir='ltr'>deberet</span> <span class='ocrx_word' id='word_1_287' title='bbox 2431 1681 2444 1702; x_wconf 88' lang='lat'>‚</span> 
     </span>
     <span class='ocr_line' id='line_1_44' title="bbox 1424 1720 2449 1784; baseline 0.007 -18"><span class='ocrx_word' id='word_1_288' title='bbox 1424 1736 1563 1784; x_wconf 87' lang='lat' dir='ltr'>quam</span> <span class='ocrx_word' id='word_1_289' title='bbox 1595 1736 1671 1767; x_wconf 88' lang='lat' dir='ltr'>eas</span> <span class='ocrx_word' id='word_1_290' title='bbox 1707 1720 1963 1769; x_wconf 85' lang='lat' dir='ltr'>locutiones</span> <span class='ocrx_word' id='word_1_291' title='bbox 1994 1722 2121 1770; x_wconf 83' lang='lat' dir='ltr'>haud</span> <span class='ocrx_word' id='word_1_292' title='bbox 2157 1726 2264 1772; x_wconf 87' lang='lat' dir='ltr'>satis</span> <span class='ocrx_word' id='word_1_293' title='bbox 2297 1724 2449 1773; x_wconf 86' lang='lat' dir='ltr'>deter-</span> 
     </span>
     <span class='ocr_line' id='line_1_45' title="bbox 1426 1802 2447 1869; baseline 0.008 -22"><span class='ocrx_word' id='word_1_294' title='bbox 1426 1802 1628 1849; x_wconf 86' lang='lat' dir='ltr'>minatas</span> <span class='ocrx_word' id='word_1_295' title='bbox 1651 1837 1665 1862; x_wconf 91' lang='lat'>,</span> <span class='ocrx_word' id='word_1_296' title='bbox 1707 1811 1788 1850; x_wconf 87' lang='lat' dir='ltr'>aut</span> <span class='ocrx_word' id='word_1_297' title='bbox 1822 1805 1961 1851; x_wconf 87' lang='lat' dir='ltr'>etiam</span> <span class='ocrx_word' id='word_1_298' title='bbox 2002 1803 2168 1869; x_wconf 88' lang='lat' dir='ltr'>placita</span> <span class='ocrx_word' id='word_1_299' title='bbox 2210 1806 2447 1866; x_wconf 86' lang='lat' dir='ltr'>devitare,</span> 
     </span>
     <span class='ocr_line' id='line_1_46' title="bbox 1428 1883 2450 1949; baseline 0.007 -19"><span class='ocrx_word' id='word_1_300' title='bbox 1428 1901 1529 1949; x_wconf 86' lang='lat' dir='ltr'>quae</span> <span class='ocrx_word' id='word_1_301' title='bbox 1560 1883 1870 1948; x_wconf 83' lang='lat' dir='ltr'>pantheisticae</span> <span class='ocrx_word' id='word_1_302' title='bbox 1899 1885 2009 1934; x_wconf 90' lang='lat' dir='ltr'>huic</span> <span class='ocrx_word' id='word_1_303' title='bbox 2029 1888 2271 1936; x_wconf 81' lang='lat' dir='ltr'>tendentiae</span> <span class='ocrx_word' id='word_1_304' title='bbox 2294 1906 2450 1937; x_wconf 82' lang='lat' dir='ltr'>ansam</span> 
     </span>
     <span class='ocr_line' id='line_1_47' title="bbox 1427 1967 2453 2035; baseline 0.006 -21"><span class='ocrx_word' id='word_1_305' title='bbox 1427 1967 1628 2031; x_wconf 84' lang='lat' dir='ltr'>praebere</span> <span class='ocrx_word' id='word_1_306' title='bbox 1654 1978 1863 2031; x_wconf 87' lang='lat' dir='ltr'>possunt.</span> <span class='ocrx_word' id='word_1_307' title='bbox 1886 1967 1948 2017; x_wconf 82' lang='lat' dir='ltr'>Ut</span> <span class='ocrx_word' id='word_1_308' title='bbox 1985 1969 2161 2035; x_wconf 87' lang='lat' dir='ltr'>aliquid</span> <span class='ocrx_word' id='word_1_309' title='bbox 2195 1970 2284 2019; x_wconf 87' lang='lat' dir='ltr'>hac</span> <span class='ocrx_word' id='word_1_310' title='bbox 2314 1971 2371 2019; x_wconf 88' lang='lat' dir='ltr'>de</span> <span class='ocrx_word' id='word_1_311' title='bbox 2403 1989 2453 2020; x_wconf 90' lang='lat' dir='ltr'>re</span> 
     </span>
     <span class='ocr_line' id='line_1_48' title="bbox 1429 2048 2456 2118; baseline 0.005 -22"><span class='ocrx_word' id='word_1_312' title='bbox 1429 2048 1699 2114; x_wconf 80' lang='lat' dir='ltr'>singillatim</span> <span class='ocrx_word' id='word_1_313' title='bbox 1731 2052 2039 2115; x_wconf 85' lang='lat' dir='ltr'>attingamus,</span> <span class='ocrx_word' id='word_1_314' title='bbox 2073 2052 2208 2100; x_wconf 88' lang='lat' dir='ltr'>nobis</span> <span class='ocrx_word' id='word_1_315' title='bbox 2228 2055 2335 2101; x_wconf 87' lang='lat' dir='ltr'>satis</span> <span class='ocrx_word' id='word_1_316' title='bbox 2350 2070 2456 2118; x_wconf 87' lang='lat' dir='ltr'>pro-</span> 
     </span>
     <span class='ocr_line' id='line_1_49' title="bbox 1430 2133 2453 2202; baseline 0.006 -23"><span class='ocrx_word' id='word_1_317' title='bbox 1430 2133 1531 2181; x_wconf 82' lang='lat' dir='ltr'>bari</span> <span class='ocrx_word' id='word_1_318' title='bbox 1567 2151 1662 2182; x_wconf 92' lang='lat' dir='ltr'>non</span> <span class='ocrx_word' id='word_1_319' title='bbox 1698 2145 1889 2198; x_wconf 85' lang='lat' dir='ltr'>possunt</span> <span class='ocrx_word' id='word_1_320' title='bbox 1917 2133 2252 2185; x_wconf 86' lang='lat' dir='ltr'>affirmationes</span> <span class='ocrx_word' id='word_1_321' title='bbox 2287 2134 2453 2202; x_wconf 86' lang='lat' dir='ltr'>hujus-</span> 
     </span>
     <span class='ocr_line' id='line_1_50' title="bbox 1435 2215 2455 2284; baseline 0.004 -22"><span class='ocrx_word' id='word_1_322' title='bbox 1435 2215 1592 2274; x_wconf 85' lang='lat' dir='ltr'>modi,</span> <span class='ocrx_word' id='word_1_323' title='bbox 1633 2233 1733 2281; x_wconf 86' lang='lat' dir='ltr'>quae</span> <span class='ocrx_word' id='word_1_324' title='bbox 1772 2217 1822 2263; x_wconf 91' lang='lat' dir='ltr'>in</span> <span class='ocrx_word' id='word_1_325' title='bbox 1855 2216 2090 2282; x_wconf 84' lang='lat' dir='ltr'>aliquibus</span> <span class='ocrx_word' id='word_1_326' title='bbox 2128 2220 2314 2284; x_wconf 82' lang='lat' dir='ltr'>egregiis</span> <span class='ocrx_word' id='word_1_327' title='bbox 2343 2218 2455 2267; x_wconf 87' lang='lat' dir='ltr'>Ger-</span> 
     </span>
     <span class='ocr_line' id='line_1_51' title="bbox 1434 2299 2458 2366; baseline 0.004 -20"><span class='ocrx_word' id='word_1_328' title='bbox 1434 2301 1600 2347; x_wconf 70' lang='lat' dir='ltr'>manias</span> <span class='ocrx_word' id='word_1_329' title='bbox 1654 2317 1708 2348; x_wconf 91' lang='lat' dir='ltr'>ac</span> <span class='ocrx_word' id='word_1_330' title='bbox 1753 2302 1890 2349; x_wconf 85' lang='lat' dir='ltr'>etiam</span> <span class='ocrx_word' id='word_1_331' title='bbox 1939 2299 2096 2349; x_wconf 75' lang='lat' dir='ltr'>Galliac</span> <span class='ocrx_word' id='word_1_332' title='bbox 2159 2302 2458 2366; x_wconf 85' lang='lat' dir='ltr'>scriptoribus</span> 
     </span>
     <span class='ocr_line' id='line_1_52' title="bbox 1435 2382 2456 2444; baseline 0.002 -13"><span class='ocrx_word' id='word_1_333' title='bbox 1435 2382 1672 2431; x_wconf 88' lang='lat' dir='ltr'>catholicis</span> <span class='ocrx_word' id='word_1_334' title='bbox 1699 2394 1965 2437; x_wconf 82' lang='lat' dir='ltr'>occurrunt.</span> <span class='ocrx_word' id='word_1_335' title='bbox 1993 2384 2193 2444; x_wconf 85' lang='lat' dir='ltr'>1⁰Quod</span> <span class='ocrx_word' id='word_1_336' title='bbox 2217 2388 2456 2434; x_wconf 84' lang='lat' dir='ltr'>conscien-</span> 
     </span>
     <span class='ocr_line' id='line_1_53' title="bbox 1439 2465 2457 2531; baseline 0.003 -19"><span class='ocrx_word' id='word_1_337' title='bbox 1439 2469 1500 2513; x_wconf 88' lang='lat' dir='ltr'>tia</span> <span class='ocrx_word' id='word_1_338' title='bbox 1532 2467 1684 2513; x_wconf 78' lang='lat' dir='ltr'>nostri</span> <span class='ocrx_word' id='word_1_339' title='bbox 1715 2465 1823 2531; x_wconf 80' lang='lat' dir='ltr'>qu</span> <span class='ocrx_word' id='word_1_340' title='bbox 1842 2466 1986 2529; x_wconf 77' lang='lat' dir='ltr'>finiti</span> <span class='ocrx_word' id='word_1_341' title='bbox 2013 2466 2322 2516; x_wconf 77' lang='lat' dir='ltr'>identificatur</span> <span class='ocrx_word' id='word_1_342' title='bbox 2350 2483 2457 2515; x_wconf 88' lang='lat' dir='ltr'>cum</span> 
     </span>
     <span class='ocr_line' id='line_1_54' title="bbox 1438 2548 2459 2614; baseline 0.002 -18"><span class='ocrx_word' id='word_1_343' title='bbox 1438 2550 1717 2596; x_wconf 86' lang='lat' dir='ltr'>conscientia</span> <span class='ocrx_word' id='word_1_344' title='bbox 1749 2548 1936 2612; x_wconf 75' lang='lat' dir='ltr'>infiniti</span> <span class='ocrx_word' id='word_1_345' title='bbox 1958 2556 2003 2596; x_wconf 81' lang='lat' dir='ltr'>et</span> <span class='ocrx_word' id='word_1_346' title='bbox 2031 2548 2260 2606; x_wconf 69' lang='lat' dir='ltr'>absoluti,</span> <span class='ocrx_word' id='word_1_347' title='bbox 2292 2567 2459 2614; x_wconf 85' lang='lat' dir='ltr'>nempe</span> 
     </span>
     <span class='ocr_line' id='line_1_55' title="bbox 1440 2629 2459 2697; baseline -0.001 -19"><span class='ocrx_word' id='word_1_348' title='bbox 1440 2629 1558 2691; x_wconf 89' lang='lat' dir='ltr'>Dei,</span> <span class='ocrx_word' id='word_1_349' title='bbox 1589 2633 1652 2679; x_wconf 87' lang='lat' dir='ltr'>ita</span> <span class='ocrx_word' id='word_1_350' title='bbox 1671 2641 1745 2691; x_wconf 89' lang='lat' dir='ltr'>ut,</span> <span class='ocrx_word' id='word_1_351' title='bbox 1763 2633 1852 2679; x_wconf 91' lang='lat' dir='ltr'>nisi</span> <span class='ocrx_word' id='word_1_352' title='bbox 1868 2633 2171 2697; x_wconf 85' lang='lat' dir='ltr'>percipiamus</span> <span class='ocrx_word' id='word_1_353' title='bbox 2188 2631 2459 2678; x_wconf 77' lang='lat' dir='ltr'>immediate</span> 
     </span>
     <span class='ocr_line' id='line_1_56' title="bbox 1441 2713 2459 2780; baseline -0.003 -18"><span class='ocrx_word' id='word_1_354' title='bbox 1441 2713 1703 2762; x_wconf 89' lang='lat' dir='ltr'>absolutum</span> <span class='ocrx_word' id='word_1_355' title='bbox 1723 2751 1734 2772; x_wconf 86' lang='lat'>,</span> <span class='ocrx_word' id='word_1_356' title='bbox 1785 2731 1847 2763; x_wconf 88' lang='lat' dir='ltr'>ne</span> <span class='ocrx_word' id='word_1_357' title='bbox 1879 2714 2072 2780; x_wconf 88' lang='lat' dir='ltr'>quidem</span> <span class='ocrx_word' id='word_1_358' title='bbox 2099 2713 2330 2779; x_wconf 85' lang='lat' dir='ltr'>percipere</span> <span class='ocrx_word' id='word_1_359' title='bbox 2357 2729 2459 2776; x_wconf 84' lang='lat' dir='ltr'>pos-</span> 
     </span>
     <span class='ocr_line' id='line_1_57' title="bbox 1441 2796 2460 2862; baseline -0.003 -17"><span class='ocrx_word' id='word_1_360' title='bbox 1441 2800 1586 2845; x_wconf 86' lang='lat' dir='ltr'>simus</span> <span class='ocrx_word' id='word_1_361' title='bbox 1601 2806 1815 2845; x_wconf 76' lang='lat' dir='ltr'>nostrum</span> <span class='ocrx_word' id='word_1_362' title='bbox 1834 2796 1885 2845; x_wconf 84' lang='lat' dir='ltr'><em>E</em></span> <span class='ocrx_word' id='word_1_363' title='bbox 1884 2814 1963 2862; x_wconf 75' lang='lat'>90.</span> <span class='ocrx_word' id='word_1_364' title='bbox 1979 2797 2078 2845; x_wconf 87' lang='lat' dir='ltr'>Hoc</span> <span class='ocrx_word' id='word_1_365' title='bbox 2093 2797 2253 2847; x_wconf 88' lang='lat' dir='ltr'>recidit</span> <span class='ocrx_word' id='word_1_366' title='bbox 2265 2798 2316 2844; x_wconf 89' lang='lat' dir='ltr'>in</span> <span class='ocrx_word' id='word_1_367' title='bbox 2332 2798 2460 2861; x_wconf 91' lang='lat' dir='ltr'>prin-</span> 
     </span>
     <span class='ocr_line' id='line_1_58' title="bbox 1443 2878 2462 2945; baseline -0.004 -17"><span class='ocrx_word' id='word_1_368' title='bbox 1443 2882 1617 2945; x_wconf 89' lang='lat' dir='ltr'>cipium</span> <span class='ocrx_word' id='word_1_369' title='bbox 1651 2880 1954 2945; x_wconf 68' lang='lat' dir='ltr'>philosophiae</span> <span class='ocrx_word' id='word_1_370' title='bbox 1984 2879 2202 2927; x_wconf 79' lang='lat' dir='ltr'>eclecticae</span> <span class='ocrx_word' id='word_1_371' title='bbox 2221 2915 2234 2937; x_wconf 86' lang='lat'>‚</span> <span class='ocrx_word' id='word_1_372' title='bbox 2265 2878 2390 2944; x_wconf 86' lang='lat' dir='ltr'>quod</span> <span class='ocrx_word' id='word_1_373' title='bbox 2412 2881 2462 2925; x_wconf 92' lang='lat' dir='ltr'>in</span> 
     </span>
     <span class='ocr_line' id='line_1_59' title="bbox 1443 2959 2463 3027; baseline -0.001 -18"><span class='ocrx_word' id='word_1_374' title='bbox 1443 2964 1593 3027; x_wconf 90' lang='lat' dir='ltr'>primo</span> <span class='ocrx_word' id='word_1_375' title='bbox 1622 2971 1726 3010; x_wconf 88' lang='lat' dir='ltr'>actu</span> <span class='ocrx_word' id='word_1_376' title='bbox 1758 2963 2066 3027; x_wconf 86' lang='lat' dir='ltr'>perceptionis</span> <span class='ocrx_word' id='word_1_377' title='bbox 2089 2959 2246 3009; x_wconf 84' lang='lat' dir='ltr'>anima</span> <span class='ocrx_word' id='word_1_378' title='bbox 2273 2962 2463 3025; x_wconf 85' lang='lat' dir='ltr'>percipit</span> 
     </span>
     <span class='ocr_line' id='line_1_60' title="bbox 1445 3029 2465 3102; baseline -0.004 -10"><span class='ocrx_word' id='word_1_379' title='bbox 1445 3061 1492 3092; x_wconf 88' lang='lat' dir='ltr'>se</span> <span class='ocrx_word' id='word_1_380' title='bbox 1511 3081 1523 3102; x_wconf 86' lang='lat'><strong>‚</strong></span> <span class='ocrx_word' id='word_1_381' title='bbox 1566 3044 1795 3092; x_wconf 89' lang='lat' dir='ltr'>mundum</span> <span class='ocrx_word' id='word_1_382' title='bbox 1823 3054 1870 3091; x_wconf 90' lang='lat' dir='ltr'>et</span> <span class='ocrx_word' id='word_1_383' title='bbox 1898 3029 2163 3100; x_wconf 82' lang='lat' dir='ltr'>infinitum,</span> <span class='ocrx_word' id='word_1_384' title='bbox 2184 3041 2321 3090; x_wconf 85' lang='lat' dir='ltr'>veluti</span> <span class='ocrx_word' id='word_1_385' title='bbox 2351 3041 2465 3089; x_wconf 79' lang='lat' dir='ltr'><strong><em>Tri-</em></strong></span> 
     </span>
     <span class='ocr_line' id='line_1_61' title="bbox 1445 3124 2461 3191; baseline -0.001 -18"><span class='ocrx_word' id='word_1_386' title='bbox 1445 3130 1643 3174; x_wconf 72' lang='lat' dir='ltr'>nitatem</span> <span class='ocrx_word' id='word_1_387' title='bbox 1673 3126 1932 3191; x_wconf 81' lang='lat' dir='ltr'>quamdam</span> <span class='ocrx_word' id='word_1_388' title='bbox 1950 3127 2006 3173; x_wconf 75' lang='lat' dir='ltr'>in</span> <span class='ocrx_word' id='word_1_389' title='bbox 2030 3127 2232 3174; x_wconf 77' lang='lat' dir='ltr'>unitate.</span> <span class='ocrx_word' id='word_1_390' title='bbox 2255 3133 2307 3172; x_wconf 83' lang='lat'>2⁰</span> <span class='ocrx_word' id='word_1_391' title='bbox 2324 3124 2461 3190; x_wconf 79' lang='lat' dir='ltr'>Quod</span> 
     </span>
     <span class='ocr_line' id='line_1_62' title="bbox 1443 3210 2467 3275; baseline -0.003 -18"><span class='ocrx_word' id='word_1_392' title='bbox 1443 3211 1642 3275; x_wconf 76' lang='lat' dir='ltr'>finitum</span> <span class='ocrx_word' id='word_1_393' title='bbox 1675 3227 1770 3258; x_wconf 93' lang='lat' dir='ltr'>non</span> <span class='ocrx_word' id='word_1_394' title='bbox 1800 3212 1857 3257; x_wconf 86' lang='lat' dir='ltr'>sit</span> <span class='ocrx_word' id='word_1_395' title='bbox 1885 3211 1973 3256; x_wconf 88' lang='lat' dir='ltr'>nisi</span> <span class='ocrx_word' id='word_1_396' title='bbox 2004 3226 2133 3256; x_wconf 86' lang='lat' dir='ltr'>mera</span> <span class='ocrx_word' id='word_1_397' title='bbox 2163 3211 2350 3273; x_wconf 68' lang='lat' dir='ltr'>‘neqatio</span> <span class='ocrx_word' id='word_1_398' title='bbox 2387 3210 2467 3255; x_wconf 80' lang='lat' dir='ltr'>in-</span> 
     </span>
     <span class='ocr_line' id='line_1_63' title="bbox 1443 3289 2467 3357; baseline -0.002 -17"><span class='ocrx_word' id='word_1_399' title='bbox 1443 3293 1603 3357; x_wconf 76' lang='lat' dir='ltr'>finiti,</span> <span class='ocrx_word' id='word_1_400' title='bbox 1632 3309 1689 3340; x_wconf 87' lang='lat' dir='ltr'>ac</span> <span class='ocrx_word' id='word_1_401' title='bbox 1716 3291 1909 3357; x_wconf 88' lang='lat' dir='ltr'>proinde</span> <span class='ocrx_word' id='word_1_402' title='bbox 1932 3290 2174 3351; x_wconf 79' lang='lat' dir='ltr'>Non-ens,</span> <span class='ocrx_word' id='word_1_403' title='bbox 2207 3308 2304 3357; x_wconf 89' lang='lat' dir='ltr'>quo</span> <span class='ocrx_word' id='word_1_404' title='bbox 2331 3289 2467 3338; x_wconf 89' lang='lat' dir='ltr'>innui</span> 
     </span>
     <span class='ocr_line' id='line_1_64' title="bbox 1452 3374 2471 3424; baseline -0.004 0"><span class='ocrx_word' id='word_1_405' title='bbox 1452 3377 1682 3424; x_wconf 81' lang='lat' dir='ltr'>videretur</span> <span class='ocrx_word' id='word_1_406' title='bbox 1723 3375 1907 3421; x_wconf 87' lang='lat' dir='ltr'>finitum</span> <span class='ocrx_word' id='word_1_407' title='bbox 1955 3392 2009 3422; x_wconf 88' lang='lat' dir='ltr'>ac</span> <span class='ocrx_word' id='word_1_408' title='bbox 2057 3374 2364 3423; x_wconf 87' lang='lat' dir='ltr'>conditionale</span> <span class='ocrx_word' id='word_1_409' title='bbox 2412 3388 2471 3421; x_wconf 87' lang='lat' dir='ltr'>ne</span> 
     </span>
     <span class='ocr_line' id='line_1_65' title="bbox 1451 3456 2502 3523; baseline -0.004 -16"><span class='ocrx_word' id='word_1_410' title='bbox 1451 3460 1640 3507; x_wconf 79' lang='lat' dir='ltr'>existere</span> <span class='ocrx_word' id='word_1_411' title='bbox 1670 3457 1858 3522; x_wconf 84' lang='lat' dir='ltr'>quidem</span> <span class='ocrx_word' id='word_1_412' title='bbox 1880 3495 1891 3515; x_wconf 77' lang='grc'><em>,</em></span> <span class='ocrx_word' id='word_1_413' title='bbox 1926 3467 2064 3523; x_wconf 83' lang='lat' dir='ltr'>atque</span> <span class='ocrx_word' id='word_1_414' title='bbox 2103 3458 2213 3505; x_wconf 90' lang='lat' dir='ltr'>hinc</span> <span class='ocrx_word' id='word_1_415' title='bbox 2240 3457 2298 3504; x_wconf 90' lang='lat' dir='ltr'>ad</span> <span class='ocrx_word' id='word_1_416' title='bbox 2323 3456 2502 3521; x_wconf 55' lang='lat' dir='ltr'>placi-J}</span> 
     </span>
     <span class='ocr_line' id='line_1_66' title="bbox 1453 3525 2476 3605; baseline -0.004 -18"><span class='ocrx_word' id='word_1_417' title='bbox 1453 3550 1551 3588; x_wconf 90' lang='lat' dir='ltr'>tum</span> <span class='ocrx_word' id='word_1_418' title='bbox 1579 3538 1971 3588; x_wconf 84' lang='lat' dir='ltr'>neo-Germanicae</span> <span class='ocrx_word' id='word_1_419' title='bbox 2005 3538 2302 3605; x_wconf 81' lang='lat' dir='ltr'>philosophiae</span> <span class='ocrx_word' id='word_1_420' title='bbox 2331 3525 2502 3585; x_wconf 46' lang='lat' dir='ltr'>deve?</span> 
     </span>
     <span class='ocr_line' id='line_1_67' title="bbox 1454 3603 2502 3688; baseline -0.007 -18"><span class='ocrx_word' id='word_1_421' title='bbox 1454 3624 1658 3681; x_wconf 85' lang='lat' dir='ltr'>niretur‚</span> <span class='ocrx_word' id='word_1_422' title='bbox 1707 3640 1807 3688; x_wconf 65' lang='lat' dir='ltr'>quse</span> <span class='ocrx_word' id='word_1_423' title='bbox 1846 3640 2013 3688; x_wconf 89' lang='lat' dir='ltr'>nempe</span> <span class='ocrx_word' id='word_1_424' title='bbox 2036 3660 2049 3682; x_wconf 87' lang='lat'><strong>‚</strong></span> <span class='ocrx_word' id='word_1_425' title='bbox 2094 3620 2386 3670; x_wconf 87' lang='lat' dir='ltr'>confundens</span> <span class='ocrx_word' id='word_1_426' title='bbox 2418 3603 2502 3678; x_wconf 46' lang='lat' dir='ltr'>wlf</span> 
     </span>
    </p>
   </div>
  </div>
 </body>
</html>
