2502 4134
412 123 567 160 mar.
617 122 704 158 ιιι.
752 120 906 158 εΕοΤ.
957 123 996 158 ι.
1043 122 1170 159 CAP.
1220 122 1281 158 11.
1333 123 1399 158 ns
1445 124 1574 159 aar.
1621 121 1740 160 CUM
1784 124 1893 160 rm.
2098 104 2214 165 487

98 286 226 347 quae
247 262 603 324 inevidentia
625 263 868 321 omnino
893 283 960 322 ac
983 262 1227 322 obscura
1262 274 1529 321 manent.
1557 262 1824 336 Accedit,
1849 263 2007 344 quod
2025 285 2220 325 assen-

43 410 46 414 .
100 381 195 418 sus
234 353 475 435 objectis
508 356 644 415 fidei
678 357 892 418 divinae
918 356 1284 439 praestandus
1317 355 1488 436 longe
1517 358 1738 416 firmior
1774 357 1879 431 sit,
1920 379 1985 417 ac
2013 358 2221 418 diffici-

97 454 206 513 lior
221 452 491 534 proinde7
509 474 877 533 quocumque
895 451 1147 511 naturali
1163 452 1576 511 assensu.Cum
1595 452 1769 531 igitur
1785 465 1905 512 tota
1923 453 2217 514 evidentia

97 561 199 608 aut
240 548 564 622 certitudO‚
618 568 745 629 quae
799 568 869 605 ex
913 547 1048 606 fidei
1093 545 1417 605 extrinseca
1463 545 1962 606 demonstratione
2003 548 2217 625 oritur,

97 645 228 703 talis
258 644 517 723 profecto
552 666 670 701 non
713 642 820 716 sit,
863 663 993 723 quae
1031 641 1352 705 necessario
1395 641 1760 701 intellectum
1810 643 1884 701 ad
1919 665 2218 704 assensum

96 739 481 820 praebendum
514 737 817 820 pertrahat
838 781 853 810 ‚
890 737 1213 797 voluntatis
1245 748 1334 795 est
1370 736 1661 814 ejusmodi
1700 759 2002 797 assensum
2029 738 2218 798 intel-

98 833 275 895 lectui
290 835 611 914 imperare3
638 830 925 913 siquidem
944 830 1064 891 sola
1081 830 1378 893 evidentia
1395 831 1812 913 metaphysica,
1836 834 1920 891 uti
1943 834 2218 894 animad-

100 931 380 990 vertimus
403 974 420 1003 .,
447 950 514 988 ea
545 940 631 988 est
667 948 794 1009 quae
823 927 1160 986 immediate
1191 927 1347 1008 rapit
1375 927 1736 987 intellectum
1776 927 1852 986 ad
1884 929 2215 989 assentien—

97 1025 263 1083 dum.
287 1026 656 1105 Quapropter
671 1022 805 1082 licet
821 1022 1216 1104 metaphysice
1242 1022 1482 1081 evidens
1504 1023 1578 1080 sit
1597 1067 1613 1094 ‚
1640 1025 1827 1082 Deum
1842 1044 1966 1082 esse
1986 1046 2214 1084 summe

98 1141 366 1179 veracem
386 1165 403 1192 .,
428 1121 548 1178 imo
577 1120 882 1179 veritatem
913 1119 1099 1199 ipsam
1123 1113 1148 1191 ‚⁴
1170 1139 1298 1199 quae
1323 1116 1570 1199 proinde
1608 1139 1714 1177 nec
1739 1117 1860 1178 falli
1884 1139 1992 1178 nec
2015 1119 2214 1179 fallere

98 1226 324 1295 potest3
365 1214 499 1273 licet
529 1215 707 1273 etiam
738 1213 1131 1295 metaphysice
1152 1212 1395 1274 evidens
1433 1213 1508 1284 sit
1527 1257 1542 1286 .,
1582 1215 1703 1271 Deo
1730 1212 2012 1272 revelanti
2036 1214 2213 1273 fidem

95 1330 215 1368 esse
255 1307 721 1386 adjungendam3
762 1308 1144 1366 nihilominus
1180 1319 1380 1367 utrum
1421 1310 1574 1366 Deus
1606 1307 1682 1364 sit
1734 1309 1922 1389 reipsa
1950 1307 2212 1383 locutuS,

93 1403 203 1461 hoc
231 1401 450 1460 illudve
485 1401 871 1475 revelaverit,
917 1401 1086 1460 nobis
1114 1403 1236 1460 non
1273 1413 1503 1460 constat
1538 1401 1649 1460 nisi
1690 1423 1795 1482 per
1843 1403 2059 1462 motiva
2093 1424 2215 1463 cre·

95 1495 398 1556 dibilitatis
418 1541 432 1569 ,
458 1517 587 1575 quae
611 1516 745 1554 cum
760 1496 986 1576 possint
997 1516 1233 1577 semper
1258 1495 1510 1554 obnoxia
1529 1516 1653 1555 esse
1669 1517 1789 1554 non
1807 1498 2002 1577 paucis
2021 1519 2212 1578 neque

95 1593 310 1671 exiguis
344 1591 783 1650 difficultatibus
805 1637 820 1664 .,
875 1592 963 1650 uti
1007 1613 1077 1652 ex
1120 1591 1357 1650 illorum
1387 1593 1752 1674 inspectione
1791 1603 1848 1650 et
1885 1592 2218 1653 considera·

94 1687 254 1746 tione
290 1686 534 1767 planum
588 1687 688 1761 fit,
739 1686 1108 1745 voluntatem
1153 1687 1331 1747 etiam
1367 1687 1478 1746 rite
1514 1685 1589 1744 ad
1629 1686 1936 1746 veritatem
1965 1686 2214 1769 disposi-

98 1793 218 1839 tam
235 1782 542 1863 requirunt
566 1782 676 1861 (l).
704 1781 927 1841 Exinde
945 1781 1158 1841 idcirco
1184 1782 1447 1862 sequitur
1465 1825 1481 1855 ,
1508 1780 1667 1839 haud
1688 1802 1807 1840 esse
1830 1782 2220 1841 necessarium

98 1898 266 1958 posse
303 1878 549 1955 physice
594 1889 654 1936 et
690 1876 953 1935 absolute
991 1876 1278 1955 ejusmodi
1307 1898 1609 1936 assensum
1649 1876 1931 1958 praebere.

181 1972 321 2030 217.
370 1973 519 2030 Sane
552 1972 908 2053 experientia
938 1972 1089 2050 jugis
1128 1971 1200 2030 id>
1218 1972 1582 2054 apertissime
1613 1971 1889 2032 ostendit.
1936 1974 2125 2052 Atque
2158 1983 2222 2030 ut

100 2086 175 2126 ex
202 2066 340 2147 ipsis
366 2067 540 2125 sacris
574 2067 803 2127 Litteris
847 2066 1215 2148 auspicemur
1237 2112 1252 2140 7
1289 2066 1561 2148 pharisaei
1601 2078 1756 2127 certe
1787 2078 2219 2150 conspexerunt

101 2159 378 2219 miracula
424 2161 674 2236 Christi,
720 2183 829 2221 nec
865 2160 963 2220 illa
1002 2173 1142 2220 sunt
1179 2163 1455 2237 inficiati,
1507 2163 1830 2223 immovero
1868 2162 2219 2244 quandoque

102 2254 372 2335 admirati
406 2267 583 2329 sunt3
628 2259 955 2338 potuissent
1003 2268 1314 2339 propterea
1354 2278 1420 2316 ac
1453 2257 1792 2317 debuissent
1838 2257 2070 2316 Christo
2095 2278 2219 2317 cre-

104 2350 241 2409 dere
266 2350 390 2431 (2);
415 2362 677 2411 attamen
706 2353 1020 2430 pontefices
1041 2363 1095 2411 et
1112 2353 1410 2432 pharisaei
1432 2354 1709 2411 dicebant
1728 2375 1748 2413 .·
1779 2348 1944 2432 Quid
1957 2351 2220 2426 facimus,

105 2450 254 2524 quia
291 2447 390 2504 hio
419 2447 585 2507 homo
610 2450 804 2506 multa
843 2452 1022 2528 siqua
1047 2451 1208 2526 facit
1245 2447 1381 2528 (3)?
1419 2449 1563 2506 Cum
1593 2458 1872 2529 praeterea
1902 2445 1980 2506 ad
2010 2447 2224 2530 confir·

101 2539 381 2599 mandam
416 2541 676 2601 divinam
723 2542 938 2601 Christi
983 2543 1318 2603 missionem
1355 2545 1560 2602 Petrus
1600 2554 1660 2602 et
1697 2544 1955 2601 Joannes
1994 2541 2219 2620 insigne

104 2656 171 2694 ac
194 2635 492 2716 publicum
521 2650 850 2719 patrassent
873 2638 1255 2709 miraculum,
1286 2639 1502 2697 iterum
1527 2636 1702 2698 iidem
1735 2636 2037 2696 dicebant:
2063 2637 2231 2716 Quid

95 2734 396 2809 faciemus
446 2733 796 2792 hominihus
844 2735 1024 2794 istis?
1069 2736 1373 2814 Quoniam
1425 2735 1666 2813 quidem
1734 2744 1942 2791 notum
1986 2737 2229 2812 signum

98 2829 335 2905 factum
381 2838 465 2885 est
497 2849 614 2906 per
651 2850 742 2887 eos
785 2831 1064 2889 omnibu-s
1102 2830 1523 2889 habitantibus
1561 2829 1983 2895 Hierusalem,·
2024 2829 2226 2884 mani-

105 2923 326 2998 festum
363 2932 446 2980 est
461 2965 483 2993 ,
522 2933 576 2980 et
615 2944 733 2982 non
766 2946 1093 3003 possumus
1128 2946 1345 3005 neyare
1378 2925 1498 3003 (4);
1538 2944 1644 2983 nec
1688 2934 1887 2982 tamen
1925 2941 2226 2981 assensum

113 3014 489 3094 praebuerunt
511 3043 525 3089 ς
551 3039 768 3100 nempe
787 3064 803 3093 .‚
829 3031 891 3079 ut
917 3019 1176 3102 loquitur
1194 3021 1250 3079 S.
1281 3021 1628 3098 Augustinus
1650 3063 1666 3092 ‚
1693 3019 2051 3097 collegerunt
2065 3017 2230 3076 Pon-

184 3193 252 3258 (l)
286 3193 404 3242 Satis
429 3205 496 3243 est
525 3197 681 3245 oculos
705 3201 935 3264 conjicere
963 3202 1012 3247 in
1037 3200 1130 3247 dif-
1215 3202 1465 3248 struximus
1501 3201 1788 3247 existentiam
1818 3198 2025 3262 ejusdem
2058 3194 2234 3244 'revela-

118 3274 375 3335 ficultate3‚
410 3294 522 3342 quas
551 3276 789 3327 attulimus
819 3281 1036 3328 adversus
1060 3299 1134 3328 ar·
1214 3284 1354 3330 tionis
1372 3319 1385 3339 ‚
1427 3281 1548 3328 ibid.
1577 3297 1680 3344 cap.
1711 3298 1759 3328 v.

59 3399 61 3401 .
120 3366 337 3419 gumenta
351 3391 366 3418 ‚
383 3358 551 3423 quibus
564 3362 870 3419 ostendimus,
890 3363 987 3409 dari
1002 3371 1133 3410 notas
1286 3364 1354 3427 (ἒ)
1380 3362 1612 3411 Cfr.Luc.
1635 3380 1661 3408 v
1679 3399 1693 3422 ,
1713 3358 1897 3424 24-263
1916 3361 2054 3409 Joan.
2070 3376 2099 3406 x
2113 3395 2127 3419 ,
2150 3356 2211 3404 25
2226 3392 2240 3417 ,

121 3438 291 3484 divinae
326 3454 379 3486 ac
407 3445 766 3504 supernaturalis
806 3444 1098 3492 revelationis
1122 3482 1136 3503 ‚
1221 3456 1266 3494 et
1288 3445 1398 3493 alibi
1426 3446 1612 3508 passim.

123 3521 174 3566 in
201 3529 331 3567 tract.
370 3522 447 3568 cit.
476 3523 554 3569 De
584 3540 696 3572 vera
719 3525 876 3590 Reliy.
918 3543 1020 3592 cap.
1056 3544 1137 3586 ιιι,
1295 3526 1361 3590 (3)
1400 3526 1536 3574 Joan.
1570 3543 1648 3585 xi,
1681 3523 1767 3591 47.

124 3610 170 3648 et
201 3601 417 3650 adversus
448 3621 502 3652 ea
536 3619 833 3671 argumenta,
867 3610 1037 3675 quibus
1058 3610 1138 3659 ad·
1293 3609 1353 3672 (14)
1391 3608 1493 3658 Act.
1520 3625 1595 3670 iv,
1633 3604 1709 3656 16.
