2502 4134
283 183 441 226 PAR'r.
487 186 552 222 11.
599 184 756 223 SEGT.
802 184 863 222 11.
908 183 1029 225 CAP.
1074 186 1115 221 Ι.
1160 185 1228 221 DE
1271 186 1460 224 NECES.
1515 187 1581 223 ΕΤ
1623 186 1804 224 ΕΧῙδΤ.
1853 185 2017 227 TRAD.
2083 167 2203 227 249

103 325 229 385 illos
257 347 492 401 omnes,
526 325 624 408 qui
647 325 1002 408 Scripturam
1026 336 1306 408 tanquam
1327 327 1560 386 unicam
1582 326 2005 388 credendorum
2028 350 2205 408 agen-

104 419 425 500 dorumque
485 418 739 498 regulam
800 429 1125 501 sequuntur
1160 465 1176 494 .,
1228 441 1328 478 seu
1389 433 1676 502 quotquot
1718 444 2010 502 magnum
2049 425 2211 482 illud

93 518 568 594 protestantismi
575 518 958 594 principium
977 514 1065 594 (l)
1080 514 1463 596 proclamant.
1485 516 1811 575 Innumerae
1827 539 2009 599 prope
2036 529 2204 579 sectae

105 610 453 690 antiquiores
475 621 533 669 et
553 612 897 669 recentiores
918 655 934 680 5
954 632 1022 669 ex
1047 611 1522 691 protestantismo
1544 613 1857 690 progenitae
1877 658 1893 688 ,
1931 613 2004 672 ad
2027 623 2204 673 un'am

105 725 306 763 omnes
335 705 683 785 profitentur
698 751 713 778 ‚
748 727 807 764 se
825 706 1178 785 Scripturam
1198 703 1385 765 veluti
1405 704 1766 785 adaequatam
1786 706 1922 765 fidei
1937 729 2206 768 normam

106 819 430 872 assumere3
464 821 605 880 poro
630 799 716 858 11ae
737 800 876 880 ipsae
905 809 1041 857 sunt
1062 843 1078 874 ‚
1109 818 1235 879 quae
1258 796 1629 857 ineluctabile
1656 819 1721 856 ac
1736 803 1871 878 juge
1895 801 2208 864 documen-

105 902 235 950 tum
281 894 545 973 praebent
566 939 582 968 ‚¹

647 894 999 975 Scripturam
1045 892 1225 952 solam
1279 892 1352 951 ab
1404 913 1596 952 errore
1640 894 1941 954 neminem
1973 918 2204 959 servare

105 987 431 1047 immunem
454 1033 471 1063 ‚
509 988 626 1048 imo
662 1009 730 1048 ex
768 1010 834 1047 ea
859 987 982 1046 solo
1013 987 1218 1069 spiritu
1254 986 1807 1068 privatointellecta
1846 995 2203 1053 occasionem

106 1079 374 1141 homines
410 1103 639 1141 sumere
663 1082 724 1139 in
748 1081 943 1162 plures
966 1102 1180 1162 eosque
1201 1081 1568 1160 gravissimos
1590 1102 1655 1140 ac
1679 1080 1959 1144 absurdos
1984 1107 2204 1157 errores

70 1210 75 1213 -
105 1174 450 1255 prolabendi
477 1176 587 1255 (2).
626 1174 817 1234 Velint
843 1175 1040 1255 itaque
1071 1173 1265 1233 nolint
1301 1173 1614 1237 adversarii
1644 1177 1827 1235 nostri
1854 1222 1871 1253 a
1903 1201 2205 1262 nunquam

107 1268 539 1330 immunitatem
565 1268 640 1328 ab
681 1289 873 1328 errore
897 1267 1007 1327 sibi
1031 1279 1311 1351 poterunt
1338 1269 1660 1351 praestolari
1684 1316 1702 1348 7
1725 1272 1837 1331 nisi
1859 1294 1918 1332 se
1949 1274 2206 1338 Ecclesiae

167 1517 237 1582 (l)
261 1515 409 1581 Quam
442 1515 558 1564 bene
585 1531 737 1563 secum
759 1515 1013 1563 cohaereant
1030 1515 1112 1564 do·

106 1609 247 1648 ctores
274 1597 555 1646 Oxonienses
574 1634 587 1657 ‚
621 1613 679 1644 ex
712 1613 764 1645 eo
803 1606 955 1660 patet,
985 1597 1110 1662 quod

103 1682 265 1729 eodem
296 1691 499 1745 tempore
532 1679 697 1728 diversi
740 1679 946 1727 doctores
988 1681 1110 1746 ejus-

105 1762 213 1810 dem
255 1761 498 1810 academiae
546 1771 698 1826 aperte
744 1771 944 1826 negent,
984 1761 1110 1827 quod

105 1843 181 1891 alii
197 1853 500 1892 asseveranter
514 1842 761 1892 affirmant.
783 1842 932 1909 Hujus
946 1843 1109 1907 agendi

104 1927 290 1974 rationis
310 1923 387 1974 hic
404 1925 691 1974 luculentum
715 1927 944 1991 specimen
966 1925 1109 1974 habe-

104 2024 223 2056 mus.
246 2005 576 2056 Shuttleworth
601 2007 852 2071 proclamat
878 2023 1109 2071 maguum

100 2086 223 2136 illud
229 2090 608 2154 protestantismi
615 2089 921 2154 principium
931 2123 949 2150 ,
982 2090 1109 2154 quod

102 2170 405 2216 verissimum
443 2170 671 2234 appellat,
705 2187 870 2234 nempe
902 2168 1107 2234 Scriptu—
1134 2176 1142 2182 '

104 2265 203 2297 ram
218 2248 390 2314 absque
403 2250 644 2298 traditione
658 2250 962 2314 sufficientem
974 2251 1110 2315 plane

103 2346 200 2379 esse
219 2329 277 2378 ad
302 2330 410 2378 fidei
430 2330 738 2396 doctrinaeque
767 2331 969 2395 regulam
997 2348 1109 2379 con-

103 2411 403 2460 stituendam.
436 2410 605 2460 Contra
637 2428 743 2461 vero
769 2411 951 2460 Palmer
968 2449 982 2472 ‚
1011 2414 1109 2478 ejus

103 2492 272 2557 collega
293 2531 307 2554 ,
339 2495 389 2541 in
413 2496 493 2542 cit.
525 2494 757 2543 Tractatu
779 2492 835 2542 de
856 2492 1106 2554 Ecclesia,

106 2574 196 2623 vol.
226 2591 290 2633 11,
318 2585 435 2639 part.
458 2589 505 2623 m
524 2612 538 2636 ‚
566 2593 670 2640 cap.
702 2574 731 2622 3
751 2612 765 2635 ‚
795 2585 926 2639 negat
951 2592 1002 2624 ac
1032 2592 1110 2624 ve-

103 2657 344 2706 hementer
370 2667 536 2722 negat,
576 2659 851 2722 principium
887 2657 1111 2721 reforma-

104 2739 250 2787 tionis
287 2739 456 2798 fuisse,
494 2738 592 2788 sola
627 2738 799 2786 Biblia
830 2738 1108 2805 reliqionem

103 2837 199 2868 esse
217 2823 602 2886 protestantium.
623 2821 750 2869 Nihil
777 2823 916 2886 magis
941 2821 1107 2869 falsum

103 2911 195 2963 est,
219 2905 281 2950 ait
303 2906 419 2968 ipse.
436 2903 716 2951 Reformatio
737 2914 932 2968 spectata
953 2906 1003 2951 in
1028 2921 1108 2952 sua

101 2984 387 3048 plenitudine
414 2987 595 3051 agnovit
623 2995 667 3034 et
696 2985 881 3034 admisit
901 2985 1106 3051 appella·

103 3065 274 3113 tionem
306 3064 364 3114 ad
402 3068 712 3115 auctoritatem
745 3068 999 3116 traditionis
1023 3085 1104 3116 ca-

105 3144 278 3195 tholicae
290 3185 304 3208 ‚
324 3152 532 3214 quamvis
551 3151 780 3214 negaverit
799 3150 1106 3198 infallibilita-

106 3235 197 3274 tem
209 3226 395 3277 Patrum
409 3231 695 3295 singulorum
709 3241 754 3281 et
768 3231 1103 3296 conciliorum,

106 3322 207 3370 pag.
232 3305 328 3370 60,
360 3308 419 3359 61
451 3322 495 3361 et
522 3330 619 3379 seq.

172 3385 238 3450 (2)
273 3387 435 3439 Nullus
462 3397 608 3443 extitit
631 3395 905 3456 haereticus,
935 3397 1015 3461 qui
1046 3394 1103 3443 ab

103 3468 168 3515 rei
199 3466 448 3520 christianae
481 3475 611 3523 initio
643 3493 789 3542 usque
827 3479 878 3525 in
919 3475 1105 3525 hodier-

102 3556 216 3594 num
260 3548 380 3597 diem
402 3587 416 3610 ‚
457 3563 558 3603 utut
598 3560 884 3622 gravissimos
931 3571 1103 3607 errores

104 3627 323 3678 effutierit
343 3665 357 3689 ‚
385 3632 478 3681 imo
503 3643 547 3682 et
569 3637 788 3688 absurdos
811 3657 865 3689 ac
888 3641 1107 3689 immora-

1191 1516 1256 1564 les
1275 1552 1288 1575 ‚
1329 1516 1466 1565 alicui
1497 1516 1744 1582 Scripturae
1780 1521 1923 1568 textui
1953 1537 2050 1568 non
2084 1522 2208 1570 inni-

1192 1602 1365 1646 teretur
1385 1598 1442 1646 ad
1460 1614 1535 1646 eos
1555 1599 1937 1650 cohonestaudos.
1956 1600 2090 1650 Plura
2107 1606 2207 1668 jam

1199 1679 1412 1727 dedimus
1444 1681 1651 1745 exempla
1669 1719 1681 1739 ‚
1714 1681 1832 1747 quin
1857 1682 1944 1730 alia
1971 1681 2061 1730 illis
2087 1681 2207 1750 adji-

1191 1777 1292 1809 cere
1317 1779 1500 1810 necesse
1531 1765 1615 1826 sit;
1637 1773 1774 1829 atque
1791 1764 1902 1812 hinc
1925 1764 2097 1812 factum
2116 1775 2207 1826 est,

1192 1853 1245 1891 ut
1274 1841 1508 1908 Scriptura
1533 1854 1686 1893 vocata
1709 1846 1847 1893 fuerit
1874 1844 1995 1893 liber
2020 1846 2209 1895 hoereti-

1189 1939 1372 1983 corum,
1405 1922 1523 1973 Sane
1561 1925 1633 1974 vel
1672 1928 1769 1991 ipse
1798 1925 2012 1988 Palmer,
2047 1945 2125 1994 op.
2162 1939 2206 1978 et

1190 2005 1278 2054 loc.
1310 2009 1390 2057 cit.
1425 2025 1524 2072 pag.
1556 2005 1620 2056 50
1644 2019 1687 2057 et
1704 2026 1836 2075 seqq.
1874 2020 2118 2076 postquam
2137 2028 2206 2060 as-

1191 2090 1362 2147 seruit,
1393 2091 1562 2137 ostium
1590 2090 1768 2139 deismo
1796 2094 1994 2156 aperiri,
2024 2094 2062 2140 si
2093 2094 2203 2158 reji-

1190 2172 1336 2218 ciatur
1363 2181 1567 2220 veterum
1587 2176 1855 2233 auctoritas,
1875 2177 2201 2240 prosequitur:

1190 2251 1364 2313 Ratio,
1409 2257 1712 2320 emancipata
1738 2273 1769 2303 a
1803 2258 1970 2320 quovis
2007 2257 2103 2305 alio
2130 2274 2204 2306 re-

1182 2332 1393 2396 paqulo,
1429 2337 1588 2399 perqit
1628 2335 1692 2383 ad
1732 2336 1905 2384 Biblia
1945 2338 2203 2402 spectanda

1192 2412 1341 2461 veluti
1356 2414 1619 2462 hum-auum
1630 2417 1795 2481 foetum
1809 2453 1823 2479 ,
1847 2425 1892 2464 et
1905 2418 1969 2465 ad
1982 2420 2204 2484 rejicien-

1191 2494 1305 2542 dum
1348 2495 1424 2544 vel
1456 2495 1779 2562 adoptandum
1805 2498 2045 2564 quidquid
2065 2501 2114 2548 ei
2139 2499 2200 2551 li-

1190 2574 1360 2625 buerit.
1403 2579 1574 2638 Hinc,
1618 2579 2017 2643 quemadmodum
2053 2582 2202 2631 ratio-

1189 2657 1393 2706 cinandi
1434 2658 1641 2721 facultas
1693 2661 1851 2710 variat
1897 2663 1954 2710 in
1997 2661 2202 2711 diversis

1189 2738 1491 2803 individuis,
1524 2741 1750 2789 nonnulli
1773 2743 2085 2805 obtruncant,
2111 2743 2203 2792 alii

1191 2820 1379 2868 addunt
1403 2821 1668 2889 Scripturoe
1694 2827 1889 2875 canoni.
1923 2826 2106 2874 Tea-tus
2130 2827 2201 2891 ef

1181 2902 1342 2966 fertur
1353 2903 1500 2952 veluti
1514 2907 1929 2972 interpositiouum
1941 2942 1956 2967 ‚
1985 2924 2200 2957 errorum

1187 2983 1630 3052 absurditatumque
1636 2988 1832 3054 plenus
1844 2986 2108 3055 Scriptores
2121 3007 2199 3039 sa-

1186 3069 1262 3115 cri
1284 3077 1576 3117 accusantur
1607 3071 1923 3135 iynoranfiae,
1955 3072 2199 3120 contradi-

1185 3150 1398 3198 ctionum
1421 3159 1466 3199 et
1484 3151 1832 3216 fraudulentiae
1844 3191 1858 3215 ‚
1893 3156 2197 3220 sequiturque

1185 3229 1400 3295 leqitima
1452 3249 1509 3280 ac
1560 3234 1878 3283 irresistibilis
1925 3235 2194 3298 conclusio,

1184 3312 1310 3377 quod
1340 3313 1605 3363 christiana
1641 3314 1809 3380 reliqio
1840 3333 1938 3365 uon
1970 3318 2035 3365 sit
2066 3334 2197 3366 reve-

1184 3392 1298 3444 latio
1313 3429 1330 3456 ,
1370 3395 1592 3444 Christus
1629 3395 1779 3445 solum
1810 3398 1963 3462 fuerit
1990 3398 2202 3465 philoso-

1176 3476 1307 3542 phus
1323 3514 1338 3538 ‚
1368 3486 1508 3542 atque
1537 3478 1672 3527 bomo
1707 3478 1898 3528 relictus
1927 3482 1990 3527 sit
2017 3482 2200 3528 rationi

1183 3575 1285 3606 suoe
1317 3562 1510 3625 suisque
1543 3563 1727 3610 meritis
1758 3562 1915 3628 quoad
1942 3578 2046 3628 spes
2079 3577 2197 3610 suas

1189 3648 1328 3706 atque
1352 3641 1568 3692 salutem.
