<?xml version="1.0" encoding="UTF-8"?>
<!DOCTYPE html PUBLIC "-//W3C//DTD XHTML 1.0 Transitional//EN"
    "http://www.w3.org/TR/xhtml1/DTD/xhtml1-transitional.dtd">
<html xmlns="http://www.w3.org/1999/xhtml" xml:lang="en" lang="en">
 <head>
  <title>
</title>
<meta http-equiv="Content-Type" content="text/html;charset=utf-8" />
  <meta name='ocr-system' content='tesseract 3.04.00' />
  <meta name='ocr-capabilities' content='ocr_page ocr_carea ocr_par ocr_line ocrx_word'/>
</head>
<body>
  <div class='ocr_page' id='page_1' title='image "a603693809perruoft_0151.png"; bbox 0 0 2502 4134; ppageno 0'>
   <div class='ocr_carea' id='block_1_1' title="bbox 2077 149 2197 209">
    <p class='ocr_par' dir='ltr' id='par_1_1' title="bbox 2077 149 2197 209">
     <span class='ocr_line' id='line_1_1' title="bbox 2077 149 2197 209; baseline 0.008 -1"><span class='ocrx_word' id='word_1_1' title='bbox 2077 149 2197 209; x_wconf 75' lang='lat'><strong>143</strong></span> 
     </span>
    </p>
   </div>
   <div class='ocr_carea' id='block_1_2' title="bbox 406 170 1860 212">
    <p class='ocr_par' dir='ltr' id='par_1_2' title="bbox 406 170 1860 212">
     <span class='ocr_line' id='line_1_2' title="bbox 406 170 1860 212; baseline -0.001 -2"><span class='ocrx_word' id='word_1_2' title='bbox 406 174 566 212; x_wconf 76' lang='lat' dir='ltr'><strong>PAR&#39;r.</strong></span> <span class='ocrx_word' id='word_1_3' title='bbox 601 170 664 211; x_wconf 78' lang='lat' dir='ltr'><strong>ll·</strong></span> <span class='ocrx_word' id='word_1_4' title='bbox 710 172 832 211; x_wconf 75' lang='lat' dir='ltr'><strong>GAP.</strong></span> <span class='ocrx_word' id='word_1_5' title='bbox 883 171 969 211; x_wconf 86' lang='lat'><strong>111.</strong></span> <span class='ocrx_word' id='word_1_6' title='bbox 1019 173 1086 209; x_wconf 78' lang='lat' dir='ltr'><strong>DE</strong></span> <span class='ocrx_word' id='word_1_7' title='bbox 1130 172 1290 210; x_wconf 76' lang='lat' dir='ltr'><strong>SACR.</strong></span> <span class='ocrx_word' id='word_1_8' title='bbox 1337 173 1628 210; x_wconf 71' lang='lat' dir='ltr'><strong>SCRIPTUR.</strong></span> <span class='ocrx_word' id='word_1_9' title='bbox 1677 171 1860 211; x_wconf 79' lang='lat' dir='ltr'><strong>INTER.</strong></span> 
     </span>
    </p>
   </div>
   <div class='ocr_carea' id='block_1_3' title="bbox 79 310 2221 1917">
    <p class='ocr_par' dir='ltr' id='par_1_3' title="bbox 79 310 2203 1064">
     <span class='ocr_line' id='line_1_3' title="bbox 81 310 2198 398; baseline -0.003 -21"><span class='ocrx_word' id='word_1_10' title='bbox 81 317 143 377; x_wconf 88' lang='lat' dir='ltr'><strong>id</strong></span> <span class='ocrx_word' id='word_1_11' title='bbox 164 314 614 398; x_wconf 87' lang='lat' dir='ltr'><strong>quodhaereticis</strong></span> <span class='ocrx_word' id='word_1_12' title='bbox 636 312 908 373; x_wconf 89' lang='lat' dir='ltr'><strong>omnibus</strong></span> <span class='ocrx_word' id='word_1_13' title='bbox 932 335 1165 396; x_wconf 83' lang='lat' dir='ltr'><strong>semper</strong></span> <span class='ocrx_word' id='word_1_14' title='bbox 1186 312 1445 372; x_wconf 87' lang='lat' dir='ltr'><strong>solemne</strong></span> <span class='ocrx_word' id='word_1_15' title='bbox 1463 313 1572 371; x_wconf 89' lang='lat' dir='ltr'><strong>fuit</strong></span> <span class='ocrx_word' id='word_1_16' title='bbox 1597 311 1704 392; x_wconf 85' lang='lat' dir='ltr'><strong>(l).</strong></span> <span class='ocrx_word' id='word_1_17' title='bbox 1733 313 1851 372; x_wconf 91' lang='lat' dir='ltr'><strong>Nec</strong></span> <span class='ocrx_word' id='word_1_18' title='bbox 1874 310 2198 393; x_wconf 82' lang='lat' dir='ltr'><strong>quidquam</strong></span> 
     </span>
     <span class='ocr_line' id='line_1_4' title="bbox 79 405 2199 493; baseline -0.001 -23"><span class='ocrx_word' id='word_1_19' title='bbox 79 411 285 470; x_wconf 89' lang='lat' dir='ltr'><strong>melius</strong></span> <span class='ocrx_word' id='word_1_20' title='bbox 311 408 614 493; x_wconf 72' lang='lat' dir='ltr'><strong>praestabit</strong></span> <span class='ocrx_word' id='word_1_21' title='bbox 638 420 795 468; x_wconf 90' lang='lat' dir='ltr'><strong>recta</strong></span> <span class='ocrx_word' id='word_1_22' title='bbox 818 409 999 482; x_wconf 80' lang='lat' dir='ltr'><strong>ratio3</strong></span> <span class='ocrx_word' id='word_1_23' title='bbox 1038 409 1165 490; x_wconf 90' lang='lat' dir='ltr'><strong>quis</strong></span> <span class='ocrx_word' id='word_1_24' title='bbox 1189 407 1349 468; x_wconf 91' lang='lat' dir='ltr'><strong>enim</strong></span> <span class='ocrx_word' id='word_1_25' title='bbox 1384 429 1645 488; x_wconf 91' lang='lat' dir='ltr'><strong>unquam</strong></span> <span class='ocrx_word' id='word_1_26' title='bbox 1670 405 2048 490; x_wconf 85' lang='lat' dir='ltr'><strong>persuadebit</strong></span> <span class='ocrx_word' id='word_1_27' title='bbox 2074 407 2199 468; x_wconf 89' lang='lat' dir='ltr'><strong>hae-</strong></span> 
     </span>
     <span class='ocr_line' id='line_1_5' title="bbox 80 501 2200 585; baseline -0.001 -20"><span class='ocrx_word' id='word_1_28' title='bbox 80 505 258 566; x_wconf 88' lang='lat' dir='ltr'><strong>retico</strong></span> <span class='ocrx_word' id='word_1_29' title='bbox 291 525 514 564; x_wconf 88' lang='lat' dir='ltr'><strong>errores</strong></span> <span class='ocrx_word' id='word_1_30' title='bbox 547 508 668 582; x_wconf 90' lang='lat' dir='ltr'><strong>ejus</strong></span> <span class='ocrx_word' id='word_1_31' title='bbox 700 515 871 563; x_wconf 86' lang='lat' dir='ltr'><strong>rectae</strong></span> <span class='ocrx_word' id='word_1_32' title='bbox 909 504 1119 562; x_wconf 86' lang='lat' dir='ltr'><strong>rationi</strong></span> <span class='ocrx_word' id='word_1_33' title='bbox 1157 501 1495 566; x_wconf 72' lang='lat' dir='ltr'><strong>adversari?</strong></span> <span class='ocrx_word' id='word_1_34' title='bbox 1538 504 1725 561; x_wconf 90' lang='lat' dir='ltr'><strong>Immo</strong></span> <span class='ocrx_word' id='word_1_35' title='bbox 1757 501 2042 584; x_wconf 84' lang='lat' dir='ltr'>pugnabit</span> <span class='ocrx_word' id='word_1_36' title='bbox 2075 502 2200 585; x_wconf 89' lang='lat' dir='ltr'><strong>ipse</strong></span> 
     </span>
     <span class='ocr_line' id='line_1_6' title="bbox 81 595 2198 681; baseline -0 -22"><span class='ocrx_word' id='word_1_37' title='bbox 81 600 513 681; x_wconf 91' lang='lat' dir='ltr'><strong>contendetque</strong></span> <span class='ocrx_word' id='word_1_38' title='bbox 554 599 853 680; x_wconf 89' lang='lat' dir='ltr'><strong>opiniones</strong></span> <span class='ocrx_word' id='word_1_39' title='bbox 886 620 949 658; x_wconf 90' lang='lat' dir='ltr'><strong>ac</strong></span> <span class='ocrx_word' id='word_1_40' title='bbox 996 598 1207 681; x_wconf 89' lang='lat' dir='ltr'><strong>placita</strong></span> <span class='ocrx_word' id='word_1_41' title='bbox 1253 619 1353 657; x_wconf 90' lang='lat' dir='ltr'><strong>sua</strong></span> <span class='ocrx_word' id='word_1_42' title='bbox 1389 595 1578 655; x_wconf 86' lang='lat' dir='ltr'><strong>eidem</strong></span> <span class='ocrx_word' id='word_1_43' title='bbox 1623 596 1798 677; x_wconf 89' lang='lat' dir='ltr'><strong>plane</strong></span> <span class='ocrx_word' id='word_1_44' title='bbox 1843 618 2198 676; x_wconf 76' lang='lat' dir='ltr'><strong>congruere,</strong></span> 
     </span>
     <span class='ocr_line' id='line_1_7' title="bbox 80 693 2201 779; baseline -0.001 -23"><span class='ocrx_word' id='word_1_45' title='bbox 80 696 276 779; x_wconf 91' lang='lat' dir='ltr'><strong>prouti</strong></span> <span class='ocrx_word' id='word_1_46' title='bbox 315 693 749 754; x_wconf 83' lang='lat' dir='ltr'><strong>contendebant</strong></span> <span class='ocrx_word' id='word_1_47' title='bbox 777 706 835 752; x_wconf 92' lang='lat' dir='ltr'><strong>et</strong></span> <span class='ocrx_word' id='word_1_48' title='bbox 876 695 1230 775; x_wconf 82' lang='lat' dir='ltr'><strong>antiquiores</strong></span> <span class='ocrx_word' id='word_1_49' title='bbox 1266 693 1526 767; x_wconf 85' lang='lat' dir='ltr'><strong>Gnostici</strong></span> <span class='ocrx_word' id='word_1_50' title='bbox 1562 703 1621 751; x_wconf 91' lang='lat' dir='ltr'><strong>et</strong></span> <span class='ocrx_word' id='word_1_51' title='bbox 1666 693 2014 751; x_wconf 83' lang='lat' dir='ltr'><strong>recentiores</strong></span> <span class='ocrx_word' id='word_1_52' title='bbox 2052 695 2201 753; x_wconf 86' lang='lat' dir='ltr'><strong>Ana-</strong></span> 
     </span>
     <span class='ocr_line' id='line_1_8' title="bbox 83 785 2203 872; baseline -0 -23"><span class='ocrx_word' id='word_1_53' title='bbox 83 789 354 872; x_wconf 84' lang='lat' dir='ltr'><strong>baptistae</strong></span> <span class='ocrx_word' id='word_1_54' title='bbox 377 810 441 848; x_wconf 88' lang='lat' dir='ltr'><strong>ac</strong></span> <span class='ocrx_word' id='word_1_55' title='bbox 469 788 993 868; x_wconf 84' lang='lat' dir='ltr'><strong>Swedenborgiani,</strong></span> <span class='ocrx_word' id='word_1_56' title='bbox 1029 789 1088 848; x_wconf 91' lang='lat' dir='ltr'><strong>Si</strong></span> <span class='ocrx_word' id='word_1_57' title='bbox 1112 800 1421 870; x_wconf 87' lang='lat' dir='ltr'><strong>propterea</strong></span> <span class='ocrx_word' id='word_1_58' title='bbox 1455 785 1633 846; x_wconf 89' lang='lat' dir='ltr'><strong>semel</strong></span> <span class='ocrx_word' id='word_1_59' title='bbox 1659 785 2066 847; x_wconf 81' lang='lat' dir='ltr'><strong>admitteretur</strong></span> <span class='ocrx_word' id='word_1_60' title='bbox 2089 788 2203 860; x_wconf 45' lang='lat' dir='ltr'><strong>ad&lt;-</strong></span> 
     </span>
     <span class='ocr_line' id='line_1_9' title="bbox 84 882 2202 967; baseline -0 -21"><span class='ocrx_word' id='word_1_61' title='bbox 84 886 471 947; x_wconf 83' lang='lat' dir='ltr'><strong>versariorum</strong></span> <span class='ocrx_word' id='word_1_62' title='bbox 511 883 862 966; x_wconf 84' lang='lat' dir='ltr'><strong>principium</strong></span> <span class='ocrx_word' id='word_1_63' title='bbox 882 929 898 958; x_wconf 68' lang='grc'><em>,</em></span> <span class='ocrx_word' id='word_1_64' title='bbox 930 883 1093 943; x_wconf 87' lang='lat' dir='ltr'><strong>nulla</strong></span> <span class='ocrx_word' id='word_1_65' title='bbox 1127 884 1376 966; x_wconf 91' lang='lat' dir='ltr'><strong>amplius</strong></span> <span class='ocrx_word' id='word_1_66' title='bbox 1415 892 1755 965; x_wconf 87' lang='lat' dir='ltr'><strong>suppeteret</strong></span> <span class='ocrx_word' id='word_1_67' title='bbox 1784 882 1912 957; x_wconf 74' lang='lat' dir='ltr'><strong>via,</strong></span> <span class='ocrx_word' id='word_1_68' title='bbox 1945 903 2057 966; x_wconf 83' lang='lat' dir='ltr'><strong>qua</strong></span> <span class='ocrx_word' id='word_1_69' title='bbox 2089 885 2202 967; x_wconf 87' lang='lat' dir='ltr'><strong>ipsi</strong></span> 
     </span>
     <span class='ocr_line' id='line_1_10' title="bbox 84 979 1151 1064; baseline -0.003 -23"><span class='ocrx_word' id='word_1_70' title='bbox 84 992 322 1064; x_wconf 88' lang='lat' dir='ltr'><strong>possent</strong></span> <span class='ocrx_word' id='word_1_71' title='bbox 347 979 420 1038; x_wconf 91' lang='lat' dir='ltr'><strong>ab</strong></span> <span class='ocrx_word' id='word_1_72' title='bbox 444 979 736 1038; x_wconf 88' lang='lat' dir='ltr'><strong>erroribus</strong></span> <span class='ocrx_word' id='word_1_73' title='bbox 759 980 1019 1040; x_wconf 87' lang='lat' dir='ltr'><strong>revocari</strong></span> <span class='ocrx_word' id='word_1_74' title='bbox 1042 980 1151 1060; x_wconf 77' lang='lat'><strong>(2).</strong></span> 
     </span>
    </p>

    <p class='ocr_par' dir='ltr' id='par_1_4' title="bbox 85 1071 2221 1917">
     <span class='ocr_line' id='line_1_11' title="bbox 166 1071 2206 1153; baseline 0.002 -19"><span class='ocrx_word' id='word_1_75' title='bbox 166 1075 308 1134; x_wconf 77' lang='lat'><strong>221.</strong></span> <span class='ocrx_word' id='word_1_76' title='bbox 358 1074 445 1134; x_wconf 86' lang='lat' dir='ltr'><strong>Ad</strong></span> <span class='ocrx_word' id='word_1_77' title='bbox 487 1073 631 1147; x_wconf 72' lang='lat'>10¹⁰,</span> <span class='ocrx_word' id='word_1_78' title='bbox 662 1073 814 1152; x_wconf 72' lang='lat' dir='ltr'><strong>Ney.</strong></span> <span class='ocrx_word' id='word_1_79' title='bbox 839 1094 1060 1151; x_wconf 76' lang='lat' dir='ltr'><strong>conseq.</strong></span> <span class='ocrx_word' id='word_1_80' title='bbox 1101 1073 1181 1130; x_wconf 86' lang='lat' dir='ltr'><strong>Ex</strong></span> <span class='ocrx_word' id='word_1_81' title='bbox 1211 1071 1513 1153; x_wconf 86' lang='lat' dir='ltr'><strong>proposita</strong></span> <span class='ocrx_word' id='word_1_82' title='bbox 1542 1072 1702 1132; x_wconf 89' lang='lat' dir='ltr'><strong>enim</strong></span> <span class='ocrx_word' id='word_1_83' title='bbox 1730 1071 2069 1136; x_wconf 89' lang='lat' dir='ltr'><strong>difficultate</strong></span> <span class='ocrx_word' id='word_1_84' title='bbox 2093 1076 2206 1137; x_wconf 80' lang='lat' dir='ltr'><strong>hoo</strong></span> 
     </span>
     <span class='ocr_line' id='line_1_12' title="bbox 87 1165 2209 1249; baseline 0.001 -20"><span class='ocrx_word' id='word_1_85' title='bbox 87 1182 317 1230; x_wconf 87' lang='lat' dir='ltr'><strong>tantum</strong></span> <span class='ocrx_word' id='word_1_86' title='bbox 337 1168 592 1249; x_wconf 86' lang='lat' dir='ltr'><strong>legitime</strong></span> <span class='ocrx_word' id='word_1_87' title='bbox 615 1166 816 1226; x_wconf 90' lang='lat' dir='ltr'><strong>inferri</strong></span> <span class='ocrx_word' id='word_1_88' title='bbox 844 1176 1061 1248; x_wconf 77' lang='lat' dir='ltr'><strong>potest,</strong></span> <span class='ocrx_word' id='word_1_89' title='bbox 1085 1165 1528 1247; x_wconf 85' lang='lat' dir='ltr'><strong>explodendum</strong></span> <span class='ocrx_word' id='word_1_90' title='bbox 1550 1166 1832 1226; x_wconf 89' lang='lat' dir='ltr'><strong>nimirum</strong></span> <span class='ocrx_word' id='word_1_91' title='bbox 1855 1188 1978 1228; x_wconf 91' lang='lat' dir='ltr'><strong>esse</strong></span> <span class='ocrx_word' id='word_1_92' title='bbox 2000 1170 2209 1231; x_wconf 87' lang='lat' dir='ltr'><strong>adver·</strong></span> 
     </span>
     <span class='ocr_line' id='line_1_13' title="bbox 86 1260 2205 1347; baseline 0.001 -24"><span class='ocrx_word' id='word_1_93' title='bbox 86 1265 364 1324; x_wconf 90' lang='lat' dir='ltr'><strong>sariorum</strong></span> <span class='ocrx_word' id='word_1_94' title='bbox 394 1273 674 1342; x_wconf 70' lang='lat' dir='ltr'><strong>systema,</strong></span> <span class='ocrx_word' id='word_1_95' title='bbox 711 1260 869 1343; x_wconf 89' lang='lat' dir='ltr'><strong>quod</strong></span> <span class='ocrx_word' id='word_1_96' title='bbox 910 1261 1098 1343; x_wconf 89' lang='lat' dir='ltr'><strong>reipsa</strong></span> <span class='ocrx_word' id='word_1_97' title='bbox 1137 1260 1310 1320; x_wconf 81' lang='lat' dir='ltr'>fallax</span> <span class='ocrx_word' id='word_1_98' title='bbox 1350 1272 1410 1321; x_wconf 93' lang='lat' dir='ltr'><strong>et</strong></span> <span class='ocrx_word' id='word_1_99' title='bbox 1441 1263 1731 1322; x_wconf 88' lang='lat' dir='ltr'><strong>incertum</strong></span> <span class='ocrx_word' id='word_1_100' title='bbox 1764 1274 1873 1322; x_wconf 91' lang='lat' dir='ltr'><strong>est.</strong></span> <span class='ocrx_word' id='word_1_101' title='bbox 1906 1265 2205 1347; x_wconf 88' lang='lat' dir='ltr'><strong>Siquidem</strong></span> 
     </span>
     <span class='ocr_line' id='line_1_14' title="bbox 85 1355 2209 1438; baseline 0.001 -21"><span class='ocrx_word' id='word_1_102' title='bbox 85 1379 207 1417; x_wconf 88' lang='lat' dir='ltr'><strong>non</strong></span> <span class='ocrx_word' id='word_1_103' title='bbox 242 1355 640 1415; x_wconf 90' lang='lat' dir='ltr'><strong>testimonium</strong></span> <span class='ocrx_word' id='word_1_104' title='bbox 668 1366 769 1414; x_wconf 89' lang='lat' dir='ltr'><strong>aut</strong></span> <span class='ocrx_word' id='word_1_105' title='bbox 793 1355 1093 1437; x_wconf 86' lang='lat' dir='ltr'><strong>inspiratio</strong></span> <span class='ocrx_word' id='word_1_106' title='bbox 1125 1356 1370 1437; x_wconf 90' lang='lat' dir='ltr'><strong>Spiritus</strong></span> <span class='ocrx_word' id='word_1_107' title='bbox 1409 1357 1603 1416; x_wconf 87' lang='lat' dir='ltr'><strong>Sancti</strong></span> <span class='ocrx_word' id='word_1_108' title='bbox 1637 1362 1723 1416; x_wconf 76' lang='lat' dir='ltr'><strong>in·</strong></span> <span class='ocrx_word' id='word_1_109' title='bbox 1749 1380 1807 1417; x_wconf 77' lang='lat' dir='ltr'><strong>se</strong></span> <span class='ocrx_word' id='word_1_110' title='bbox 1841 1369 1901 1418; x_wconf 89' lang='lat' dir='ltr'><strong>et</strong></span> <span class='ocrx_word' id='word_1_111' title='bbox 1933 1361 2209 1438; x_wconf 73' lang='lat' dir='ltr'><strong>objectiva</strong></span> 
     </span>
     <span class='ocr_line' id='line_1_15' title="bbox 85 1451 2211 1535; baseline 0.002 -25"><span class='ocrx_word' id='word_1_112' title='bbox 85 1451 259 1511; x_wconf 84' lang='lat' dir='ltr'><strong>fallax</strong></span> <span class='ocrx_word' id='word_1_113' title='bbox 294 1462 383 1510; x_wconf 88' lang='lat' dir='ltr'><strong>est</strong></span> <span class='ocrx_word' id='word_1_114' title='bbox 417 1463 477 1510; x_wconf 87' lang='lat' dir='ltr'><strong>et</strong></span> <span class='ocrx_word' id='word_1_115' title='bbox 500 1452 751 1524; x_wconf 75' lang='lat' dir='ltr'><strong>incerta,</strong></span> <span class='ocrx_word' id='word_1_116' title='bbox 781 1451 883 1511; x_wconf 89' lang='lat' dir='ltr'><strong>sed</strong></span> <span class='ocrx_word' id='word_1_117' title='bbox 904 1496 920 1526; x_wconf 72' lang='grc'><em>,</em></span> <span class='ocrx_word' id='word_1_118' title='bbox 950 1451 1035 1510; x_wconf 89' lang='lat' dir='ltr'><strong>uti</strong></span> <span class='ocrx_word' id='word_1_119' title='bbox 1063 1452 1326 1533; x_wconf 83' lang='lat' dir='ltr'><strong>superius</strong></span> <span class='ocrx_word' id='word_1_120' title='bbox 1355 1451 1607 1511; x_wconf 83' lang='lat' dir='ltr'><strong>diximus</strong></span> <span class='ocrx_word' id='word_1_121' title='bbox 1627 1498 1643 1527; x_wconf 71' lang='grc'><em>,</em></span> <span class='ocrx_word' id='word_1_122' title='bbox 1670 1465 1847 1535; x_wconf 90' lang='lat' dir='ltr'><strong>prout</strong></span> <span class='ocrx_word' id='word_1_123' title='bbox 1865 1457 1930 1513; x_wconf 78' lang='lat' dir='ltr'><strong>in</strong></span> <span class='ocrx_word' id='word_1_124' title='bbox 1953 1456 2211 1534; x_wconf 59' lang='lat' dir='ltr'><strong>subjecto</strong></span> 
     </span>
     <span class='ocr_line' id='line_1_16' title="bbox 85 1545 2210 1633; baseline 0.001 -26"><span class='ocrx_word' id='word_1_125' title='bbox 85 1547 385 1628; x_wconf 73' lang='lat' dir='ltr'><strong>recipitur,</strong></span> <span class='ocrx_word' id='word_1_126' title='bbox 408 1545 567 1628; x_wconf 89' lang='lat' dir='ltr'><strong>quod</strong></span> <span class='ocrx_word' id='word_1_127' title='bbox 581 1545 703 1604; x_wconf 90' lang='lat' dir='ltr'><strong>falli</strong></span> <span class='ocrx_word' id='word_1_128' title='bbox 722 1545 960 1628; x_wconf 90' lang='lat' dir='ltr'><strong>quidem</strong></span> <span class='ocrx_word' id='word_1_129' title='bbox 978 1567 1043 1606; x_wconf 90' lang='lat' dir='ltr'><strong>ac</strong></span> <span class='ocrx_word' id='word_1_130' title='bbox 1060 1545 1248 1628; x_wconf 88' lang='lat' dir='ltr'><strong>decipi</strong></span> <span class='ocrx_word' id='word_1_131' title='bbox 1264 1558 1478 1628; x_wconf 91' lang='lat' dir='ltr'><strong>potest.</strong></span> <span class='ocrx_word' id='word_1_132' title='bbox 1501 1548 1593 1608; x_wconf 88' lang='lat' dir='ltr'><strong>Sic</strong></span> <span class='ocrx_word' id='word_1_133' title='bbox 1609 1560 1765 1608; x_wconf 89' lang='lat' dir='ltr'><strong>certe</strong></span> <span class='ocrx_word' id='word_1_134' title='bbox 1787 1571 1894 1609; x_wconf 90' lang='lat' dir='ltr'><strong>nec</strong></span> <span class='ocrx_word' id='word_1_135' title='bbox 1915 1550 2210 1633; x_wconf 88' lang='lat' dir='ltr'><strong>Scriptura</strong></span> 
     </span>
     <span class='ocr_line' id='line_1_17' title="bbox 91 1639 2215 1725; baseline 0.002 -25"><span class='ocrx_word' id='word_1_136' title='bbox 91 1663 198 1702; x_wconf 89' lang='lat' dir='ltr'><strong>nec</strong></span> <span class='ocrx_word' id='word_1_137' title='bbox 231 1653 387 1701; x_wconf 84' lang='lat' dir='ltr'><strong>recta</strong></span> <span class='ocrx_word' id='word_1_138' title='bbox 415 1642 562 1700; x_wconf 88' lang='lat' dir='ltr'><strong>ratio</strong></span> <span class='ocrx_word' id='word_1_139' title='bbox 597 1639 673 1699; x_wconf 88' lang='lat' dir='ltr'><strong>ob</strong></span> <span class='ocrx_word' id='word_1_140' title='bbox 709 1662 911 1701; x_wconf 89' lang='lat' dir='ltr'><strong>earum</strong></span> <span class='ocrx_word' id='word_1_141' title='bbox 952 1640 1198 1700; x_wconf 85' lang='lat' dir='ltr'><strong>abusum</strong></span> <span class='ocrx_word' id='word_1_142' title='bbox 1225 1642 1381 1719; x_wconf 79' lang='lat' dir='ltr'><strong>reJici</strong></span> <span class='ocrx_word' id='word_1_143' title='bbox 1423 1642 1666 1718; x_wconf 72' lang='lat' dir='ltr'><strong>debent,</strong></span> <span class='ocrx_word' id='word_1_144' title='bbox 1699 1643 1802 1703; x_wconf 89' lang='lat' dir='ltr'><strong>sed</strong></span> <span class='ocrx_word' id='word_1_145' title='bbox 1837 1645 2215 1725; x_wconf 83' lang='lat' dir='ltr'><strong>corrigendus</strong></span> 
     </span>
     <span class='ocr_line' id='line_1_18' title="bbox 91 1735 2214 1819; baseline 0.002 -24"><span class='ocrx_word' id='word_1_146' title='bbox 91 1735 302 1796; x_wconf 90' lang='lat' dir='ltr'><strong>abusus</strong></span> <span class='ocrx_word' id='word_1_147' title='bbox 337 1758 696 1819; x_wconf 89' lang='lat' dir='ltr'><strong>promanans</strong></span> <span class='ocrx_word' id='word_1_148' title='bbox 734 1759 803 1796; x_wconf 78' lang='lat' dir='ltr'><strong>ex</strong></span> <span class='ocrx_word' id='word_1_149' title='bbox 838 1737 1115 1810; x_wconf 68' lang='lat' dir='ltr'><strong>homine,</strong></span> <span class='ocrx_word' id='word_1_150' title='bbox 1160 1737 1296 1819; x_wconf 71' lang='lat' dir='ltr'><strong>qui,</strong></span> <span class='ocrx_word' id='word_1_151' title='bbox 1340 1737 1664 1819; x_wconf 85' lang='lat' dir='ltr'><strong>legitimam</strong></span> <span class='ocrx_word' id='word_1_152' title='bbox 1702 1741 2108 1801; x_wconf 88' lang='lat' dir='ltr'><strong>auctoritatem</strong></span> <span class='ocrx_word' id='word_1_153' title='bbox 2153 1752 2214 1801; x_wconf 90' lang='lat' dir='ltr'><strong>et</strong></span> 
     </span>
     <span class='ocr_line' id='line_1_19' title="bbox 92 1832 2221 1917; baseline 0.002 -26"><span class='ocrx_word' id='word_1_154' title='bbox 92 1832 491 1912; x_wconf 83' lang='lat' dir='ltr'><strong>magisterium</strong></span> <span class='ocrx_word' id='word_1_155' title='bbox 530 1832 788 1892; x_wconf 88' lang='lat' dir='ltr'><strong>Ecclesiae</strong></span> <span class='ocrx_word' id='word_1_156' title='bbox 823 1832 1190 1915; x_wconf 87' lang='lat' dir='ltr'><strong>repudiando</strong></span> <span class='ocrx_word' id='word_1_157' title='bbox 1215 1874 1239 1907; x_wconf 57' lang='lat' dir='ltr'><strong>a·</strong></span> <span class='ocrx_word' id='word_1_158' title='bbox 1259 1842 1388 1892; x_wconf 90' lang='lat' dir='ltr'><strong>tum</strong></span> <span class='ocrx_word' id='word_1_159' title='bbox 1420 1836 1713 1914; x_wconf 78' lang='lat' dir='ltr'><strong>depravat</strong></span> <span class='ocrx_word' id='word_1_160' title='bbox 1738 1840 2091 1917; x_wconf 77' lang='lat' dir='ltr'><strong>Scripturas</strong></span> <span class='ocrx_word' id='word_1_161' title='bbox 2131 1838 2221 1896; x_wconf 75' lang='lat' dir='ltr'><strong>ad</strong></span> 
     </span>
    </p>
   </div>
   <div class='ocr_carea' id='block_1_4' title="bbox 95 1928 2215 2106">
    <p class='ocr_par' dir='ltr' id='par_1_5' title="bbox 95 1928 2215 2106">
     <span class='ocr_line' id='line_1_20' title="bbox 95 1928 2215 2013; baseline 0.002 -27"><span class='ocrx_word' id='word_1_162' title='bbox 95 1950 273 1987; x_wconf 73' lang='lat' dir='ltr'><strong>suam</strong></span> <span class='ocrx_word' id='word_1_163' title='bbox 291 1929 690 2007; x_wconf 78' lang='lat' dir='ltr'><strong>perditionem</strong></span> <span class='ocrx_word' id='word_1_164' title='bbox 706 1971 729 2000; x_wconf 92' lang='lat'><em>,</em></span> <span class='ocrx_word' id='word_1_165' title='bbox 760 1940 886 1986; x_wconf 89' lang='lat' dir='ltr'><strong>tum</strong></span> <span class='ocrx_word' id='word_1_166' title='bbox 920 1930 1146 1988; x_wconf 88' lang='lat' dir='ltr'><strong>ratione</strong></span> <span class='ocrx_word' id='word_1_167' title='bbox 1173 1928 1297 2010; x_wconf 87' lang='lat' dir='ltr'><strong>ipsa</strong></span> <span class='ocrx_word' id='word_1_168' title='bbox 1325 1929 1398 1990; x_wconf 87' lang='lat' dir='ltr'><strong>ad</strong></span> <span class='ocrx_word' id='word_1_169' title='bbox 1436 1929 1576 1990; x_wconf 87' lang='lat' dir='ltr'><strong>falsa</strong></span> <span class='ocrx_word' id='word_1_170' title='bbox 1600 1952 1701 1990; x_wconf 90' lang='lat' dir='ltr'><strong>sua</strong></span> <span class='ocrx_word' id='word_1_171' title='bbox 1726 1942 2040 2013; x_wconf 80' lang='lat' dir='ltr'><strong>systemata</strong></span> <span class='ocrx_word' id='word_1_172' title='bbox 2070 1953 2215 1991; x_wconf 90' lang='lat' dir='ltr'><strong>con-</strong></span> 
     </span>
     <span class='ocr_line' id='line_1_21' title="bbox 99 2022 1490 2106; baseline -0.001 -24"><span class='ocrx_word' id='word_1_173' title='bbox 99 2022 370 2104; x_wconf 86' lang='lat' dir='ltr'><strong>fingenda</strong></span> <span class='ocrx_word' id='word_1_174' title='bbox 395 2024 641 2106; x_wconf 86' lang='lat' dir='ltr'><strong>pessime</strong></span> <span class='ocrx_word' id='word_1_175' title='bbox 663 2022 943 2083; x_wconf 87' lang='lat' dir='ltr'><strong>abutitur.</strong></span> <span class='ocrx_word' id='word_1_176' title='bbox 1487 2026 1490 2027; x_wconf 44' lang='lat'><em>⁷</em></span> 
     </span>
    </p>
   </div>
   <div class='ocr_carea' id='block_1_5' title="bbox 103 2263 1113 2414">
    <p class='ocr_par' dir='ltr' id='par_1_6' title="bbox 103 2263 1113 2414">
     <span class='ocr_line' id='line_1_22' title="bbox 171 2263 1113 2334; baseline 0.006 -23"><span class='ocrx_word' id='word_1_177' title='bbox 171 2263 235 2328; x_wconf 93' lang='grc'><strong>(1)</strong></span> <span class='ocrx_word' id='word_1_178' title='bbox 270 2263 391 2314; x_wconf 85' lang='lat' dir='ltr'><strong>Sane</strong></span> <span class='ocrx_word' id='word_1_179' title='bbox 417 2265 650 2315; x_wconf 85' lang='lat' dir='ltr'><strong>Lutherus</strong></span> <span class='ocrx_word' id='word_1_180' title='bbox 670 2305 683 2327; x_wconf 94' lang='lat'><strong>‚</strong></span> <span class='ocrx_word' id='word_1_181' title='bbox 716 2286 769 2316; x_wconf 82' lang='lat' dir='ltr'><strong>cx</strong></span> <span class='ocrx_word' id='word_1_182' title='bbox 796 2280 1113 2334; x_wconf 64' lang='lat' dir='ltr'><strong>praeconcepta</strong></span> 
     </span>
     <span class='ocr_line' id='line_1_23' title="bbox 103 2346 1113 2414; baseline 0.004 -20"><span class='ocrx_word' id='word_1_183' title='bbox 103 2348 327 2394; x_wconf 78' lang='lat' dir='ltr'><strong>sententia</strong></span> <span class='ocrx_word' id='word_1_184' title='bbox 365 2346 423 2394; x_wconf 92' lang='lat' dir='ltr'><strong>de</strong></span> <span class='ocrx_word' id='word_1_185' title='bbox 465 2348 708 2396; x_wconf 75' lang='lat' dir='ltr'><strong>inutilitate</strong></span> <span class='ocrx_word' id='word_1_186' title='bbox 744 2349 975 2397; x_wconf 86' lang='lat' dir='ltr'><strong>bonorum</strong></span> <span class='ocrx_word' id='word_1_187' title='bbox 1002 2367 1113 2414; x_wconf 86' lang='lat' dir='ltr'><strong>ope-</strong></span> 
     </span>
    </p>
   </div>
   <div class='ocr_carea' id='block_1_6' title="bbox 96 2427 1129 3401">
    <p class='ocr_par' dir='ltr' id='par_1_7' title="bbox 96 2427 1129 3401">
     <span class='ocr_line' id='line_1_24' title="bbox 102 2427 1117 2493; baseline 0.005 -19"><span class='ocrx_word' id='word_1_188' title='bbox 102 2444 206 2474; x_wconf 90' lang='lat' dir='ltr'><strong>rum</strong></span> <span class='ocrx_word' id='word_1_189' title='bbox 236 2427 294 2475; x_wconf 81' lang='lat' dir='ltr'><strong>ad</strong></span> <span class='ocrx_word' id='word_1_190' title='bbox 317 2428 697 2493; x_wconf 81' lang='lat' dir='ltr'><strong>justificationem</strong></span> <span class='ocrx_word' id='word_1_191' title='bbox 729 2447 784 2477; x_wconf 85' lang='lat' dir='ltr'><strong>ac</strong></span> <span class='ocrx_word' id='word_1_192' title='bbox 812 2430 870 2478; x_wconf 88' lang='lat' dir='ltr'><strong>de</strong></span> <span class='ocrx_word' id='word_1_193' title='bbox 902 2431 997 2478; x_wconf 80' lang='lat' dir='ltr'><strong>sola</strong></span> <span class='ocrx_word' id='word_1_194' title='bbox 1025 2431 1117 2479; x_wconf 85' lang='lat' dir='ltr'><strong>fide</strong></span> 
     </span>
     <span class='ocr_line' id='line_1_25' title="bbox 97 2508 1120 2577; baseline 0.005 -22"><span class='ocrx_word' id='word_1_195' title='bbox 97 2508 382 2575; x_wconf 67' lang='lat' dir='ltr'><strong>‘justificante</strong></span> <span class='ocrx_word' id='word_1_196' title='bbox 397 2546 410 2569; x_wconf 88' lang='lat'><strong>‚</strong></span> <span class='ocrx_word' id='word_1_197' title='bbox 442 2528 537 2558; x_wconf 89' lang='lat' dir='ltr'><strong>non</strong></span> <span class='ocrx_word' id='word_1_198' title='bbox 560 2511 710 2558; x_wconf 87' lang='lat' dir='ltr'><strong>solum</strong></span> <span class='ocrx_word' id='word_1_199' title='bbox 738 2513 895 2577; x_wconf 83' lang='lat' dir='ltr'><strong>rejecit</strong></span> <span class='ocrx_word' id='word_1_200' title='bbox 913 2514 979 2560; x_wconf 84' lang='lat' dir='ltr'><strong>uti</strong></span> <span class='ocrx_word' id='word_1_201' title='bbox 997 2519 1120 2560; x_wconf 73' lang='lat' dir='ltr'><strong>stra-</strong></span> 
     </span>
     <span class='ocr_line' id='line_1_26' title="bbox 102 2589 1119 2660; baseline 0.005 -22"><span class='ocrx_word' id='word_1_202' title='bbox 102 2591 315 2638; x_wconf 77' lang='lat' dir='ltr'><strong>mineum</strong></span> <span class='ocrx_word' id='word_1_203' title='bbox 351 2589 590 2656; x_wconf 85' lang='lat' dir='ltr'><strong>epistolam</strong></span> <span class='ocrx_word' id='word_1_204' title='bbox 631 2592 683 2641; x_wconf 87' lang='lat' dir='ltr'><strong>S.</strong></span> <span class='ocrx_word' id='word_1_205' title='bbox 722 2593 884 2642; x_wconf 87' lang='lat' dir='ltr'><strong>Jacobi</strong></span> <span class='ocrx_word' id='word_1_206' title='bbox 905 2628 919 2654; x_wconf 89' lang='lat'>‚</span> <span class='ocrx_word' id='word_1_207' title='bbox 956 2609 1059 2660; x_wconf 80' lang='lat' dir='ltr'><strong>quae</strong></span> <span class='ocrx_word' id='word_1_208' title='bbox 1094 2611 1119 2643; x_wconf 87' lang='lat' dir='ltr'><strong>e</strong></span> 
     </span>
     <span class='ocr_line' id='line_1_27' title="bbox 101 2672 1120 2736; baseline 0.003 -15"><span class='ocrx_word' id='word_1_209' title='bbox 101 2672 322 2721; x_wconf 85' lang='lat' dir='ltr'><strong>diametro</strong></span> <span class='ocrx_word' id='word_1_210' title='bbox 359 2673 626 2722; x_wconf 81' lang='lat' dir='ltr'><strong>adversatur</strong></span> <span class='ocrx_word' id='word_1_211' title='bbox 660 2675 771 2723; x_wconf 90' lang='lat' dir='ltr'><strong>huic</strong></span> <span class='ocrx_word' id='word_1_212' title='bbox 804 2676 1002 2736; x_wconf 84' lang='lat' dir='ltr'><strong>haeresi‚</strong></span> <span class='ocrx_word' id='word_1_213' title='bbox 1040 2676 1120 2724; x_wconf 88' lang='lat' dir='ltr'><strong>sed</strong></span> 
     </span>
     <span class='ocr_line' id='line_1_28' title="bbox 101 2756 1121 2818; baseline 0.003 -17"><span class='ocrx_word' id='word_1_214' title='bbox 101 2764 311 2818; x_wconf 81' lang='lat' dir='ltr'><strong>praeterea</strong></span> <span class='ocrx_word' id='word_1_215' title='bbox 335 2756 386 2802; x_wconf 88' lang='lat' dir='ltr'><strong>in</strong></span> <span class='ocrx_word' id='word_1_216' title='bbox 415 2773 499 2803; x_wconf 83' lang='lat' dir='ltr'><strong>sua</strong></span> <span class='ocrx_word' id='word_1_217' title='bbox 527 2757 731 2804; x_wconf 85' lang='lat' dir='ltr'><strong>editione</strong></span> <span class='ocrx_word' id='word_1_218' title='bbox 760 2756 1013 2806; x_wconf 88' lang='lat' dir='ltr'><strong>Bibliorum</strong></span> <span class='ocrx_word' id='word_1_219' title='bbox 1039 2758 1121 2807; x_wconf 86' lang='lat' dir='ltr'><strong>ad-</strong></span> 
     </span>
     <span class='ocr_line' id='line_1_29' title="bbox 102 2833 1118 2901; baseline 0.004 -17"><span class='ocrx_word' id='word_1_220' title='bbox 102 2833 209 2899; x_wconf 72' lang='lat' dir='ltr'><strong>iecit</strong></span> <span class='ocrx_word' id='word_1_221' title='bbox 249 2836 397 2884; x_wconf 85' lang='lat' dir='ltr'><strong>verbis</strong></span> <span class='ocrx_word' id='word_1_222' title='bbox 428 2837 664 2901; x_wconf 84' lang='lat' dir='ltr'><strong>Apostoli,</strong></span> <span class='ocrx_word' id='word_1_223' title='bbox 711 2838 847 2887; x_wconf 88' lang='lat' dir='ltr'><strong>Rom.</strong></span> <span class='ocrx_word' id='word_1_224' title='bbox 889 2855 939 2888; x_wconf 85' lang='lat' dir='ltr'><strong>ln</strong></span> <span class='ocrx_word' id='word_1_225' title='bbox 963 2878 977 2900; x_wconf 93' lang='lat'><strong>‚</strong></span> <span class='ocrx_word' id='word_1_226' title='bbox 1022 2838 1118 2899; x_wconf 78' lang='lat'><strong>28,</strong></span> 
     </span>
     <span class='ocr_line' id='line_1_30' title="bbox 106 2918 1120 2972; baseline 0.006 -6"><span class='ocrx_word' id='word_1_227' title='bbox 106 2933 260 2967; x_wconf 80' lang='lat' dir='ltr'><strong>vocem</strong></span> <span class='ocrx_word' id='word_1_228' title='bbox 286 2918 454 2969; x_wconf 73' lang='lat' dir='ltr'><strong>solam.</strong></span> <span class='ocrx_word' id='word_1_229' title='bbox 484 2920 603 2969; x_wconf 87' lang='lat' dir='ltr'><strong>Cum</strong></span> <span class='ocrx_word' id='word_1_230' title='bbox 632 2939 738 2970; x_wconf 84' lang='lat' dir='ltr'><strong>vero</strong></span> <span class='ocrx_word' id='word_1_231' title='bbox 765 2922 852 2970; x_wconf 85' lang='lat' dir='ltr'><strong>hac</strong></span> <span class='ocrx_word' id='word_1_232' title='bbox 871 2923 927 2971; x_wconf 87' lang='lat' dir='ltr'><strong>de</strong></span> <span class='ocrx_word' id='word_1_233' title='bbox 947 2941 995 2972; x_wconf 86' lang='lat' dir='ltr'><strong>re</strong></span> <span class='ocrx_word' id='word_1_234' title='bbox 1019 2941 1120 2972; x_wconf 92' lang='lat' dir='ltr'><strong>mo-</strong></span> 
     </span>
     <span class='ocr_line' id='line_1_31' title="bbox 107 3001 1123 3067; baseline 0.005 -20"><span class='ocrx_word' id='word_1_235' title='bbox 107 3001 231 3048; x_wconf 83' lang='lat' dir='ltr'><strong>nitus</strong></span> <span class='ocrx_word' id='word_1_236' title='bbox 262 3011 407 3063; x_wconf 80' lang='lat' dir='ltr'><strong>esset,</strong></span> <span class='ocrx_word' id='word_1_237' title='bbox 441 3003 683 3067; x_wconf 86' lang='lat' dir='ltr'><strong>respoudit</strong></span> <span class='ocrx_word' id='word_1_238' title='bbox 712 3020 726 3052; x_wconf 75' lang='grc' dir='ltr'><strong><em>ε</em></strong></span> <span class='ocrx_word' id='word_1_239' title='bbox 758 3002 844 3052; x_wconf 79' lang='lat' dir='ltr'><strong>Sic</strong></span> <span class='ocrx_word' id='word_1_240' title='bbox 873 3002 976 3053; x_wconf 81' lang='lat' dir='ltr'><strong>volo</strong></span> <span class='ocrx_word' id='word_1_241' title='bbox 995 3044 1008 3065; x_wconf 86' lang='lat'>‚</span> <span class='ocrx_word' id='word_1_242' title='bbox 1049 3007 1123 3054; x_wconf 72' lang='lat' dir='ltr'><strong>sic</strong></span> 
     </span>
     <span class='ocr_line' id='line_1_32' title="bbox 96 3080 1120 3149; baseline 0.009 -21"><span class='ocrx_word' id='word_1_243' title='bbox 96 3080 245 3145; x_wconf 73' lang='lat' dir='ltr'><strong>jubeo</strong></span> <span class='ocrx_word' id='word_1_244' title='bbox 264 3117 279 3145; x_wconf 91' lang='lat'>,</span> <span class='ocrx_word' id='word_1_245' title='bbox 314 3083 378 3131; x_wconf 75' lang='lat' dir='ltr'><strong>sit</strong></span> <span class='ocrx_word' id='word_1_246' title='bbox 409 3100 501 3149; x_wconf 84' lang='lat' dir='ltr'><strong>pro</strong></span> <span class='ocrx_word' id='word_1_247' title='bbox 534 3086 719 3133; x_wconf 72' lang='lat' dir='ltr'><strong>ratione</strong></span> <span class='ocrx_word' id='word_1_248' title='bbox 753 3084 987 3135; x_wconf 68' lang='lat' dir='ltr'><strong>voluntas.</strong></span> <span class='ocrx_word' id='word_1_249' title='bbox 1018 3086 1120 3137; x_wconf 85' lang='lat' dir='ltr'><strong>cfr.</strong></span> 
     </span>
     <span class='ocr_line' id='line_1_33' title="bbox 112 3160 1125 3235; baseline 0.009 -25"><span class='ocrx_word' id='word_1_250' title='bbox 112 3160 278 3212; x_wconf 78' lang='lat' dir='ltr'><strong>Becan.</strong></span> <span class='ocrx_word' id='word_1_251' title='bbox 295 3163 531 3214; x_wconf 79' lang='lat' dir='ltr'><strong>Manuale</strong></span> <span class='ocrx_word' id='word_1_252' title='bbox 544 3175 749 3216; x_wconf 79' lang='lat' dir='ltr'><strong>controv.</strong></span> <span class='ocrx_word' id='word_1_253' title='bbox 763 3168 848 3217; x_wconf 87' lang='lat' dir='ltr'><strong>lib.</strong></span> <span class='ocrx_word' id='word_1_254' title='bbox 864 3186 879 3217; x_wconf 84' lang='grc' dir='ltr'><strong><em>ι</em></strong></span> <span class='ocrx_word' id='word_1_255' title='bbox 893 3208 906 3229; x_wconf 86' lang='grc'><em>,</em></span> <span class='ocrx_word' id='word_1_256' title='bbox 926 3186 1026 3235; x_wconf 85' lang='lat' dir='ltr'><strong>cap.</strong></span> <span class='ocrx_word' id='word_1_257' title='bbox 1046 3167 1125 3230; x_wconf 83' lang='lat'><strong>15,</strong></span> 
     </span>
     <span class='ocr_line' id='line_1_34' title="bbox 117 3243 1124 3316; baseline 0.01 -26"><span class='ocrx_word' id='word_1_258' title='bbox 117 3255 274 3307; x_wconf 77' lang='lat' dir='ltr'><strong>quaest.</strong></span> <span class='ocrx_word' id='word_1_259' title='bbox 300 3243 333 3309; x_wconf 77' lang='grc'><strong><em>4</em></strong></span> <span class='ocrx_word' id='word_1_260' title='bbox 347 3283 361 3307; x_wconf 87' lang='grc'>,</span> <span class='ocrx_word' id='word_1_261' title='bbox 389 3266 439 3297; x_wconf 91' lang='lat' dir='ltr'><strong>n.</strong></span> <span class='ocrx_word' id='word_1_262' title='bbox 471 3249 519 3298; x_wconf 85' lang='lat'><strong>3.</strong></span> <span class='ocrx_word' id='word_1_263' title='bbox 551 3249 617 3298; x_wconf 79' lang='lat' dir='ltr'><strong>lta</strong></span> <span class='ocrx_word' id='word_1_264' title='bbox 640 3266 686 3299; x_wconf 84' lang='lat' dir='ltr'><strong>se</strong></span> <span class='ocrx_word' id='word_1_265' title='bbox 706 3267 756 3299; x_wconf 82' lang='lat' dir='ltr'><strong>se</strong></span> <span class='ocrx_word' id='word_1_266' title='bbox 775 3261 1010 3316; x_wconf 84' lang='lat' dir='ltr'><strong>gesserunt</strong></span> <span class='ocrx_word' id='word_1_267' title='bbox 1038 3270 1124 3300; x_wconf 89' lang='lat' dir='ltr'><strong>an·</strong></span> 
     </span>
     <span class='ocr_line' id='line_1_35' title="bbox 120 3323 1129 3401; baseline 0.011 -28"><span class='ocrx_word' id='word_1_268' title='bbox 120 3323 332 3389; x_wconf 75' lang='lat' dir='ltr'><strong>tiquiores</strong></span> <span class='ocrx_word' id='word_1_269' title='bbox 358 3329 559 3382; x_wconf 83' lang='lat' dir='ltr'><strong>haeretici</strong></span> <span class='ocrx_word' id='word_1_270' title='bbox 578 3371 592 3393; x_wconf 92' lang='lat'><strong>,</strong></span> <span class='ocrx_word' id='word_1_271' title='bbox 629 3350 746 3400; x_wconf 86' lang='lat' dir='ltr'><strong>quos</strong></span> <span class='ocrx_word' id='word_1_272' title='bbox 777 3345 1016 3401; x_wconf 88' lang='lat' dir='ltr'><strong>propterea</strong></span> <span class='ocrx_word' id='word_1_273' title='bbox 1041 3334 1129 3384; x_wconf 89' lang='lat' dir='ltr'><strong>Pa-</strong></span> 
     </span>
    </p>
   </div>
   <div class='ocr_carea' id='block_1_7' title="bbox 1197 2270 2224 3306">
    <p class='ocr_par' dir='ltr' id='par_1_8' title="bbox 1197 2270 2223 2831">
     <span class='ocr_line' id='line_1_36' title="bbox 1197 2270 2219 2328; baseline 0.005 -11"><span class='ocrx_word' id='word_1_274' title='bbox 1197 2280 1286 2318; x_wconf 81' lang='lat' dir='ltr'><strong>tres</strong></span> <span class='ocrx_word' id='word_1_275' title='bbox 1306 2305 1321 2328; x_wconf 90' lang='lat'>,</span> <span class='ocrx_word' id='word_1_276' title='bbox 1353 2281 1398 2319; x_wconf 84' lang='lat' dir='ltr'><strong>et</strong></span> <span class='ocrx_word' id='word_1_277' title='bbox 1426 2273 1477 2318; x_wconf 90' lang='lat' dir='ltr'><strong>in</strong></span> <span class='ocrx_word' id='word_1_278' title='bbox 1505 2271 1578 2318; x_wconf 84' lang='lat' dir='ltr'><strong>his</strong></span> <span class='ocrx_word' id='word_1_279' title='bbox 1599 2270 1651 2320; x_wconf 93' lang='lat' dir='ltr'><strong>S.</strong></span> <span class='ocrx_word' id='word_1_280' title='bbox 1677 2271 1875 2320; x_wconf 80' lang='lat' dir='ltr'><strong>Irenaeus</strong></span> <span class='ocrx_word' id='word_1_281' title='bbox 1906 2282 1951 2320; x_wconf 86' lang='lat' dir='ltr'><strong>et</strong></span> <span class='ocrx_word' id='word_1_282' title='bbox 1968 2271 2219 2322; x_wconf 86' lang='lat' dir='ltr'><strong>Tertullia-</strong></span> 
     </span>
     <span class='ocr_line' id='line_1_37' title="bbox 1197 2351 2218 2419; baseline 0.003 -21"><span class='ocrx_word' id='word_1_283' title='bbox 1197 2369 1284 2398; x_wconf 79' lang='lat' dir='ltr'><strong>nus</strong></span> <span class='ocrx_word' id='word_1_284' title='bbox 1299 2389 1312 2409; x_wconf 91' lang='lat'>‚</span> <span class='ocrx_word' id='word_1_285' title='bbox 1335 2362 1501 2399; x_wconf 79' lang='lat' dir='ltr'><strong>vocant</strong></span> <span class='ocrx_word' id='word_1_286' title='bbox 1513 2351 1879 2417; x_wconf 74' lang='lat' dir='ltr'><strong>Scripturarum</strong></span> <span class='ocrx_word' id='word_1_287' title='bbox 1896 2363 2218 2419; x_wconf 70' lang='lat' dir='ltr'><strong>corruptores,-</strong></span> 
     </span>
     <span class='ocr_line' id='line_1_38' title="bbox 1198 2433 2218 2500; baseline 0.004 -21"><span class='ocrx_word' id='word_1_288' title='bbox 1198 2434 1261 2479; x_wconf 81' lang='lat' dir='ltr'><strong>ita</strong></span> <span class='ocrx_word' id='word_1_289' title='bbox 1278 2435 1576 2493; x_wconf 81' lang='lat' dir='ltr'><strong>recentiores,</strong></span> <span class='ocrx_word' id='word_1_290' title='bbox 1604 2443 1657 2481; x_wconf 87' lang='lat' dir='ltr'><strong>ut</strong></span> <span class='ocrx_word' id='word_1_291' title='bbox 1673 2433 1790 2482; x_wconf 86' lang='lat' dir='ltr'><strong>Beza</strong></span> <span class='ocrx_word' id='word_1_292' title='bbox 1815 2434 1988 2500; x_wconf 84' lang='lat' dir='ltr'><strong>aliique</strong></span> <span class='ocrx_word' id='word_1_293' title='bbox 2011 2437 2182 2500; x_wconf 80' lang='lat' dir='ltr'><strong>passim</strong></span> <span class='ocrx_word' id='word_1_294' title='bbox 2199 2469 2218 2499; x_wconf 84' lang='lat'>,</span> 
     </span>
     <span class='ocr_line' id='line_1_39' title="bbox 1200 2514 2219 2578; baseline 0.005 -16"><span class='ocrx_word' id='word_1_295' title='bbox 1200 2523 1252 2562; x_wconf 84' lang='lat' dir='ltr'><strong>ut</strong></span> <span class='ocrx_word' id='word_1_296' title='bbox 1281 2514 1420 2578; x_wconf 87' lang='lat' dir='ltr'><strong>paulo</strong></span> <span class='ocrx_word' id='word_1_297' title='bbox 1448 2524 1550 2578; x_wconf 83' lang='lat' dir='ltr'><strong>post</strong></span> <span class='ocrx_word' id='word_1_298' title='bbox 1580 2515 1889 2568; x_wconf 75' lang='lat' dir='ltr'><strong>ostendemus.</strong></span> <span class='ocrx_word' id='word_1_299' title='bbox 1909 2515 2101 2566; x_wconf 85' lang='lat' dir='ltr'><strong>Interim</strong></span> <span class='ocrx_word' id='word_1_300' title='bbox 2128 2518 2219 2568; x_wconf 84' lang='lat' dir='ltr'><strong>cfr.</strong></span> 
     </span>
     <span class='ocr_line' id='line_1_40' title="bbox 1200 2594 2223 2649; baseline 0.005 -7"><span class='ocrx_word' id='word_1_301' title='bbox 1200 2594 1367 2643; x_wconf 85' lang='lat' dir='ltr'><strong>Barth.</strong></span> <span class='ocrx_word' id='word_1_302' title='bbox 1402 2594 1675 2645; x_wconf 83' lang='lat' dir='ltr'><strong>Germonius</strong></span> <span class='ocrx_word' id='word_1_303' title='bbox 1705 2594 1751 2644; x_wconf 92' lang='lat' dir='ltr'><strong>S.</strong></span> <span class='ocrx_word' id='word_1_304' title='bbox 1788 2597 1833 2647; x_wconf 86' lang='lat' dir='ltr'><strong>J.</strong></span> <span class='ocrx_word' id='word_1_305' title='bbox 1870 2599 1949 2647; x_wconf 83' lang='lat' dir='ltr'><strong>De</strong></span> <span class='ocrx_word' id='word_1_306' title='bbox 1985 2600 2223 2649; x_wconf 68' lang='lat' dir='ltr'><strong>veteribus</strong></span> 
     </span>
     <span class='ocr_line' id='line_1_41' title="bbox 1201 2676 2223 2732; baseline 0.007 -7"><span class='ocrx_word' id='word_1_307' title='bbox 1201 2676 1438 2726; x_wconf 76' lang='lat' dir='ltr'><strong>hoereticis</strong></span> <span class='ocrx_word' id='word_1_308' title='bbox 1453 2679 1877 2728; x_wconf 75' lang='lat' dir='ltr'><strong>ecclesiasticorum</strong></span> <span class='ocrx_word' id='word_1_309' title='bbox 1889 2682 2108 2731; x_wconf 79' lang='lat' dir='ltr'><strong>codicum</strong></span> <span class='ocrx_word' id='word_1_310' title='bbox 2119 2699 2223 2732; x_wconf 86' lang='lat' dir='ltr'><strong>cor-</strong></span> 
     </span>
     <span class='ocr_line' id='line_1_42' title="bbox 1202 2762 2186 2831; baseline 0.008 -23"><span class='ocrx_word' id='word_1_311' title='bbox 1202 2762 1480 2827; x_wconf 76' lang='lat' dir='ltr'><strong>ruptoribus</strong></span> <span class='ocrx_word' id='word_1_312' title='bbox 1500 2802 1512 2821; x_wconf 85' lang='lat'><strong>‚</strong></span> <span class='ocrx_word' id='word_1_313' title='bbox 1548 2763 1689 2812; x_wconf 75' lang='lat' dir='ltr'><strong>PariS.</strong></span> <span class='ocrx_word' id='word_1_314' title='bbox 1730 2764 1854 2831; x_wconf 82' lang='lat'><strong>¹7¹3</strong></span> <span class='ocrx_word' id='word_1_315' title='bbox 1875 2802 1888 2824; x_wconf 93' lang='lat'>‚</span> <span class='ocrx_word' id='word_1_316' title='bbox 1915 2762 2001 2815; x_wconf 88' lang='lat' dir='ltr'><strong>lib.</strong></span> <span class='ocrx_word' id='word_1_317' title='bbox 2026 2775 2105 2815; x_wconf 73' lang='lat' dir='ltr'><strong>iet</strong></span> <span class='ocrx_word' id='word_1_318' title='bbox 2130 2783 2186 2816; x_wconf 83' lang='lat' dir='ltr'><strong>u.</strong></span> 
     </span>
    </p>

    <p class='ocr_par' dir='ltr' id='par_1_9' title="bbox 1203 2843 2224 3306">
     <span class='ocr_line' id='line_1_43' title="bbox 1273 2843 2224 2912; baseline 0.006 -22"><span class='ocrx_word' id='word_1_319' title='bbox 1273 2843 1338 2906; x_wconf 73' lang='lat'><strong>(2)</strong></span> <span class='ocrx_word' id='word_1_320' title='bbox 1376 2843 1474 2892; x_wconf 79' lang='lat' dir='ltr'><strong>cfr.</strong></span> <span class='ocrx_word' id='word_1_321' title='bbox 1504 2861 1606 2911; x_wconf 85' lang='lat' dir='ltr'><strong>quae</strong></span> <span class='ocrx_word' id='word_1_322' title='bbox 1640 2846 1854 2894; x_wconf 81' lang='lat' dir='ltr'><strong>adversus</strong></span> <span class='ocrx_word' id='word_1_323' title='bbox 1870 2864 2070 2912; x_wconf 86' lang='lat' dir='ltr'><strong>nuperos</strong></span> <span class='ocrx_word' id='word_1_324' title='bbox 2105 2847 2224 2896; x_wconf 74' lang='lat' dir='ltr'><strong>Pie-</strong></span> 
     </span>
     <span class='ocr_line' id='line_1_44' title="bbox 1203 2925 2222 2995; baseline 0.005 -22"><span class='ocrx_word' id='word_1_325' title='bbox 1203 2925 1340 2973; x_wconf 69' lang='lat' dir='ltr'><strong>tictas</strong></span> <span class='ocrx_word' id='word_1_326' title='bbox 1357 2961 1374 2987; x_wconf 88' lang='lat'><strong><em>,</em></strong></span> <span class='ocrx_word' id='word_1_327' title='bbox 1401 2929 1482 2991; x_wconf 87' lang='lat' dir='ltr'><strong>qui</strong></span> <span class='ocrx_word' id='word_1_328' title='bbox 1511 2943 1619 2975; x_wconf 90' lang='lat' dir='ltr'><strong>cum</strong></span> <span class='ocrx_word' id='word_1_329' title='bbox 1647 2925 1867 2992; x_wconf 84' lang='lat' dir='ltr'><strong>Quakeris</strong></span> <span class='ocrx_word' id='word_1_330' title='bbox 1896 2928 1984 2977; x_wconf 84' lang='lat' dir='ltr'><strong>hac</strong></span> <span class='ocrx_word' id='word_1_331' title='bbox 2012 2930 2063 2977; x_wconf 87' lang='lat' dir='ltr'><strong>in</strong></span> <span class='ocrx_word' id='word_1_332' title='bbox 2093 2939 2222 2995; x_wconf 83' lang='lat' dir='ltr'><strong>parte</strong></span> 
     </span>
     <span class='ocr_line' id='line_1_45' title="bbox 1204 3008 2222 3075; baseline 0.006 -21"><span class='ocrx_word' id='word_1_333' title='bbox 1204 3009 1489 3056; x_wconf 84' lang='lat' dir='ltr'><strong>conveniunt</strong></span> <span class='ocrx_word' id='word_1_334' title='bbox 1512 3046 1525 3068; x_wconf 88' lang='lat'>‚</span> <span class='ocrx_word' id='word_1_335' title='bbox 1572 3008 1729 3058; x_wconf 86' lang='lat' dir='ltr'><strong>scribit</strong></span> <span class='ocrx_word' id='word_1_336' title='bbox 1782 3010 1955 3075; x_wconf 82' lang='lat' dir='ltr'><strong>Arigler</strong></span> <span class='ocrx_word' id='word_1_337' title='bbox 1975 3048 1990 3072; x_wconf 91' lang='lat'>‚</span> <span class='ocrx_word' id='word_1_338' title='bbox 2042 3013 2094 3059; x_wconf 87' lang='lat' dir='ltr'><strong>in</strong></span> <span class='ocrx_word' id='word_1_339' title='bbox 2140 3028 2222 3060; x_wconf 83' lang='lat' dir='ltr'><strong>sua</strong></span> 
     </span>
     <span class='ocr_line' id='line_1_46' title="bbox 1206 3090 2222 3158; baseline 0.007 -21"><span class='ocrx_word' id='word_1_340' title='bbox 1206 3090 1581 3139; x_wconf 78' lang='lat' dir='ltr'><strong>Hcrmeneutica</strong></span> <span class='ocrx_word' id='word_1_341' title='bbox 1606 3091 1783 3141; x_wconf 78' lang='lat' dir='ltr'><strong>biblica</strong></span> <span class='ocrx_word' id='word_1_342' title='bbox 1806 3092 2022 3158; x_wconf 77' lang='lat' dir='ltr'><strong>qenerali</strong></span> <span class='ocrx_word' id='word_1_343' title='bbox 2033 3131 2048 3156; x_wconf 90' lang='lat'>,</span> <span class='ocrx_word' id='word_1_344' title='bbox 2076 3093 2222 3144; x_wconf 84' lang='lat' dir='ltr'><strong>Vien-</strong></span> 
     </span>
     <span class='ocr_line' id='line_1_47' title="bbox 1206 3170 2219 3245; baseline 0.008 -25"><span class='ocrx_word' id='word_1_345' title='bbox 1206 3188 1280 3219; x_wconf 86' lang='lat' dir='ltr'><strong>nae</strong></span> <span class='ocrx_word' id='word_1_346' title='bbox 1333 3170 1458 3222; x_wconf 78' lang='lat'>1813</span> <span class='ocrx_word' id='word_1_347' title='bbox 1479 3211 1493 3234; x_wconf 91' lang='lat'>‚</span> <span class='ocrx_word' id='word_1_348' title='bbox 1531 3177 1580 3222; x_wconf 88' lang='lat' dir='ltr'><strong>in</strong></span> <span class='ocrx_word' id='word_1_349' title='bbox 1611 3185 1736 3241; x_wconf 82' lang='lat' dir='ltr'><strong>parte</strong></span> <span class='ocrx_word' id='word_1_350' title='bbox 1779 3174 2035 3243; x_wconf 78' lang='lat' dir='ltr'><strong>Isagogica,</strong></span> <span class='ocrx_word' id='word_1_351' title='bbox 2064 3175 2091 3244; x_wconf 77' lang='lat'>§</span> <span class='ocrx_word' id='word_1_352' title='bbox 2128 3194 2184 3245; x_wconf 85' lang='lat'><strong>17</strong></span> <span class='ocrx_word' id='word_1_353' title='bbox 2205 3214 2219 3236; x_wconf 90' lang='lat'><strong>‚</strong></span> 
     </span>
     <span class='ocr_line' id='line_1_48' title="bbox 1208 3250 1728 3306; baseline 0.008 -4"><span class='ocrx_word' id='word_1_354' title='bbox 1208 3250 1281 3302; x_wconf 76' lang='lat' dir='ltr'><strong>De</strong></span> <span class='ocrx_word' id='word_1_355' title='bbox 1312 3253 1496 3305; x_wconf 76' lang='lat' dir='ltr'><strong>lumine</strong></span> <span class='ocrx_word' id='word_1_356' title='bbox 1524 3258 1728 3306; x_wconf 75' lang='lat' dir='ltr'><strong>interno.</strong></span> 
     </span>
    </p>
   </div>
  </div>
 </body>
</html>
