2502 4134
286 131 440 172 mar.
483 132 544 170 u.
589 132 709 169 cAP.
758 132 811 168 v.
858 132 925 167 »Β
967 131 1123 168 saca.
1170 130 1341 169 scau).
1387 129 1542 168 LEc‘r.
1596 129 1653 164 m
1700 127 1846 163 une.
1898 124 2026 166 vim.
2081 104 2200 162 219

107 273 256 333 sules
299 272 373 331 ad
409 266 754 335 avertendos
795 269 994 330 fideles
1033 293 1063 328 a
1104 270 1322 352 vulgari
1349 269 1775 350 Scripturarum
1811 265 2063 326 lectione
2096 286 2204 347 pe-

103 367 436 450 pulerunt-:
482 365 800 448 periculum
841 365 1052 424 scilicet
1097 364 1518 447 perx⁷ersioui5.,
1563 375 1622 422 et
1666 360 2012 421 adulteratio
2060 360 2205 418 sacri

103 473 292 522 textus
329 462 392 519 in
431 459 793 522 versionibus
833 460 1256 519 haereticorum.
1304 460 1486 517 Hasce
1530 457 1863 536 singillatim
1907 454 2204 537 expenda-

100 579 230 617 mus
270 567 518 639 oportet.

182 652 322 711 320.
372 653 451 711 Ac
482 651 673 733 primo
707 650 942 731 quidem
969 648 1360 732 perversionis
1403 644 1657 729 periculo
1680 690 1696 719 ‚
1744 645 1901 726 quod
1937 643 2208 707 fidelibus
2274 712 2280 717 ,

102 745 394 821 instabat²
436 755 697 828 permota
735 745 913 805 fuisse
947 743 1186 804 concilia
1224 745 1632 822 Romanosque
1661 740 1965 800 Pontifices
2002 739 2077 798 ad
2109 739 2209 798 illa

108 843 336 903 decreta
365 841 622 915 edenda,
655 852 818 921 patet
845 842 905 898 1⁰
925 861 996 900 ex
1018 849 1220 912 aetate,
1255 859 1367 919 qua
1391 836 1707 896 Tolosanus
1729 855 1915 893 canon
1941 837 2073 895 XIV
2093 835 2211 895 edi-

107 950 202 996 tus
241 950 344 997 est.
388 939 713 1018 Eruperant
755 947 894 993 tunc
921 934 1199 1014 temporis
1245 931 1576 1011 Albigenses
1612 951 1677 989 ac
1698 928 2069 1008 WaldenseS,
2109 930 2210 1012 qui

109 1031 253 1091 duce
301 1034 470 1091 Petro
512 1029 719 1090 Waldo
759 1038 961 1087 contra
999 1026 1220 1086 clerum
1263 1046 1386 1084 sese
1428 1024 1794 1099 extulerant,
1835 1035 1895 1083 et
1945 1026 2209 1085 versione

110 1126 534 1207 Scripturarum
578 1124 639 1180 in
692 1121 955 1201 gallicam
1011 1119 1268 1200 linguam
1321 1118 1638 1179 utebantur
1679 1117 1753 1177 ad
1796 1119 2213 1201 pervertendos

110 1219 427 1279 Catholicos
449 1263 464 1292 ‚
498 1238 744 1298 quorum
770 1216 965 1296 plures
995 1217 1058 1273 in
1089 1214 1209 1274 dies
1236 1213 1675 1296 decipiebantur
1697 1237 1766 1275 ex
1789 1237 2099 1297 perperam
2127 1217 2214 1274 in-

108 1312 346 1372 tellectis
400 1310 700 1370 nonnullis
755 1310 1182 1392 Scripturarum
1248 1309 1534 1390 oraculis3
1593 1322 1953 1393 quapropter
2015 1310 2217 1369 debuit

109 1406 456 1479 Concilium,
489 1417 663 1488 prout
686 1408 810 1483 jam
844 1405 1190 1487 praestiterat
1219 1403 1427 1464 saltem
1459 1425 1532 1463 ex
1566 1416 1733 1487 parte
1757 1405 2024 1465 Pontifex
2046 1407 2212 1463 Inno-

108 1502 330 1560 centius
356 1503 434 1561 111
456 1546 472 1576 ‚
511 1499 854 1560 contrahere
890 1499 1227 1559 facultatem
1265 1498 1422 1558 laicis
1457 1499 1687 1580 legendi
1720 1501 2076 1583 Scripturam
2103 1499 2215 1558 lin-

109 1618 214 1675 gua
257 1595 599 1669 vernacula7
638 1582 752 1676 quo
789 1594 1010 1654 malum
1047 1594 1193 1653 illud
1230 1605 1692 1676 compesceretur
1734 1594 1956 1676 (1).1d
2000 1595 2220 1678 pariter

182 1869 251 1933 (l)
285 1868 372 1917 Hic
399 1887 472 1917 me
490 1868 703 1918 cohibere
720 1886 902 1934 nequeo
921 1868 981 1917 ab
1003 1868 1116 1918 affe·

111 1949 267 1998 rendis
279 1950 426 1999 verbis
434 1953 629 1999 auctoris
640 1953 940 2016 protestantiS‚
952 1967 1119 2014 nempe

114 2031 313 2093 Hui-ter,
350 2036 431 2099 qui
468 2036 519 2080 in
553 2036 647 2081 vita
686 2033 848 2083 lnnoc.
882 2050 933 2082 m
954 2070 969 2094 ,
1003 2033 1116 2082 edit.

111 2115 190 2181 cit.
210 2120 326 2163 tom.
358 2130 414 2160 111
433 2151 446 2174 ‚
475 2114 562 2163 lib.
589 2132 692 2176 xiv,
720 2131 823 2179 pag.
859 2113 952 2172 36,
985 2131 1120 2178 agens

112 2194 169 2243 de
194 2195 419 2243 haereticis
436 2196 563 2243 illius
590 2200 732 2245 aetatis
749 2233 763 2256 ‚
797 2199 878 2262 qui
904 2198 1000 2262 typi
1018 2199 1121 2244 fue·

111 2286 218 2324 runt
244 2276 557 2324 haereticorum
584 2280 930 2343 insequentium
949 2313 965 2338 ,
995 2276 1120 2325 scili-

111 2367 182 2406 cet
205 2360 551 2422 protestantium
569 2395 582 2418 ‚
612 2358 709 2406 haec
729 2359 787 2407 ad
805 2376 900 2407 rem
918 2369 1122 2407 nostram

110 2438 326 2506 praeclare
364 2438 527 2488 scribit
563 2457 577 2488 ε
617 2440 954 2506 L’experience
991 2443 1126 2490 avait

116 2523 282 2587 apprie
305 2537 395 2585 que
422 2520 486 2569 les
504 2521 765 2586 heret-iqua
782 2523 983 2571 citaient
996 2522 1126 2588 quel-

114 2602 296 2668 quefoie
310 2601 576 2664 I'Epriture
595 2605 751 2652 sainte
763 2621 892 2670 pour
912 2621 1128 2671 appuyer

114 2683 241 2734 leurs
266 2687 514 2751 opinione,
546 2703 642 2735 non
665 2685 918 2736 seulement
939 2686 1126 2736 l'inter-

109 2768 353 2832 pretaient
380 2766 514 2816 selon
540 2767 645 2816 leur
667 2770 862 2834 eysteme
879 2805 894 2833 ,
926 2772 1052 2818 maie
1079 2769 1127 2819 la

115 2847 437 2898 traduieaient
461 2866 522 2897 en
543 2849 717 2915 lanque
739 2849 955 2916 vulqaire
971 2886 986 2916 ‚
1018 2860 1063 2899 et
1079 2851 1126 2900 la

114 2933 554 2997 communiquaient
603 2950 704 2982 auat
758 2943 917 2982 autres
938 2970 952 2994 ,
1012 2951 1126 2982 eane

114 3010 391 3077 e’inquieter
414 3016 461 3062 ei
484 3014 530 3064 la
560 3016 828 3064 traduction
851 3033 913 3064 en
934 3017 1126 3065 rendait

113 3090 372 3152 fidelement
387 3095 429 3143 le
447 3113 572 3146 eene.
596 3096 656 3146 Si
677 3114 798 3145 ceux
812 3133 826 3158 ,
857 3098 970 3146 dont
985 3098 1032 3147 la
1049 3099 1127 3146 vie

119 3174 229 3220 &tait
262 3183 505 3226 consacree
533 3179 564 3226 ὰ
597 3178 643 3225 la
682 3181 896 3241 science,
934 3181 1127 3228 avaient

119 3253 186 3298 ete
215 3253 383 3320 obliyee
421 3259 476 3307 de
508 3276 557 3308 se
598 3259 745 3309 livrer
774 3278 885 3310 avec
909 3265 1126 3327 perseve-

114 3336 257 3381 rance
287 3335 319 3383 ὰ
342 3337 578 3408 beaucoup
606 3344 661 3390 de
690 3351 897 3392 travauoe
911 3379 929 3406 ‚
962 3343 1017 3391 de
1046 3328 1121 3390 re-

114 3413 332 3464 cherches
344 3428 386 3467 et
399 3420 457 3469 de
469 3423 768 3475 meditatione
782 3428 980 3489 anicios,
1000 3443 1126 3494 pour

106 3495 237 3559 faire
265 3503 509 3551 conncure
524 3517 730 3573 exempto
747 3509 804 3558 de
819 3517 945 3558 toute
959 3527 1124 3559 erreur

113 3575 161 3623 la
198 3581 347 3627 verite
375 3582 546 3633 revelee
561 3624 574 3647 ,
609 3587 708 3638 telle
740 3590 901 3654 qu'elle
927 3601 993 3641 eet
1017 3609 1124 3641 ren-

1194 1867 1370 1932 fermee
1385 1868 1506 1916 dane
1521 1867 1588 1916 les
1601 1870 1782 1918 saintes
1796 1866 2075 1926 Ecrituree,
2090 1885 2217 1916 com·

1201 1949 1310 1998 bien
1333 1967 1394 1999 ne
1423 1950 1684 2017 devaitpas
1692 1950 1914 2016 paraftre
1929 1949 2223 2015 danqereuse

1202 2030 1336 2080 l'idee
1356 2032 1413 2080 de
1430 2032 1598 2098 placer
1614 2042 1745 2082 entre
1770 2032 1834 2082 les
1856 2034 2020 2081 maine
2041 2032 2098 2080 de
2121 2041 2222 2079 tout

1203 2111 1244 2162 le
1270 2114 1468 2171 monde,
1490 2131 1604 2163 eane
1626 2116 1773 2164 avoir
1787 2114 1933 2180 eqard
1957 2115 1988 2162 ὰ
2007 2113 2053 2162 la
2076 2130 2223 2179 capa-

1202 2198 1295 2245 cite
1316 2203 1361 2242 et
1379 2197 1409 2244 ὰ
1434 2195 1482 2243 la
1507 2196 1719 2244 dreiture
1745 2196 1804 2244 cle
1828 2195 2012 2244 volente
2034 2197 2091 2244 de
2108 2196 2219 2245 cha-

1203 2293 1316 2333 cun,
1329 2294 1397 2324 un
1411 2276 1528 2324 livre
1541 2279 1627 2341 qui
1630 2287 1749 2342 peut
1759 2278 1990 2326 conduire
2003 2277 2223 2326 l'homme

1205 2360 1338 2406 aussi
1371 2356 1643 2425 facilement
1659 2359 1689 2406 ὰ
1707 2357 1907 2406 l’erreur
1926 2376 2015 2423 que
2033 2359 2156 2407 dane
2178 2358 2222 2407 le

1205 2440 1395 2490 chemin
1419 2439 1487 2489 du
1502 2440 1663 2489 salut?
1692 2440 1800 2491 Une
1810 2441 1942 2507 seule
1963 2440 2221 2491 d'ltommee

1206 2532 1250 2571 et
1275 2522 1333 2571 de
1349 2523 1548 2587 femmes
1577 2524 1825 2573 imiterent
1846 2525 1879 2574 ὰ
1905 2525 2042 2574 Meta
2066 2543 2117 2574 ce
2133 2543 2223 2590 que

1217 2605 1304 2655 W
1297 2605 1405 2653 aldo
1419 2607 1553 2654 avait
1560 2606 1661 2670 fait
1676 2607 1707 2655 ὰ
1724 2606 1865 2672 Lyon
1887 2626 1906 2655 .·
1924 2624 1987 2656 on
2007 2607 2114 2656 leur
2124 2618 2224 2658 tra-

1208 2687 1360 2735 duieit
1390 2688 1436 2735 la
1458 2687 1664 2754 plupart
1692 2688 1772 2736 dee
1804 2691 1945 2738 ecrite
1980 2689 2048 2738 du
2084 2689 2224 2739 Now-

1209 2786 1356 2819 veau-
1370 2770 1647 2819 Testament
1675 2779 1720 2819 et
1741 2770 1986 2836 plusieurs
2013 2772 2070 2820 de
2102 2787 2224 2820 ceux

1209 2852 1265 2900 de
1280 2850 1531 2901 PAncien-
1545 2853 1843 2916 Temenitem,
1869 2861 1914 2900 ee
1930 2852 1992 2901 ils
2008 2870 2066 2901 en
2080 2853 2225 2918 firent

1208 2937 1248 2985 le
1265 2939 1392 3002 sujet
1407 2937 1462 2984 de
1485 2937 1780 3002 conferencee
1810 2936 1934 2986 dam
1963 2936 2088 2986 leurs
2113 2941 2224 2986 reu-

1208 3019 1370 3067 nions.
1379 3016 1455 3064 Its
1471 3017 1777 3082 reqardaient
1789 3034 1900 3066 avec
1911 3017 2090 3066 dedain
2103 3034 2229 3066 ceum·

1207 3102 1297 3165 qui
1323 3117 1384 3147 ne
1412 3099 1658 3148 voulaient
1681 3117 1773 3165 pas
1802 3117 1834 3164 y
1856 3100 2062 3166 prendre
2081 3110 2225 3166 part,

1208 3184 1524 3249 meprisaient
1544 3182 1612 3229 les
1630 3184 2007 3231 avertissemencs
2026 3182 2107 3230 des
2117 3184 2228 3249 pre-

1207 3273 1303 3313 tree
1320 3301 1338 3327 ,
1365 3265 1671 3313 clierchaient
1692 3266 1723 3313 ὰ
1750 3266 2026 3332 eejum'fier
2045 3264 2226 3331 parles

1208 3357 1446 3395 sentences
1470 3351 1672 3395 sacrees.
1693 3345 1754 3394 Si
1782 3363 1853 3395 un
1877 3346 2226 3410 ecclesiastique

1209 3428 1531 3478 s'entretenait
1567 3444 1679 3477 avec
1716 3445 1810 3476 eum
1840 3428 1921 3476 dee
1953 3427 2112 3476 clionee
2148 3442 2228 3474 ea-

1210 3515 1369 3572 erees,
1407 3510 1466 3559 ila
1498 3510 1572 3558 lui
1604 3509 1916 3578 rependaient
1940 3528 1958 3559 .·
1986 3508 2122 3560 Nouo
2159 3507 2227 3556 let

1209 3594 1519 3648 cennaiesons
1545 3594 1708 3642 micum
1733 3609 1824 3658 que
1846 3607 1978 3641 vom.
