2502 4134
336 167 497 205 mar.
545 165 623 202 m.
671 164 822 201 snc'r.
870 163 910 200 1.
961 162 1083 202 car.
1130 163 1166 201 ι.
1222 166 1288 201 na
1326 166 1461 201 arr.
1512 165 1640 201 AM.
1688 164 1796 201 rin.
1841 162 2021 202 srne'r.
2109 141 2222 202 391

126 310 234 369 trio
268 314 540 388 cujusque
575 304 945 388 penderent?
979 308 1131 366 Num
1167 305 1324 387 quod
1356 307 1417 363 in
1454 306 1708 364 hominis
1749 306 2050 366 voluntate
2082 306 2229 386 posi·
2267 360 2269 362 ,

127 415 252 461 tum
275 413 424 461 esset
450 402 650 460 nativo
678 401 915 459 rationis
945 401 1167 461 lumine
1203 399 1298 460 vel
1332 412 1487 460 recte
1514 401 1599 458 uti
1639 400 1734 459 vel
1760 402 2009 481 pessime
2030 398 2192 459 abuti
2210 444 2227 473 ,

123 509 297 578 atque
338 497 406 554 iis
451 494 827 569 veritatibus,
871 517 1001 576 quae
1041 487 1247 556 Saltem
1296 494 1594 554 evidentia
1644 516 1750 575 per
1794 517 1855 554 se
1896 493 2232 554 immediata

124 614 244 651 non
293 590 552 671 fulgent,
598 613 703 673 per
750 603 1038 649 summam
1090 610 1258 671 posse
1300 590 1748 670 perversitatem
1800 588 2123 669 refragari?
2165 588 2231 648 Id

123 686 361 768 quidem
401 687 768 747 verissimum
792 696 913 759 est,
960 676 1192 744 etalibi
1219 688 1345 760 jam
1381 682 1824 743 declaravimus
1848 684 1961 744 Sed
1984 685 2032 743 si
2056 683 2233 744 intel-

123 780 340 861 ligant,
383 782 443 840 in
483 780 733 840 hominis
771 801 893 839 esse
930 778 1203 850 arbitrio.,
1252 800 1372 857 non
1409 800 1514 859 per
1560 778 1954 859 sophismata,
1991 779 2094 838 sed
2129 800 2234 860 per

127 876 335 935 solidas
384 876 637 935 rationes
689 875 807 935 vim
864 871 1458 933 demonstrationibus
1513 874 1800 946 adimere,
1856 873 2066 955 quibus
2115 874 2231 932 illae

132 972 398 1033 veritates
445 970 804 1051 probantur,
849 990 1124 1048 negamus
1180 970 1445 1033 omnino.
1484 971 1602 1033 Nec
1644 971 1802 1028 enim
1838 973 1900 1027 in
1948 979 2234 1051 potestate

127 1065 380 1145 hominis
409 1076 496 1123 est
529 1064 755 1123 efficere
775 1110 790 1137 7
831 1076 895 1122 ut
920 1063 1067 1124 illud
1101 1085 1307 1123 verum
1332 1086 1457 1123 non
1493 1064 1570 1123 sit
1590 1108 1605 1136 a
1650 1063 1809 1145 quod
1843 1065 1904 1124 in
1931 1085 1992 1123 se
2030 1084 2234 1123 verum

128 1171 248 1233 est,
277 1159 499 1239 'quippe
534 1180 605 1217 ex
637 1157 894 1216 indubiis
933 1158 1231 1238 principiis
1269 1158 1526 1237 legitimo
1560 1179 1716 1216 nexu
1744 1170 2072 1239 promanat.
2104 1157 2235 1217 Fal-

128 1275 258 1312 sum
303 1274 440 1314 vero
467 1264 552 1312 est
581 1264 639 1311 et
675 1251 819 1310 illud
862 1251 1018 1332 quod
1053 1251 1325 1325 additur,
1363 1252 1539 1312 fidem
1579 1253 2084 1332 supernaturalem
2121 1251 2234 1311 illis

130 1346 471 1409 veritatibus
498 1345 706 1419 inniti;
733 1345 837 1404 sed
865 1345 981 1405 illis
1010 1347 1327 1427 suppositis
1353 1358 1637 1428 tanquam
1668 1346 1803 1406 fidei
1831 1347 2200 1429 praeambulis
2217 1393 2252 1431 .,·

126 1453 193 1503 ut
215 1440 473 1521 loquitur
499 1442 556 1501 S.
582 1439 864 1513 ThomaS‚
892 1440 1265 1522 progreditur
1291 1440 1469 1500 homo
1498 1441 1572 1500 ad
1604 1443 1820 1500 motiva
1851 1442 2235 1523 expendenda

126 1533 562 1608 credibilitatis,
608 1533 819 1615 quihus
866 1536 1078 1595 certior
1128 1535 1264 1609 fiat,
1317 1537 1506 1595 Deum
1551 1557 1674 1596 esse
1714 1536 2007 1609 locutum3
2055 1537 2240 1596 credit

127 1650 302 1702 vere,
364 1650 492 1710 quae
568 1630 718 1688 Deus
792 1628 1075 1690 revelavit
1111 1675 1127 1704 ,
1200 1630 1439 1689 innixus
1512 1632 1617 1690 Dei
1677 1631 1856 1713 ipsius
1927 1630 2239 1690 revelantis

127 1724 455 1785 auctoritati
492 1769 506 1794 ,
550 1735 896 1805 praeventus
959 1746 1173 1806 nempe
1243 1736 1420 1807 atque
1479 1726 1711 1804 adjutus
1769 1726 1982 1785 divinae
2045 1725 2238 1805 gratiae

126 1818 401 1879 subsidi0.

209 1910 312 1975 81.
356 1912 490 1990 Obj.
528 1914 798 1974 secunda.
833 1916 894 1972 10
927 1915 1100 1995 Atqui
1134 1916 1181 1973 si
1216 1915 1362 1974 ratio
1396 1914 1768 1974 individualis
1803 1913 2017 1975 habere
2045 1924 2240 1996 posset

127 2009 536 2074 certitudinem
572 2030 809 2083 eorum,
848 2030 978 2090 quae
1015 2008 1239 2086 objecta
1268 2011 1441 2070 etiam
1478 2008 1612 2069 fidei
1640 2021 1815 2084 sunt,
1853 2009 2085 2069 nullum
2115 2031 2243 2069 am—

130 2104 281 2186 plius
322 2103 598 2163 meritum
633 2103 879 2165 haberet
920 2104 983 2162 in
1026 2115 1158 2163 actu
1204 2104 1360 2164 fidei.
1410 2106 1478 2162 20
1521 2107 1681 2164 Esset
1722 2104 2127 2187 independens
2166 2103 2240 2166 ab

130 2199 469 2258 auctoritate
502 2197 762 2261 Ecclesiae
793 2220 858 2257 ac
875 2198 1056 2277 judex
1100 2202 1553 2260 constitueretur
1580 2208 1901 2259 veritatum
1930 2204 2205 2259 omnium
2216 2243 2241 2271 ,

133 2314 382 2375 quarum
409 2313 721 2351 numerum
755 2303 856 2350 aut
891 2294 1264 2373 restringeret
1289 2303 1390 2352 aut
1416 2293 1796 2375 amplificaret
1817 2339 1832 2361 .,
1863 2306 2039 2376 prout
2071 2306 2242 2353 autu·

134 2398 321 2448 maret
335 2433 350 2461 ,
368 2409 428 2447 se
449 2387 671 2468 assequi
698 2386 1108 2447 certitudinem
1129 2409 1297 2468 posse
1317 2388 1832 2448 demonstrationis
1858 2390 1967 2449 via.
1986 2388 2051 2446 30
2064 2389 2239 2447 Porro

100 2496 109 2509 '
134 2482 435 2565 quodnam
470 2482 733 2542 medium
761 2482 873 2540 nisi
907 2482 1246 2544 universalis
1276 2484 1424 2542 ratio
1452 2493 1642 2563 potest
1668 2482 1839 2542 nobis
1872 2482 2243 2564 suppeditare

137 2581 534 2641 testimonium
561 2578 867 2639 infallibile
897 2600 1097 2639 eorum
1116 2625 1132 2653 .,
1166 2600 1295 2661 quae
1319 2583 1472 2638 Deus
1502 2578 1935 2640 manifestavit?
1962 2578 2028 2637 40
2055 2579 2242 2637 Immo

133 2696 204 2736 ex
237 2677 387 2736 facto
416 2679 540 2760 ipso
572 2688 772 2759 aperte
806 2688 1060 2750 constat,
1094 2699 1214 2735 non
1245 2676 1354 2735 alia
1387 2677 1609 2736 ratione
1647 2689 1824 2757 quam
1859 2697 1963 2757 per
1998 2696 2247 2735 consen·

134 2794 265 2832 sum
302 2772 546 2831 humani
575 2773 802 2851 generis
838 2772 1085 2833 voluisse
1120 2774 1342 2844 Deum,
1378 2783 1443 2829 ut
1473 2770 1711 2851 singulis
1737 2769 2058 2830 individuis
2091 2769 2249 2830 veri-

134 2879 282 2926 tates
308 2889 509 2927 omnes
527 2912 542 2941 ,
575 2889 717 2949 quas
740 2868 864 2950 ipse
886 2853 1210 2944 'rerelaviffi
1249 2867 1718 2939 innotescerent3
1754 2864 1939 2924 Adam
1967 2865 2125 2925 enim
2152 2885 2247 2923 eas

136 2961 280 3022 filios
315 2984 446 3021 suos
486 2961 717 3038 docuit,
756 2962 857 3022 filii
891 2962 1136 3022 docuere
1171 2972 1414 3042 nepotes
1437 2957 1469 3034 ‚‘
1497 2973 1555 3021 et
1590 2962 1667 3019 ita
1707 2981 1916 3042 porr0.,
1967 2959 2144 3042 idque
2178 2979 2248 3018 ex

140 3056 334 3117 divina
371 3057 547 3138 plane
584 3057 974 3117 ordinatione.
1009 3057 1074 3115 50
1107 3056 1330 3137 Alioqui
1363 3056 1524 3115 nulla
1555 3055 1630 3115 ad
1660 3056 1838 3115 fidem
1861 3100 1876 3129 ,
1908 3075 1973 3114 ac
2001 3053 2249 3137 proinde

139 3150 215 3209 ad
253 3150 498 3212 salutem
530 3153 620 3212 via
651 3153 1022 3233 suppetiisset
1046 3152 1114 3210 iis
1139 3149 1412 3210 omnibus
1443 3150 1722 3225 ethniciS,
1752 3151 1849 3232 qui
1875 3160 2013 3209 ante
2034 3148 2250 3209 Christi

143 3245 413 3305 vixerunt
448 3247 790 3308 adventum.
832 3247 896 3305 60
931 3248 1070 3306 Post
1106 3245 1406 3306 Christum
1441 3267 1580 3306 vero
1614 3246 1736 3305 haec
1769 3245 1980 3307 divinae
2012 3265 2250 3306 oecono-

142 3337 271 3397 miae
306 3341 455 3399 ratio
486 3341 793 3401 immutata
840 3365 959 3401 non
1005 3353 1124 3418 est3
1167 3340 1453 3423 siquidem
1497 3339 1638 3400 fides
1677 3341 1738 3398 in
1779 3340 2087 3400 Ecclesiam
2127 3360 2249 3397 non

144 3442 231 3490 est
268 3432 379 3491 nisi
417 3435 723 3519 applicatio
752 3437 1023 3521 principii
1060 3438 1438 3495 auctoritatis
1476 3437 1810 3516 qeneraliS,
1856 3456 1986 3517 quae
2030 3431 2249 3495 funda-

149 3536 412 3588 mentum
446 3531 746 3591 constituit
787 3530 1171 3592 certitudinis,
1212 3531 1279 3590 70
1315 3531 1468 3604 Quid
1502 3531 1660 3590 enim
1697 3530 1942 3590 Ecclesia
1971 3526 2250 3589 catholica

148 3618 307 3681 aliud
330 3622 682 3689 credendum
706 3627 1011 3709 proponit,
1036 3627 1144 3687 nisi
1173 3627 1329 3706 quod
1346 3647 1601 3707 semper,
1631 3627 1791 3706 quod
1813 3627 2070 3707 ubique,
2094 3622 2257 3704 quod
