2502 4134
2042 134 2160 194 433

269 159 428 196 PAR‘r.
477 154 562 193 111.
607 152 741 192 sEc'r
784 154 828 192 Ι.
875 153 1002 191 GAP.
1049 153 1087 192 10
1131 151 1199 189 ΠΕ
1241 149 1370 191 RAT.
1420 153 1549 190 Alvr.
1600 153 1707 191 Fu).
1759 155 1940 192 SPEGT.

53 302 204 384 ipse,
232 297 410 378 logica
425 296 632 382 saltem
651 296 1064 377 consequentia
1085 340 1101 370 ,
1128 294 1385 376 dilapsus
1409 306 1517 355 est.
1540 297 1690 355 Hinc
1705 297 1949 356 asseruit
1964 318 2163 358 veram

50 394 383 473 religionem
430 392 663 451 destitui
698 391 910 451 debere
957 391 1158 471 quavis
1195 394 1482 449 exteriore
1518 394 1726 469 forma
1767 394 1888 472 (l);
1930 393 2168 454 indiffe-

50 502 291 550 rentem¹
314 488 488 570 plane
522 509 648 546 rem
681 509 837 560 esse,
875 497 1074 544 utrum
1109 484 1378 543 Christus
1409 485 1577 544 realis
1620 486 1793 546 fuerit
1829 509 2015 551 necne
2043 490 2161 569 (2);

50 586 188 645 hinc
203 585 423 667 pariter
439 584 619 644 fidem
639 583 970 642 historicam
986 580 1395 652 christianismi
1419 581 1698 660 confregit
1712 583 1801 664 (3)
1817 609 1833 656 ς
1860 587 2165 667 Deumque

51 702 111 741 se
155 681 530 739 manifestare
589 690 751 738 extra
796 677 1054 735 animam
1103 675 1359 734 hominis
1400 677 1695 757 potuisse,
1748 700 1959 760 negare
2013 681 2166 740 visus

51 786 139 836 est
176 776 295 856 (4)7
341 775 565 855 aliaque
605 773 665 831 id
709 793 887 852 genus
932 771 1121 853 plura.
1169 770 1362 859 Habes
1385 792 1558 852 porro
1592 771 1684 830 hic
1720 773 1966 833 totidem
1992 797 2168 835 asser-

52 873 239 930 tiones
276 868 691 928 christianismi
733 868 994 926 essentiae
1042 866 1368 938 eversiva83
1411 885 1538 947 quae
1587 866 1824 947 quidem
1868 869 2168 929 undenam

53 977 258 1047 suapte
300 976 508 1023 natura
546 963 815 1044 profectae
858 973 998 1020 sunt
1038 961 1151 1019 nisi
1194 964 1265 1020 εἰ
1304 982 1374 1019 eo
1411 961 1800 1041 mysticist
1846 985 1961 1045 quo
1993 986 2167 1044 egre-

53 1062 175 1141 gius
212 1059 448 1118 aliunde
481 1059 590 1117 iste
616 1056 999 1140 philosophus
1027 1055 1374 1116 rationalem
1401 1056 1747 1141 instinctum
1780 1059 1843 1116 in
1883 1072 2167 1142 perpetua

57 1156 131 1215 ad
164 1154 527 1215 intellectum
579 1152 944 1235 oppositione
986 1152 1322 1226 constituit,
1371 1152 1755 1232 negavitque,
1803 1174 1972 1233 posse
1998 1156 2170 1215 ratio·

52 1272 226 1325 nem,
277 1253 454 1332 prout
489 1247 818 1327 intelligens
856 1267 920 1304 ac
962 1247 1311 1305 ratiocinans
1347 1256 1469 1319 est,
1508 1244 1618 1303 sibi
1653 1246 1755 1304 Dei
1799 1248 2168 1308 existentiam

53 1351 286 1426 ejusque
312 1341 591 1404 attributa
612 1385 628 1415 ,
655 1341 837 1423 animi
865 1340 1369 1399 immortalitatem
1387 1384 1404 1413 .,
1427 1338 1877 1401 credibilitatem
1899 1344 2165 1424 positivae

53 1437 420 1500 revelationis
442 1480 459 1510 a
491 1434 757 1518 *aliasque
791 1433 1074 1511 ejusmodi
1118 1434 1392 1493 veritates
1436 1433 1884 1494 demonstrare?

50 1682 216 1733 tificari
242 1681 470 1732 deberent
488 1685 538 1730 in
556 1671 846 1747 cognitione,
869 1683 1069 1747 cognitio

51 1767 346 1833 impossibilis
394 1767 661 1815 redderetur
682 1803 696 1826 ,
748 1769 921 1832 quippe
964 1782 1069 1831 quae

50 1849 173 1897 dicat
212 1866 291 1913 per
330 1865 376 1896 se
409 1847 726 1909 dualitatem,
768 1865 935 1912 nempe
972 1848 1067 1895 dis-

52 1932 321 1978 tinctionem
348 1928 472 1978 inter
499 1928 760 1995 subjectum
788 1946 1070 1994 cognoscens

50 2022 92 2059 et
122 2012 239 2060 illud
269 2011 395 2077 quod
434 2013 742 2075 cognoscitur.

118 2093 181 2158 (l)
230 2093 392 2141 Jacobi
412 2130 426 2151 ‚
485 2091 540 2137 V
537 2108 599 2140 on
667 2091 761 2141 den
815 2090 1071 2155 yo'ttlichen

54 2174 214 2239 Βίης.
244 2193 349 2240 pag.
377 2173 436 2223 61
471 2185 515 2223 et
533 2192 665 2240 seqq.
681 2174 753 2221 En
770 2168 870 2239 ejus
892 2174 1028 2222 verba
1051 2191 1065 2222 :

59 2256 114 2303 V
110 2274 202 2304 erae
230 2257 455 2320 reliqioni
491 2265 678 2304 tantum
720 2255 851 2303 abest
887 2263 942 2302 ut
980 2254 1068 2301 od-

50 2339 199 2386 soribi
212 2340 366 2404 possit
377 2347 570 2387 externa
584 2336 751 2401 aliqua
760 2338 921 2400 forma
942 2339 1070 2385 sicut

43 2420 203 2484 forma
219 2422 368 2467 unica
394 2429 437 2468 et
467 2420 895 2483 necessaria,quin
911 2436 940 2487 *e
957 2435 1069 2466 con-

52 2509 127 2548 tra
137 2503 348 2566 pertinet
360 2501 425 2549 ad
440 2503 542 2567 ejus
564 2502 818 2548 essentiam
832 2536 847 2556 ‚
881 2499 1067 2548 nullam

52 2583 192 2631 talem
243 2584 452 2646 sormam
512 2582 699 2631 habere.
754 2581 928 2647 Opusc.
983 2584 1063 2630 cit.

51 2685 154 2731 pag.
189 2682 269 2714 22.

119 2748 185 2812 (2)
232 2747 440 2812 Utique,
479 2755 717 2812 qnantum
748 2746 813 2795 ad
839 2748 1067 2795 essentia-

52 2828 139 2876 lem
171 2832 416 2878 veritatem
457 2846 573 2878 meae
604 2831 925 2894 conceptionis
947 2866 961 2889 ‚
997 2837 1066 2876 est

53 2910 177 2959 milti
204 2911 484 2978 indifferens
503 2948 516 2971 ‚
559 2910 679 2975 quid
722 2909 945 2958 Christus
973 2927 1066 2975 per

53 3008 101 3039 se
122 2994 272 3056 fuerit
307 3001 441 3040 extra
475 3009 548 3039 me
571 3029 584 3051 ‚
625 2999 786 3040 utrum
816 2993 1066 3058 conceptui
1094 2983 1101 2989 ’

0 3081 2 3083 ’
55 3089 154 3120 meo
190 3075 247 3120 in
289 3073 503 3121 realitate
536 3072 831 3138 responderit
860 3073 936 3122 vel
963 3090 1062 3122 non

56 3156 362 3218 responderit.
403 3155 542 3222 Quid
569 3157 626 3203 in
657 3163 701 3204 te
735 3157 800 3203 sit
815 3190 834 3218 ‚
873 3155 960 3203 hoe
992 3165 1060 3204 est

57 3233 183 3299 qnod
207 3243 390 3284 tontum
421 3239 644 3299 interest5
661 3254 717 3286 ac
733 3239 790 3285 in
810 3247 852 3286 te
868 3247 936 3285 est
949 3236 1060 3287 Em

54 3331 164 3362 vere
192 3314 443 3379 divinum,
474 3320 590 3383 quia
606 3352 635 3378 ,-
657 3319 894 3384 quidquid
923 3319 1058 3368 homo

62 3398 225 3446 divini
258 3393 440 3448 intueri
454 3411 605 3468 potest
621 3439 637 3465 ‚
675 3403 896 3453 Christus
930 3405 1056 3450 ima·

59 3481 173 3544 qine
204 3495 262 3527 ao
296 3483 484 3530 nomine
514 3483 567 3531 id
592 3494 914 3551 repraesentat.
946 3484 1000 3531 V
997 3500 1060 3532 on

65 3558 156 3608 den
185 3559 315 3624 qo'ttl.
349 3560 498 3627 Βίης.
529 3583 634 3631 pag.
663 3565 759 3626 63,
783 3584 941 3632 opusc.
979 3568 1059 3614 cit.

67 3659 170 3705 pag.
207 3641 291 3691 23.
324 3642 414 3691 Ubi
445 3646 542 3693 haec
572 3657 782 3710 praeterea
817 3666 870 3697 ex
905 3648 1063 3697 Jacobi

147 3722 210 3780 T.
261 3724 359 3782 IX.

1068 3868 1079 3890 Ι

1805 1679 1962 1730 Homo
1998 1685 2174 1735 revelat

1153 1761 1317 1809 Deum
1344 1764 1494 1810 sicuti
1522 1762 1718 1820 Jemem,
1753 1765 1869 1813 dum
1903 1782 1952 1814 se
1988 1769 2168 1833 spiritu

1151 1861 1298 1909 supra
1339 1852 1567 1891 naturam
1607 1845 1823 1907 extollit,
1874 1851 1951 1896 uti
1985 1848 2169 1910 Jeme,-

1151 1934 1226 1972 ast
1260 1925 1402 1973 <Iesus
1431 1942 1530 1974 non
1565 1936 1632 1974 est
1664 1925 1793 1976 Deus
1823 1931 1957 1994 ἕρκη
1986 1933 2168 1997 inipso

1150 2008 1387 2056 habitavit
1406 2008 1660 2074 plenitudo
1689 2010 1992 2072 divinitatis,
2017 2017 2096 2062 nti
2111 2017 2169 2062 in

1151 2106 1435 2155 unaquaque
1454 2099 1674 2139 ereatura
1699 2092 1802 2140 Dei
1815 2128 1833 2150 ‚
1864 2110 1972 2158 quae
1999 2099 2170 2161 nequit

1149 2188 1324 2235 neqare
1345 2186 1347 2188 ’
1369 2171 1639 2220 Creatorem
1680 2189 1841 2224 sunm.
1933 2176 2171 2226 Citaturob

1150 2254 1286 2301 hasce
1335 2257 1603 2302 assertiones
1649 2254 1810 2303 Jacobi
1831 2293 1844 2314 ‚
1906 2251 1958 2303 V
1958 2274 2021 2305 on
2068 2258 2163 2307 den

1147 2333 1278 2398 ςϋιιί.
1308 2336 1465 2398 Dinq.
1495 2353 1598 2399 pag.
1631 2333 1753 2401 189,
1787 2334 1874 2385 63.

1219 2415 1282 2478 (3)
1318 2416 1480 2465 Jacobi
1532 2419 1582 2464 in
1629 2420 1761 2480 epist.
1812 2419 1871 2468 ad
1926 2418 2117 2469 Lavater
2144 2457 2161 2481 ,

1148 2500 1241 2548 vol.
1268 2515 1327 2559 n,
1355 2496 1421 2547 55
1455 2513 1469 2548 t
1501 2497 1570 2545 In
1593 2507 1829 2563 quantum
1854 2500 2164 2550 christianis·

1147 2597 1255 2629 mus
1292 2589 1363 2628 est
1400 2581 1727 2644 mysticiamus
1743 2617 1760 2643 ,
1806 2590 1877 2629 est
1917 2581 1997 2630 ille
2035 2584 2162 2632 mihi

1146 2664 1294 2710 unica
1310 2661 1561 2726 religionis
1566 2661 1900 2729 philosophia,
1922 2680 2030 2728 quw
2046 2682 2161 2714 oon-

1144 2747 1247 2810 cipi
1276 2753 1426 2811 potest
1439 2763 1458 2805 ;
1496 2753 1572 2792 ase
1601 2762 1652 2792 eo
1684 2748 1849 2794 minus
1878 2763 1960 2812 eqo
1982 2750 2039 2795 in
2062 2749 2160 2813 fide

1146 2818 1375 2876 historica
1391 2829 1589 2876 invenio
1608 2830 1733 2877 unde
1741 2830 2018 2896 proficiam.
2034 2831 2160 2881 Alibi

1146 2911 1344 2970 fatetur,
1380 2928 1428 2959 se
1456 2926 1640 2959 omnem
1677 2910 1957 2976 theoloqiam
1987 2915 2044 2960 in
2064 2929 2157 2962 sua

1136 2999 1276 3057 parte
1297 2995 1499 3058 mystica
1512 3010 1604 3060 pro
1624 3010 1755 3058 aeque
1776 3010 1914 3054 vera,
1938 2995 1998 3042 in
2015 3003 2156 3059 parte

1145 3090 1234 3121 sua
1271 3091 1369 3123 non
1412 3078 1614 3141 mystica
1654 3092 1747 3142 pro
1786 3092 1918 3140 teque
1958 3092 2156 3126 erronea

1138 3155 1308 3204 habere
1321 3192 1338 3217 ‚
1370 3167 1457 3206 aut
1482 3159 1625 3205 etiam
1653 3159 1709 3205 in
1728 3156 1825 3205 alio
1840 3169 2153 3223 respectupro

1152 1681 1359 1730 doctrina
1405 1681 1699 1730 deducuntur
1744 1699 1756 1732 ε

1103 3255 1108 3260 ·
1139 3255 1272 3302 oeque
1308 3238 1495 3286 insulsa
1527 3254 1586 3287 ae
1608 3240 1904 3305 perniciosa.
1947 3241 2038 3290 vol.
2081 3257 2115 3288 11
2133 3268 2152 3304 ‚-

1139 3337 1239 3385 pag.
1261 3317 1373 3383 146,
1387 3321 1513 3370 cons.
1532 3317 1652 3380 558,
1674 3337 1834 3385 opusc.
1851 3323 1933 3370 cit.
1949 3339 2053 3386 pag.
2068 3320 2151 3371 28.

1208 3401 1271 3463 (4)
1317 3397 1444 3449 Tam
1464 3417 1644 3467 porum
1660 3410 1813 3467 potest
1835 3401 1971 3450 Deus
1991 3391 2150 3468 falsus

1140 3497 1239 3530 esse
1264 3492 1400 3531 extra
1431 3484 1647 3531 animam
1675 3482 1940 3532 humanam
1959 3521 1971 3540 ‚
2004 3502 2152 3549 quam

1151 3565 1282 3613 Deus
1310 3581 1449 3613 verus
1476 3573 1627 3630 potest
1654 3573 1788 3614 eoetra
1814 3568 1971 3632 ipsam
1998 3582 2171 3632 appa--

1146 3663 1263 3696 rere.
1290 3646 1389 3696 Cfr.
1418 3663 1576 3712 opusc.
1605 3650 1682 3697 cit.
1713 3665 1819 3714 pag.
1849 3646 1932 3716 3²:

1827 3726 1947 3786 28.
