2502 4134
292 121 415 180 292
920 140 1119 196 macr.
1171 142 1237 178 nn
1284 143 1431 180 roms
1474 144 1845 185 maome-iem.

292 288 371 346 cis
422 284 512 366 (1)
539 330 553 357 ,
610 280 1051 341 infallibilitatis
1102 282 1368 344 Ecclesiae
1388 329 1404 358 ,
1465 279 1975 367 supereminentiae
2033 290 2439 372 Episcoporum

299 403 473 464 supra
502 377 879 459 presbyteros
908 377 1027 458 (2),
1067 378 1430 438 necessitatis
1470 381 1700 460 gratiae,
1752 385 2182 465 propagationis
2220 386 2441 468 peccati

295 474 626 557 originaliS‚
664 475 937 535 Sacrificii
971 475 1299 549 incruenti,
1351 475 1524 535 realis
1560 475 1777 537 Christi
1805 478 1871 537 in
1905 480 2255 541 Eucharistia
2287 503 2443 563 prae·

292 571 531 646 sentiae,
576 568 1250 631 transsubstantiationis
1291 569 1381 651 (3)
1405 617 1422 646 ,
1462 572 1787 654 Purgatorii
1823 571 2063 635 demum
2087 621 2105 651 .,
2154 587 2218 638 et
2251 577 2440 637 cultus

293 666 801 749 in‘vocationisque
835 657 1187 726 Sanctorum
1211 664 1323 747 (4)

373 762 516 822 445.
563 760 906 823 Cavendum
929 773 1132 821 tamen
1161 773 1251 821 est
1279 761 1353 821 ab
1376 761 1492 822 illis
1523 759 1983 844 particularibus
2005 763 2250 846 liturgiis
2267 811 2285 843 ‚
2313 789 2443 850 quae

292 870 394 918 aut
421 857 735 940 singularia
753 903 770 934 ‚
809 868 911 916 aut
938 856 1234 940 paradoxa
1254 905 1270 928 ,
1304 857 1605 919 interdum
1650 862 1829 919 etiam
1858 860 2001 920 falsa
2028 860 2219 944 aliqua
2255 864 2444 924 couti·

292 966 473 1030 nent,
512 974 639 1037 quae
663 999 677 1027 .,
717 953 827 1013 hoc
866 954 992 1036 ipso
1027 953 1185 1036 quod
1222 975 1253 1012 a
1295 953 1536 1037 reliquis
1575 953 1942 1037 discrepent,
1983 957 2177 1017 minus
2217 957 2444 1020 idoneae

295 1050 372 1111 ad
410 1050 817 1110 auctoritatem
856 1048 1185 1109 faciendam
1225 1060 1402 1123 sunt,
1444 1049 1773 1132 praesertim
1804 1072 1932 1134 quae
1972 1050 2129 1134 apud
2174 1054 2445 1135 antiquos

294 1147 597 1207 haereticos
636 1145 1016 1227 reperiuntur
1044 1144 1167 1226 (5).
1207 1155 1309 1205 aut
1341 1166 1473 1226 quae
1511 1145 1876 1227 sequioribus
1907 1148 2045 1207 aevis
2085 1147 2323 1207 fuerunt
2351 1148 2448 1209 in·

297 1243 603 1327 terpolatae
622 1288 639 1318 ,
669 1253 772 1302 aut
798 1241 1028 1303 mendis
1057 1253 1303 1302 scatent.
1334 1240 1519 1301 Oculo
1541 1242 1702 1301 enim
1727 1231 1924 1302 critico
1950 1245 2015 1302 in
2041 1242 2131 1302 his
2156 1266 2301 1326 opus
2326 1256 2441 1321 est,

298 1361 363 1399 ac
397 1337 627 1422 probati
665 1337 753 1396 illi
789 1349 1052 1397 auctores
1081 1336 1337 1397 adeundi
1361 1383 1376 1412 ⁷
1413 1336 1512 1419 qui
1548 1335 1718 1398 docte
1758 1358 1823 1398 ac
1853 1337 2080 1399 erudite
2107 1361 2346 1422 operam
2379 1340 2441 1398 in

301 1435 417 1498 illis
446 1432 809 1495 illustrandis
841 1443 1167 1516 posuerunt
1199 1432 1308 1514 (6).

303 1660 423 1708 ferre
453 1658 511 1706 ad
542 1674 704 1706 eorum
732 1655 1075 1704 confusionem.
1095 1655 1173 1704 Sic
1194 1657 1330 1720 igitur

298 1741 503 1806 legitur,
548 1756 654 1804 pag.
695 1736 760 1787 35
798 1754 812 1785 z
851 1735 1073 1785 Salvator
1111 1739 1329 1785 omnium

307 1820 349 1868 J
348 1837 432 1869 esu
477 1818 669 1869 Christe
689 1854 706 1880 ‚
744 1820 833 1883 qui
869 1834 1006 1876 9100ae
1041 1819 1334 1884 operationis

307 1904 518 1971 efficacia
542 1901 595 1948 V
594 1903 803 1968 irqinem
823 1918 915 1968 per
936 1900 1183 1967 Anqelam
1214 1901 1333 1950 visi-

305 1996 381 2036 ias
394 1999 422 2048 ,‘
454 1984 613 2034 Verbo
633 1983 892 2049 faecundas
925 1983 1202 2033 habituram
1225 1986 1334 2033 sine

244 2066 246 2068 ’
308 2069 636 2134 corruptionis
669 2067 864 2136 injuria
893 2067 1076 2132 prolem
1092 2105 1106 2132 3
1146 2074 1192 2115 et
1221 2084 1335 2133 per-

308 2166 596 2199 mansuram
637 2165 749 2198 cum
795 2150 1073 2214 inteqritate
1112 2149 1335 2213 virginea

309 2242 538 2293 matrem,
558 2241 648 2280 etc.
681 2249 789 2296 pag.
823 2246 886 2298 2¹7
914 2248 928 2279 ε
952 2227 1099 2279 Intra
1125 2230 1334 2297 ejusdem

308 2315 447 2364 urbis
478 2313 827 2374 Bethlemitioae
866 2319 1000 2380 septa
1044 2309 1337 2361 Genitricem

314 2398 544 2447 Mariam
565 2407 610 2444 et
626 2403 843 2444 materno
872 2396 1048 2444 honore
1075 2394 1334 2457 sublimas,

310 2488 357 2527 et
381 2478 688 2544 virqinitaeis
713 2476 891 2526 honore
912 2475 1183 2543 qlorificas;
1199 2480 1340 2544 cujus

316 2570 508 2610 uterum
545 2578 636 2609 nec
677 2560 958 2626 inqrediens
999 2576 1211 2619 reseras,
1254 2576 1341 2608 nec

313 2643 561 2708 eqrediens
615 2641 788 2692 violas.
844 2639 1023 2690 Similia
1075 2643 1290 2708 leguntur
1322 2681 1337 2702 ‚

314 2744 421 2792 pag.
455 2725 519 2774 28
538 2763 552 2785 ‚
587 2740 686 2792 293
717 2727 830 2773 item
863 2727 914 2773 in
939 2723 1113 2774 Missali
1131 2724 1339 2790 gothico,

314 2826 420 2875 pag.
450 2805 549 2857 235
568 2844 583 2868 ,
614 2804 744 2870 2563
768 2824 969 2873 necnon
987 2804 1343 2866 iuSacramen-

312 2892 444 2940 tario
475 2888 773 2952 Gelasiano,
811 2907 921 2956 pag.
953 2905 1018 2958 9,
1058 2899 1103 2939 et
1137 2893 1188 2938 in
1218 2891 1344 2939 Leo-

312 2976 496 3035 niano,
532 2974 624 3024 col.
660 2970 779 3038 473.

383 3057 457 3121 (1)
492 3056 547 3106 In
560 3053 791 3106 Sacram.
809 3054 1086 3116 Leoniano,
1106 3055 1198 3104 col.
1213 3054 1344 3119 3333

315 3149 361 3187 et
388 3141 440 3187 in
474 3138 678 3188 Miaesali
706 3138 924 3204 ςοίῘιὶσο,
953 3153 1063 3205 pag.
1087 3136 1206 3188 315.

387 3220 454 3284 (2)
494 3220 549 3268 In
603 3224 687 3272 cit.
760 3222 984 3271 Sacram.
1043 3221 1297 3270 Leoniano
1324 3259 1342 3280 ,

314 3302 406 3351 col.
439 3301 539 3351 330
569 3319 624 3351 ac
656 3302 775 3366 334.

1416 1657 1500 1703 ctis
1523 1656 1874 1705 auctoritatibus
1891 1693 1904 1717 ‚
1936 1656 2145 1706 Zaccaria
2162 1693 2176 1717 ,
2212 1657 2329 1706 diss.
2359 1659 2439 1707 cit.

1420 1736 1657 1786 Corollar.
1696 1755 1754 1786 ιο
1785 1749 1830 1786 et
1854 1756 1989 1805 seqq.
2021 1738 2123 1789 Cfr.
2158 1741 2300 1788 etiam
2334 1738 2442 1788 Mu·

1417 1822 1613 1870 ratorius
1642 1830 1685 1869 et
1707 1819 1735 1868 J
1739 1821 1937 1885 osephus
1959 1821 2118 1888 Aioys.
2137 1820 2440 1882 Assemanus‚

1416 1903 1471 1950 in
1499 1903 1599 1951 citt.
1641 1902 1823 1951 dissert.

1487 1984 1557 2048 (k)
1593 1983 1694 2034 Cfr.
1743 1983 1992 2044 zaccaria,
2027 2002 2106 2050 op.
2143 1996 2186 2034 et
2239 1985 2329 2035 loc.
2362 1988 2441 2034 cit.

1422 2064 1599 2114 Coroll.
1637 2081 1694 2132 ¹7
1724 2074 1771 2114 et
1807 2063 1888 2115 18.

1488 2148 1560 2212 (ὅ)
1599 2147 1901 2213 Exploratum
1947 2147 2072 2196 enim
2122 2158 2220 2209 est,
2270 2157 2446 2197 veteres

1419 2230 1657 2279 haereticos
1665 2229 1975 2289 NestorianoS‚
1993 2229 2303 2295 Eutychianos
2311 2228 2447 2278 alios-

1422 2330 1515 2378 que
1542 2315 1758 2360 sectarios
1781 2315 1832 2359 in
1860 2312 2064 2360 articulis
2079 2350 2093 2372 ‚
2126 2315 2176 2360 in
2197 2313 2368 2379 quibus
2386 2313 2447 2361 ab

1425 2395 1624 2444 Ecclesia
1660 2393 1887 2444 catholica
1915 2395 2276 2451 dissentiebant,
2310 2396 2446 2444 litur-

1423 2480 1544 2544 giam
1579 2480 1836 2543 corrupisse
1878 2494 1932 2526 ac
1976 2477 2304 2549 interpolasse,
2343 2494 2446 2526 eam

1430 2559 1782 2609 accomodantes
1819 2558 2049 2609 erroribus
2089 2561 2217 2621 suis3
2253 2576 2346 2626 quo
2379 2560 2447 2608 fa·-

1425 2652 1554 2691 ctum
1571 2648 1660 2703 est,
1681 2652 1733 2690 ut
1754 2644 1804 2690 in
1822 2642 2223 2707 reprehensionem
2242 2642 2303 2690 ob
2322 2641 2448 2708 ejus-

1427 2723 1554 2773 modi
1576 2725 1807 2774 nefarium
1828 2742 1988 2773 ausum
2019 2725 2143 2790 apud
2175 2734 2348 2774 veteres
2373 2727 2449 2772 in-

1426 2808 1671 2857 currerint.
1700 2805 1799 2856 Cfr.
1829 2807 1892 2855 Le
1917 2806 2046 2855 Brun
2065 2844 2079 2867 ,
2110 2807 2223 2856 diss.
2245 2808 2326 2855 cit.
2354 2805 2449 2853 Hac

1428 2889 1485 2938 de
1547 2904 1685 2936 causa
1730 2887 1938 2937 eruditus
1981 2887 2200 2937 Zacearia
2247 2904 2447 2936 canones

1428 2971 1616 3038 subjicit
1635 3007 1649 3031 ,
1691 2970 1752 3020 ad
1783 2971 1905 3020 bene
1938 2971 2210 3020 auctoritate
2240 2970 2449 3036 liturgia-

1430 3071 1533 3103 rum
1562 3052 1793 3103 utendum
1825 3055 1877 3102 in
1904 3053 2042 3102 rebus
2073 3051 2364 3118 theologicis.

1497 3136 1566 3201 (6)
1601 3134 1764 3184 Praeter
1783 3134 1889 3184 citt.
1908 3144 2034 3184 auct.
2051 3135 2140 3184 cfr.
2161 3133 2413 3185 Grancolas
2430 3173 2445 3196 ‚

1431 3219 1524 3268 Les
1549 3220 1808 3267 anciennes
1841 3217 2086 3282 liturqies,
2123 3217 2234 3267 trib.
2269 3217 2445 3268 volum.

1426 3301 1551 3351 Paris
1581 3297 1743 3368 16993
1772 3299 2050 3348 Benedictus
2066 3316 2172 3359 xiv,
2199 3297 2272 3348 De
2296 3302 2452 3348 sacri-

384 3384 456 3448 (3)
489 3368 788 3450 Singulorum
824 3361 994 3435 horum
1040 3385 1342 3434 articulorum
1417 3385 1534 3449 ficio
1553 3382 1751 3443 Μίεεως
1775 3380 1844 3431 De
1877 3381 2087 3430 Azevedo
2110 3420 2122 3440 ,
2145 3381 2259 3432 S.J.
2285 3378 2446 3432 Exer—

310 3486 364 3517 ex
394 3468 593 3533 liturgiis
638 3471 881 3519 veritatem
916 3469 1114 3520 ostendit
1144 3505 1156 3530 ‚
1191 3466 1342 3518 addu-
1423 3468 1671 3517 citationes
1691 3463 1963 3531 lilturqicoe‚
1990 3465 2152 3515 Romae
2188 3463 2331 3532 ¹750·
