<?xml version="1.0" encoding="UTF-8"?>
<!DOCTYPE html PUBLIC "-//W3C//DTD XHTML 1.0 Transitional//EN"
    "http://www.w3.org/TR/xhtml1/DTD/xhtml1-transitional.dtd">
<html xmlns="http://www.w3.org/1999/xhtml" xml:lang="en" lang="en">
 <head>
  <title>
</title>
<meta http-equiv="Content-Type" content="text/html;charset=utf-8" />
  <meta name='ocr-system' content='tesseract 3.04.00' />
  <meta name='ocr-capabilities' content='ocr_page ocr_carea ocr_par ocr_line ocrx_word'/>
</head>
<body>
  <div class='ocr_page' id='page_1' title='image "a603693809perruoft_0210.png"; bbox 0 0 2502 4134; ppageno 0'>
   <div class='ocr_carea' id='block_1_1' title="bbox 253 101 1775 165">
    <p class='ocr_par' dir='ltr' id='par_1_1' title="bbox 253 101 1775 165">
     <span class='ocr_line' id='line_1_1' title="bbox 253 101 1775 165; baseline 0.003 -5"><span class='ocrx_word' id='word_1_1' title='bbox 253 101 376 160; x_wconf 79' lang='lat'>202</span> <span class='ocrx_word' id='word_1_2' title='bbox 845 121 1045 160; x_wconf 71' lang='lat' dir='ltr'>TaAc&#39;r.</span> <span class='ocrx_word' id='word_1_3' title='bbox 1096 118 1164 160; x_wconf 67' lang='lat' dir='ltr'>mi</span> <span class='ocrx_word' id='word_1_4' title='bbox 1207 124 1355 161; x_wconf 66' lang='lat' dir='ltr'>Locis</span> <span class='ocrx_word' id='word_1_5' title='bbox 1398 126 1775 165; x_wconf 70' lang='lat' dir='ltr'>rnnonocrcis.</span> 
     </span>
    </p>
   </div>
   <div class='ocr_carea' id='block_1_2' title="bbox 236 262 2375 2650">
    <p class='ocr_par' dir='ltr' id='par_1_2' title="bbox 245 262 2375 1595">
     <span class='ocr_line' id='line_1_2' title="bbox 245 262 2369 349; baseline 0 -23"><span class='ocrx_word' id='word_1_6' title='bbox 245 265 575 347; x_wconf 76' lang='lat' dir='ltr'>Janseniani</span> <span class='ocrx_word' id='word_1_7' title='bbox 597 309 612 336; x_wconf 74' lang='grc'>,</span> <span class='ocrx_word' id='word_1_8' title='bbox 639 262 739 344; x_wconf 89' lang='lat' dir='ltr'>qui</span> <span class='ocrx_word' id='word_1_9' title='bbox 760 264 978 344; x_wconf 84' lang='lat' dir='ltr'>pariter</span> <span class='ocrx_word' id='word_1_10' title='bbox 992 263 1256 342; x_wconf 85' lang='lat' dir='ltr'>ejusdem</span> <span class='ocrx_word' id='word_1_11' title='bbox 1271 263 1534 325; x_wconf 89' lang='lat' dir='ltr'>lectionis</span> <span class='ocrx_word' id='word_1_12' title='bbox 1547 267 1943 328; x_wconf 82' lang='lat' dir='ltr'>necessitatem</span> <span class='ocrx_word' id='word_1_13' title='bbox 1951 267 2335 349; x_wconf 59' lang='lat' dir='ltr'>praedicarunt</span> <span class='ocrx_word' id='word_1_14' title='bbox 2355 313 2369 341; x_wconf 61' lang='lat'>7</span> 
     </span>
     <span class='ocr_line' id='line_1_3' title="bbox 251 359 2369 445; baseline -0 -23"><span class='ocrx_word' id='word_1_15' title='bbox 251 361 576 445; x_wconf 71' lang='lat' dir='ltr'>praesertim</span> <span class='ocrx_word' id='word_1_16' title='bbox 612 380 751 419; x_wconf 90' lang='lat' dir='ltr'>vero</span> <span class='ocrx_word' id='word_1_17' title='bbox 784 359 1126 433; x_wconf 84' lang='lat' dir='ltr'>Quesnellus</span> <span class='ocrx_word' id='word_1_18' title='bbox 1143 403 1163 430; x_wconf 83' lang='lat'><em>,</em></span> <span class='ocrx_word' id='word_1_19' title='bbox 1202 364 1363 438; x_wconf 89' lang='lat' dir='ltr'>cujus</span> <span class='ocrx_word' id='word_1_20' title='bbox 1394 363 1814 443; x_wconf 84' lang='lat' dir='ltr'>propositiones</span> <span class='ocrx_word' id='word_1_21' title='bbox 1859 365 2106 434; x_wconf 81' lang='lat' dir='ltr'>LXXIX,</span> <span class='ocrx_word' id='word_1_22' title='bbox 2137 366 2335 422; x_wconf 84' lang='lat' dir='ltr'><strong>LXXX</strong></span> <span class='ocrx_word' id='word_1_23' title='bbox 2355 408 2369 436; x_wconf 66' lang='lat' dir='ltr'>a</span> 
     </span>
     <span class='ocr_line' id='line_1_4' title="bbox 251 456 2372 533; baseline -0.001 -15"><span class='ocrx_word' id='word_1_24' title='bbox 251 458 480 518; x_wconf 86' lang='lat' dir='ltr'><strong>LXXXI</strong></span> <span class='ocrx_word' id='word_1_25' title='bbox 509 499 526 519; x_wconf 73' lang='grc'>,</span> <span class='ocrx_word' id='word_1_26' title='bbox 569 456 858 527; x_wconf 68' lang='lat' dir='ltr'><strong>LXXXII,</strong></span> <span class='ocrx_word' id='word_1_27' title='bbox 898 456 1187 514; x_wconf 86' lang='lat' dir='ltr'><strong>LXXXIII</strong></span> <span class='ocrx_word' id='word_1_28' title='bbox 1211 501 1225 530; x_wconf 68' lang='lat'>7</span> <span class='ocrx_word' id='word_1_29' title='bbox 1259 458 1531 516; x_wconf 88' lang='lat' dir='ltr'><strong>LXXXIV</strong></span> <span class='ocrx_word' id='word_1_30' title='bbox 1554 503 1570 533; x_wconf 69' lang='lat'><strong>‚</strong></span> <span class='ocrx_word' id='word_1_31' title='bbox 1612 461 1862 517; x_wconf 86' lang='lat' dir='ltr'><strong>LXXXV</strong></span> <span class='ocrx_word' id='word_1_32' title='bbox 1899 458 2372 527; x_wconf 85' lang='lat' dir='ltr'>damnataesunt,</span> 
     </span>
     <span class='ocr_line' id='line_1_5' title="bbox 251 549 2373 649; baseline 0 -38"><span class='ocrx_word' id='word_1_33' title='bbox 251 556 313 611; x_wconf 91' lang='lat' dir='ltr'>in</span> <span class='ocrx_word' id='word_1_34' title='bbox 354 550 562 649; x_wconf 78' lang='lat' dir='ltr'>quibus</span> <span class='ocrx_word' id='word_1_35' title='bbox 608 551 901 631; x_wconf 83' lang='lat' dir='ltr'>vigentem</span> <span class='ocrx_word' id='word_1_36' title='bbox 941 552 1205 611; x_wconf 86' lang='lat' dir='ltr'>Ecclesiae</span> <span class='ocrx_word' id='word_1_37' title='bbox 1244 549 1541 634; x_wconf 87' lang='lat' dir='ltr'>improbat</span> <span class='ocrx_word' id='word_1_38' title='bbox 1577 552 1974 636; x_wconf 70' lang='lat' dir='ltr'><strong>disciplinam,</strong></span> <span class='ocrx_word' id='word_1_39' title='bbox 2027 554 2270 633; x_wconf 83' lang='lat' dir='ltr'>perinde</span> <span class='ocrx_word' id='word_1_40' title='bbox 2309 575 2373 612; x_wconf 91' lang='lat' dir='ltr'>ac</span> 
     </span>
     <span class='ocr_line' id='line_1_6' title="bbox 250 647 2373 732; baseline 0 -26"><span class='ocrx_word' id='word_1_41' title='bbox 250 647 640 731; x_wconf 82' lang='lat' dir='ltr'>perniciosum</span> <span class='ocrx_word' id='word_1_42' title='bbox 663 668 727 706; x_wconf 93' lang='lat' dir='ltr'>ac</span> <span class='ocrx_word' id='word_1_43' title='bbox 754 649 993 706; x_wconf 79' lang='lat' dir='ltr'>noxium</span> <span class='ocrx_word' id='word_1_44' title='bbox 1021 648 1094 706; x_wconf 84' lang='lat' dir='ltr'>sit</span> <span class='ocrx_word' id='word_1_45' title='bbox 1114 693 1129 721; x_wconf 37' lang='grc' dir='ltr'><strong><em>ἢ</em></strong></span> <span class='ocrx_word' id='word_1_46' title='bbox 1158 647 1539 706; x_wconf 87' lang='lat' dir='ltr'>christianum</span> <span class='ocrx_word' id='word_1_47' title='bbox 1564 649 1713 709; x_wconf 90' lang='lat' dir='ltr'>velle</span> <span class='ocrx_word' id='word_1_48' title='bbox 1735 670 1766 707; x_wconf 92' lang='lat' dir='ltr'>a</span> <span class='ocrx_word' id='word_1_49' title='bbox 1795 650 2104 732; x_wconf 88' lang='lat' dir='ltr'>Scripturae</span> <span class='ocrx_word' id='word_1_50' title='bbox 2126 650 2373 710; x_wconf 81' lang='lat' dir='ltr'>lectione</span> 
     </span>
     <span class='ocr_line' id='line_1_7' title="bbox 250 742 2373 826; baseline -0 -22"><span class='ocrx_word' id='word_1_51' title='bbox 250 743 586 819; x_wconf 62' lang='lat' dir='ltr'>retrahere,</span> <span class='ocrx_word' id='word_1_52' title='bbox 653 765 716 802; x_wconf 85' lang='lat' dir='ltr'>ac</span> <span class='ocrx_word' id='word_1_53' title='bbox 755 742 1024 803; x_wconf 87' lang='lat' dir='ltr'>fidelibus</span> <span class='ocrx_word' id='word_1_54' title='bbox 1078 743 1288 803; x_wconf 83' lang='lat' dir='ltr'>Christi</span> <span class='ocrx_word' id='word_1_55' title='bbox 1324 766 1385 803; x_wconf 91' lang='lat' dir='ltr'>os</span> <span class='ocrx_word' id='word_1_56' title='bbox 1424 742 1732 819; x_wconf 73' lang='lat' dir='ltr'>obturare,</span> <span class='ocrx_word' id='word_1_57' title='bbox 1783 755 1958 826; x_wconf 90' lang='lat' dir='ltr'>atque</span> <span class='ocrx_word' id='word_1_58' title='bbox 1997 745 2222 808; x_wconf 89' lang='lat' dir='ltr'>efficere</span> <span class='ocrx_word' id='word_1_59' title='bbox 2249 791 2265 819; x_wconf 74' lang='grc'><em>,</em></span> <span class='ocrx_word' id='word_1_60' title='bbox 2307 756 2373 803; x_wconf 90' lang='lat' dir='ltr'>ut</span> 
     </span>
     <span class='ocr_line' id='line_1_8' title="bbox 249 839 2370 922; baseline -0 -22"><span class='ocrx_word' id='word_1_61' title='bbox 249 840 354 900; x_wconf 90' lang='lat' dir='ltr'>filii</span> <span class='ocrx_word' id='word_1_62' title='bbox 398 840 541 900; x_wconf 90' lang='lat' dir='ltr'>lucis</span> <span class='ocrx_word' id='word_1_63' title='bbox 600 839 915 922; x_wconf 85' lang='lat' dir='ltr'>quamdam</span> <span class='ocrx_word' id='word_1_64' title='bbox 967 841 1266 922; x_wconf 89' lang='lat' dir='ltr'>patiantur</span> <span class='ocrx_word' id='word_1_65' title='bbox 1310 841 1922 900; x_wconf 74' lang='lat' dir='ltr'>excommunicationis</span> <span class='ocrx_word' id='word_1_66' title='bbox 1969 842 2221 922; x_wconf 89' lang='lat' dir='ltr'>speciem</span> <span class='ocrx_word' id='word_1_67' title='bbox 2257 840 2370 920; x_wconf 91' lang='lat' dir='ltr'>(l).</span> 
     </span>
     <span class='ocr_line' id='line_1_9' title="bbox 251 935 2370 1018; baseline -0 -23"><span class='ocrx_word' id='word_1_68' title='bbox 251 935 548 1011; x_wconf 84' lang='lat' dir='ltr'>Quesnelli</span> <span class='ocrx_word' id='word_1_69' title='bbox 586 937 874 1017; x_wconf 67' lang='lat' dir='ltr'>vestigiiS,</span> <span class='ocrx_word' id='word_1_70' title='bbox 917 948 982 995; x_wconf 91' lang='lat' dir='ltr'>ut</span> <span class='ocrx_word' id='word_1_71' title='bbox 1025 937 1201 995; x_wconf 88' lang='lat' dir='ltr'>moris</span> <span class='ocrx_word' id='word_1_72' title='bbox 1245 948 1368 1010; x_wconf 79' lang='lat' dir='ltr'>est.,</span> <span class='ocrx_word' id='word_1_73' title='bbox 1413 937 1625 995; x_wconf 86' lang='lat' dir='ltr'>institit</span> <span class='ocrx_word' id='word_1_74' title='bbox 1670 935 1929 1018; x_wconf 89' lang='lat' dir='ltr'>synodus</span> <span class='ocrx_word' id='word_1_75' title='bbox 1973 935 2370 1010; x_wconf 68' lang='lat' dir='ltr'>PistoriensiS,</span> 
     </span>
     <span class='ocr_line' id='line_1_10' title="bbox 252 1031 2374 1114; baseline -0.001 -22"><span class='ocrx_word' id='word_1_76' title='bbox 252 1037 412 1112; x_wconf 87' lang='lat' dir='ltr'>cujus</span> <span class='ocrx_word' id='word_1_77' title='bbox 437 1031 755 1114; x_wconf 87' lang='lat' dir='ltr'>propositio</span> <span class='ocrx_word' id='word_1_78' title='bbox 782 1034 981 1091; x_wconf 91' lang='lat' dir='ltr'><strong>LXVII</strong></span> <span class='ocrx_word' id='word_1_79' title='bbox 1009 1033 1097 1091; x_wconf 86' lang='lat' dir='ltr'>his</span> <span class='ocrx_word' id='word_1_80' title='bbox 1125 1031 1316 1093; x_wconf 87' lang='lat' dir='ltr'>verbis</span> <span class='ocrx_word' id='word_1_81' title='bbox 1345 1054 1615 1114; x_wconf 81' lang='lat' dir='ltr'>expressa</span> <span class='ocrx_word' id='word_1_82' title='bbox 1650 1054 1663 1090; x_wconf 92' lang='lat'><strong>:</strong></span> <span class='ocrx_word' id='word_1_83' title='bbox 1704 1034 2034 1102; x_wconf 76' lang='lat' dir='ltr'>Doctrina,</span> <span class='ocrx_word' id='word_1_84' title='bbox 2053 1032 2374 1112; x_wconf 71' lang='lat' dir='ltr'><em>perhibens</em></span> 
     </span>
     <span class='ocr_line' id='line_1_11' title="bbox 252 1132 2374 1210; baseline -0.001 -20"><span class='ocrx_word' id='word_1_85' title='bbox 252 1153 293 1190; x_wconf 91' lang='lat' dir='ltr'><em>a</em></span> <span class='ocrx_word' id='word_1_86' title='bbox 327 1132 569 1191; x_wconf 75' lang='lat' dir='ltr'>lectione</span> <span class='ocrx_word' id='word_1_87' title='bbox 604 1151 926 1190; x_wconf 83' lang='lat' dir='ltr'><em>sacrarum</em></span> <span class='ocrx_word' id='word_1_88' title='bbox 953 1132 1425 1210; x_wconf 76' lang='lat' dir='ltr'><em>Scripturarum</em></span> <span class='ocrx_word' id='word_1_89' title='bbox 1452 1134 1705 1189; x_wconf 74' lang='lat' dir='ltr'>nonnisi</span> <span class='ocrx_word' id='word_1_90' title='bbox 1733 1152 1933 1188; x_wconf 86' lang='lat' dir='ltr'><em>veram</em></span> <span class='ocrx_word' id='word_1_91' title='bbox 1961 1133 2374 1210; x_wconf 77' lang='lat' dir='ltr'>impotentiam</span> 
     </span>
     <span class='ocr_line' id='line_1_12' title="bbox 250 1227 2375 1307; baseline -0 -23"><span class='ocrx_word' id='word_1_92' title='bbox 250 1247 564 1298; x_wconf 67' lang='lat' dir='ltr'><em>eacusare,</em></span> <span class='ocrx_word' id='word_1_93' title='bbox 600 1228 966 1307; x_wconf 76' lang='lat' dir='ltr'>suhjunqens</span> <span class='ocrx_word' id='word_1_94' title='bbox 999 1228 1157 1285; x_wconf 80' lang='lat' dir='ltr'><em>ultro</em></span> <span class='ocrx_word' id='word_1_95' title='bbox 1193 1248 1251 1284; x_wconf 75' lang='lat' dir='ltr'>se</span> <span class='ocrx_word' id='word_1_96' title='bbox 1282 1227 1538 1305; x_wconf 77' lang='lat' dir='ltr'>prodere</span> <span class='ocrx_word' id='word_1_97' title='bbox 1581 1227 2093 1298; x_wconf 80' lang='lat' dir='ltr'><em>obscurationem,</em></span> <span class='ocrx_word' id='word_1_98' title='bbox 2130 1247 2265 1304; x_wconf 84' lang='lat' dir='ltr'>quoe</span> <span class='ocrx_word' id='word_1_99' title='bbox 2304 1246 2375 1283; x_wconf 64' lang='lat' dir='ltr'>etc</span> 
     </span>
     <span class='ocr_line' id='line_1_13' title="bbox 250 1324 2374 1404; baseline -0.001 -22"><span class='ocrx_word' id='word_1_100' title='bbox 250 1324 497 1402; x_wconf 74' lang='lat' dir='ltr'><em>hujusce</em></span> <span class='ocrx_word' id='word_1_101' title='bbox 533 1328 831 1404; x_wconf 83' lang='lat' dir='ltr'><em>proecepti</em></span> <span class='ocrx_word' id='word_1_102' title='bbox 876 1325 1140 1403; x_wconf 61' lang='lat' dir='ltr'>neglecta</span> <span class='ocrx_word' id='word_1_103' title='bbox 1176 1333 1308 1381; x_wconf 87' lang='lat' dir='ltr'><em>orta</em></span> <span class='ocrx_word' id='word_1_104' title='bbox 1362 1332 1453 1392; x_wconf 79' lang='lat' dir='ltr'>est¹</span> <span class='ocrx_word' id='word_1_105' title='bbox 1488 1343 1672 1401; x_wconf 82' lang='lat' dir='ltr'><em>super</em></span> <span class='ocrx_word' id='word_1_106' title='bbox 1712 1326 2071 1402; x_wconf 85' lang='lat' dir='ltr'><em>primarias·</em></span> <span class='ocrx_word' id='word_1_107' title='bbox 2105 1324 2374 1380; x_wconf 74' lang='lat' dir='ltr'><em>veritates</em></span> 
     </span>
     <span class='ocr_line' id='line_1_14' title="bbox 249 1419 2372 1498; baseline -0 -22"><span class='ocrx_word' id='word_1_108' title='bbox 249 1420 584 1498; x_wconf 66' lang='lat' dir='ltr'>relzyionis‚</span> <span class='ocrx_word' id='word_1_109' title='bbox 626 1442 655 1478; x_wconf 89' lang='grc'><strong>3</strong></span> <span class='ocrx_word' id='word_1_110' title='bbox 693 1419 796 1478; x_wconf 90' lang='lat' dir='ltr'>Pio</span> <span class='ocrx_word' id='word_1_111' title='bbox 838 1420 911 1477; x_wconf 92' lang='lat' dir='ltr'>VI</span> <span class='ocrx_word' id='word_1_112' title='bbox 951 1419 1227 1477; x_wconf 87' lang='lat' dir='ltr'>damnata</span> <span class='ocrx_word' id='word_1_113' title='bbox 1262 1429 1351 1478; x_wconf 88' lang='lat' dir='ltr'>est</span> <span class='ocrx_word' id='word_1_114' title='bbox 1390 1419 1477 1476; x_wconf 88' lang='lat' dir='ltr'>uti</span> <span class='ocrx_word' id='word_1_115' title='bbox 1507 1420 1711 1497; x_wconf 79' lang='lat' dir='ltr'><em>falsa,</em></span> <span class='ocrx_word' id='word_1_116' title='bbox 1760 1421 2122 1490; x_wconf 79' lang='lat' dir='ltr'><em>temeraria,</em></span> <span class='ocrx_word' id='word_1_117' title='bbox 2154 1422 2372 1497; x_wconf 79' lang='lat' dir='ltr'>quietis</span> 
     </span>
     <span class='ocr_line' id='line_1_15' title="bbox 248 1516 1230 1595; baseline 0 -23"><span class='ocrx_word' id='word_1_118' title='bbox 248 1519 608 1573; x_wconf 77' lang='lat' dir='ltr'><em>animarum</em></span> <span class='ocrx_word' id='word_1_119' title='bbox 624 1516 1087 1595; x_wconf 81' lang='lat' dir='ltr'><em>perturbativa,</em></span> <span class='ocrx_word' id='word_1_120' title='bbox 1119 1525 1230 1572; x_wconf 88' lang='lat' dir='ltr'>etc.</span> 
     </span>
    </p>

    <p class='ocr_par' dir='ltr' id='par_1_3' title="bbox 236 1608 2370 2362">
     <span class='ocr_line' id='line_1_16' title="bbox 328 1608 2370 1691; baseline -0.003 -21"><span class='ocrx_word' id='word_1_121' title='bbox 328 1611 473 1670; x_wconf 78' lang='lat'><strong>292.</strong></span> <span class='ocrx_word' id='word_1_122' title='bbox 522 1612 723 1691; x_wconf 87' lang='lat' dir='ltr'><em>Neque</em></span> <span class='ocrx_word' id='word_1_123' title='bbox 759 1609 847 1668; x_wconf 88' lang='lat' dir='ltr'>his</span> <span class='ocrx_word' id='word_1_124' title='bbox 886 1611 1147 1669; x_wconf 83' lang='lat' dir='ltr'>contenti</span> <span class='ocrx_word' id='word_1_125' title='bbox 1189 1620 1530 1685; x_wconf 75' lang='lat' dir='ltr'>novatoreS.,</span> <span class='ocrx_word' id='word_1_126' title='bbox 1582 1609 1888 1670; x_wconf 86' lang='lat' dir='ltr'>Ecclesiam</span> <span class='ocrx_word' id='word_1_127' title='bbox 1919 1608 2370 1667; x_wconf 65' lang='lat' dir='ltr'>‘calumniantur</span> 
     </span>
     <span class='ocr_line' id='line_1_17' title="bbox 247 1702 2368 1786; baseline -0.001 -24"><span class='ocrx_word' id='word_1_128' title='bbox 247 1704 621 1779; x_wconf 69' lang='lat' dir='ltr'>catholicam,</span> <span class='ocrx_word' id='word_1_129' title='bbox 662 1703 821 1786; x_wconf 88' lang='lat' dir='ltr'>quod</span> <span class='ocrx_word' id='word_1_130' title='bbox 854 1703 1161 1763; x_wconf 84' lang='lat' dir='ltr'>subtrahat</span> <span class='ocrx_word' id='word_1_131' title='bbox 1198 1726 1229 1762; x_wconf 93' lang='lat' dir='ltr'>e</span> <span class='ocrx_word' id='word_1_132' title='bbox 1258 1703 1521 1763; x_wconf 88' lang='lat' dir='ltr'>fidelium</span> <span class='ocrx_word' id='word_1_133' title='bbox 1564 1705 1835 1763; x_wconf 87' lang='lat' dir='ltr'>manibus</span> <span class='ocrx_word' id='word_1_134' title='bbox 1874 1704 2073 1764; x_wconf 88' lang='lat' dir='ltr'>divina</span> <span class='ocrx_word' id='word_1_135' title='bbox 2111 1702 2368 1784; x_wconf 75' lang='lat' dir='ltr'>eloquia,</span> 
     </span>
     <span class='ocr_line' id='line_1_18' title="bbox 248 1796 2364 1882; baseline -0.001 -24"><span class='ocrx_word' id='word_1_136' title='bbox 248 1821 325 1859; x_wconf 90' lang='lat' dir='ltr'>ne</span> <span class='ocrx_word' id='word_1_137' title='bbox 359 1821 432 1860; x_wconf 81' lang='lat' dir='ltr'>ex</span> <span class='ocrx_word' id='word_1_138' title='bbox 460 1821 664 1859; x_wconf 89' lang='lat' dir='ltr'>eorum</span> <span class='ocrx_word' id='word_1_139' title='bbox 686 1800 935 1864; x_wconf 75' lang='lat' dir='ltr'>lectione</span> <span class='ocrx_word' id='word_1_140' title='bbox 966 1801 1076 1882; x_wconf 91' lang='lat' dir='ltr'>ipsi</span> <span class='ocrx_word' id='word_1_141' title='bbox 1098 1800 1373 1880; x_wconf 81' lang='lat' dir='ltr'>detegant</span> <span class='ocrx_word' id='word_1_142' title='bbox 1396 1821 1648 1876; x_wconf 73' lang='lat' dir='ltr'>erroreS‚</span> <span class='ocrx_word' id='word_1_143' title='bbox 1677 1800 1886 1882; x_wconf 90' lang='lat' dir='ltr'>quibus</span> <span class='ocrx_word' id='word_1_144' title='bbox 1914 1799 2236 1858; x_wconf 84' lang='lat' dir='ltr'>maculatur</span> <span class='ocrx_word' id='word_1_145' title='bbox 2257 1796 2364 1879; x_wconf 76' lang='lat'><strong>(2).</strong></span> 
     </span>
     <span class='ocr_line' id='line_1_19' title="bbox 247 1894 2370 1978; baseline -0 -24"><span class='ocrx_word' id='word_1_146' title='bbox 247 1895 336 1954; x_wconf 86' lang='lat' dir='ltr'>Ad</span> <span class='ocrx_word' id='word_1_147' title='bbox 381 1897 644 1955; x_wconf 88' lang='lat' dir='ltr'>incautos</span> <span class='ocrx_word' id='word_1_148' title='bbox 689 1918 827 1956; x_wconf 89' lang='lat' dir='ltr'>vero</span> <span class='ocrx_word' id='word_1_149' title='bbox 871 1896 1281 1978; x_wconf 62' lang='lat' dir='ltr'>decipiendOS,</span> <span class='ocrx_word' id='word_1_150' title='bbox 1320 1897 1677 1976; x_wconf 84' lang='lat' dir='ltr'>interrogare</span> <span class='ocrx_word' id='word_1_151' title='bbox 1728 1899 1941 1978; x_wconf 86' lang='lat' dir='ltr'>passim</span> <span class='ocrx_word' id='word_1_152' title='bbox 1978 1895 2168 1957; x_wconf 88' lang='lat' dir='ltr'>solent</span> <span class='ocrx_word' id='word_1_153' title='bbox 2198 1894 2370 1953; x_wconf 84' lang='lat' dir='ltr'>rudes</span> 
     </span>
     <span class='ocr_line' id='line_1_20' title="bbox 247 1988 2369 2069; baseline -0.002 -18"><span class='ocrx_word' id='word_1_154' title='bbox 247 1991 602 2052; x_wconf 90' lang='lat' dir='ltr'>Catholicos:</span> <span class='ocrx_word' id='word_1_155' title='bbox 639 1993 767 2052; x_wconf 84' lang='lat' dir='ltr'><em>Cur</em></span> <span class='ocrx_word' id='word_1_156' title='bbox 794 1993 1065 2052; x_wconf 77' lang='lat' dir='ltr'>Ecclesia</span> <span class='ocrx_word' id='word_1_157' title='bbox 1088 2004 1279 2052; x_wconf 84' lang='lat' dir='ltr'><em>vestra</em></span> <span class='ocrx_word' id='word_1_158' title='bbox 1303 1995 1615 2052; x_wconf 83' lang='lat' dir='ltr'><em>interdicit</em></span> <span class='ocrx_word' id='word_1_159' title='bbox 1639 1995 1799 2051; x_wconf 80' lang='lat' dir='ltr'><em>vohis</em></span> <span class='ocrx_word' id='word_1_160' title='bbox 1824 2013 1996 2050; x_wconf 88' lang='lat' dir='ltr'><em>sacra</em></span> <span class='ocrx_word' id='word_1_161' title='bbox 2016 1992 2220 2050; x_wconf 85' lang='lat' dir='ltr'><em>Biblia</em></span> <span class='ocrx_word' id='word_1_162' title='bbox 2237 1988 2369 2069; x_wconf 80' lang='lat'>(3)?</span> 
     </span>
     <span class='ocr_line' id='line_1_21' title="bbox 243 2083 2365 2170; baseline -0.002 -23"><span class='ocrx_word' id='word_1_163' title='bbox 243 2089 547 2148; x_wconf 74' lang='lat' dir='ltr'>imitantes</span> <span class='ocrx_word' id='word_1_164' title='bbox 581 2088 850 2150; x_wconf 90' lang='lat' dir='ltr'>videlicet</span> <span class='ocrx_word' id='word_1_165' title='bbox 890 2100 1227 2170; x_wconf 88' lang='lat' dir='ltr'>serpentem</span> <span class='ocrx_word' id='word_1_166' title='bbox 1269 2089 1659 2149; x_wconf 88' lang='lat' dir='ltr'>sciscitantem</span> <span class='ocrx_word' id='word_1_167' title='bbox 1698 2088 1770 2146; x_wconf 90' lang='lat' dir='ltr'>ab</span> <span class='ocrx_word' id='word_1_168' title='bbox 1810 2088 2039 2149; x_wconf 90' lang='lat' dir='ltr'>incauta</span> <span class='ocrx_word' id='word_1_169' title='bbox 2088 2083 2365 2159; x_wconf 78' lang='lat' dir='ltr'>muliere3</span> 
     </span>
     <span class='ocr_line' id='line_1_22' title="bbox 249 2183 2369 2266; baseline -0.002 -22"><span class='ocrx_word' id='word_1_170' title='bbox 249 2190 373 2244; x_wconf 81' lang='lat' dir='ltr'><em>Cur</em></span> <span class='ocrx_word' id='word_1_171' title='bbox 405 2190 701 2266; x_wconf 86' lang='lat' dir='ltr'><em>proecepit</em></span> <span class='ocrx_word' id='word_1_172' title='bbox 748 2187 911 2244; x_wconf 79' lang='lat' dir='ltr'><em>vobis</em></span> <span class='ocrx_word' id='word_1_173' title='bbox 959 2187 1146 2254; x_wconf 86' lang='lat' dir='ltr'>Deus,</span> <span class='ocrx_word' id='word_1_174' title='bbox 1192 2196 1258 2244; x_wconf 80' lang='lat' dir='ltr'>ut</span> <span class='ocrx_word' id='word_1_175' title='bbox 1305 2205 1427 2244; x_wconf 74' lang='lat' dir='ltr'>non</span> <span class='ocrx_word' id='word_1_176' title='bbox 1470 2184 1838 2244; x_wconf 82' lang='lat' dir='ltr'><em>comederetis</em></span> <span class='ocrx_word' id='word_1_177' title='bbox 1889 2184 1959 2240; x_wconf 80' lang='lat' dir='ltr'>de</span> <span class='ocrx_word' id='word_1_178' title='bbox 2000 2184 2171 2241; x_wconf 83' lang='lat' dir='ltr'>omni</span> <span class='ocrx_word' id='word_1_179' title='bbox 2208 2183 2369 2261; x_wconf 68' lang='lat' dir='ltr'><em>liquo</em></span> 
     </span>
     <span class='ocr_line' id='line_1_23' title="bbox 236 2281 686 2362; baseline 0 -22"><span class='ocrx_word' id='word_1_180' title='bbox 236 2283 525 2361; x_wconf 76' lang='lat' dir='ltr'><em>paradisi</em></span> <span class='ocrx_word' id='word_1_181' title='bbox 550 2281 686 2362; x_wconf 56' lang='lat' dir='ltr'>(4st</span> 
     </span>
    </p>

    <p class='ocr_par' dir='ltr' id='par_1_4' title="bbox 241 2372 2367 2650">
     <span class='ocr_line' id='line_1_24' title="bbox 326 2372 2367 2457; baseline -0.003 -21"><span class='ocrx_word' id='word_1_182' title='bbox 326 2377 467 2436; x_wconf 78' lang='lat'><strong>293.</strong></span> <span class='ocrx_word' id='word_1_183' title='bbox 519 2377 597 2436; x_wconf 90' lang='lat' dir='ltr'>Ut</span> <span class='ocrx_word' id='word_1_184' title='bbox 628 2377 805 2456; x_wconf 82' lang='lat' dir='ltr'>igitur</span> <span class='ocrx_word' id='word_1_185' title='bbox 846 2376 1001 2437; x_wconf 86' lang='lat' dir='ltr'>viam</span> <span class='ocrx_word' id='word_1_186' title='bbox 1032 2375 1458 2457; x_wconf 80' lang='lat' dir='ltr'>praecludamus</span> <span class='ocrx_word' id='word_1_187' title='bbox 1493 2395 1731 2434; x_wconf 90' lang='lat' dir='ltr'>omnem</span> <span class='ocrx_word' id='word_1_188' title='bbox 1774 2374 2030 2434; x_wconf 85' lang='lat' dir='ltr'>Ecclesiae</span> <span class='ocrx_word' id='word_1_189' title='bbox 2074 2372 2367 2432; x_wconf 71' lang='lat' dir='ltr'>catholicae</span> 
     </span>
     <span class='ocr_line' id='line_1_25' title="bbox 242 2466 2366 2555; baseline -0.003 -24"><span class='ocrx_word' id='word_1_190' title='bbox 242 2472 504 2532; x_wconf 87' lang='lat' dir='ltr'>osoribus</span> <span class='ocrx_word' id='word_1_191' title='bbox 527 2518 542 2548; x_wconf 65' lang='lat'>7</span> <span class='ocrx_word' id='word_1_192' title='bbox 571 2494 890 2555; x_wconf 89' lang='lat' dir='ltr'>eorumque</span> <span class='ocrx_word' id='word_1_193' title='bbox 914 2471 1275 2554; x_wconf 88' lang='lat' dir='ltr'>depellamus</span> <span class='ocrx_word' id='word_1_194' title='bbox 1307 2471 1655 2547; x_wconf 82' lang='lat' dir='ltr'>calumnias,</span> <span class='ocrx_word' id='word_1_195' title='bbox 1698 2471 1814 2530; x_wconf 91' lang='lat' dir='ltr'>duo</span> <span class='ocrx_word' id='word_1_196' title='bbox 1842 2469 2008 2529; x_wconf 90' lang='lat' dir='ltr'>nobis</span> <span class='ocrx_word' id='word_1_197' title='bbox 2040 2466 2366 2550; x_wconf 82' lang='lat' dir='ltr'>praestanda</span> 
     </span>
     <span class='ocr_line' id='line_1_26' title="bbox 241 2562 2365 2650; baseline -0.003 -23"><span class='ocrx_word' id='word_1_198' title='bbox 241 2580 381 2627; x_wconf 92' lang='lat' dir='ltr'>sunt</span> <span class='ocrx_word' id='word_1_199' title='bbox 424 2592 439 2627; x_wconf 70' lang='grc' dir='ltr'><strong>ι</strong></span> <span class='ocrx_word' id='word_1_200' title='bbox 464 2575 674 2650; x_wconf 89' lang='lat' dir='ltr'><em>primo</em></span> <span class='ocrx_word' id='word_1_201' title='bbox 715 2570 986 2632; x_wconf 87' lang='lat' dir='ltr'>evincere</span> <span class='ocrx_word' id='word_1_202' title='bbox 1025 2568 1308 2630; x_wconf 87' lang='lat' dir='ltr'>debemus</span> <span class='ocrx_word' id='word_1_203' title='bbox 1344 2590 1639 2628; x_wconf 83' lang='lat' dir='ltr'>sacrarum</span> <span class='ocrx_word' id='word_1_204' title='bbox 1685 2567 2116 2649; x_wconf 84' lang='lat' dir='ltr'>Scripturarum</span> <span class='ocrx_word' id='word_1_205' title='bbox 2163 2562 2365 2625; x_wconf 86' lang='lat' dir='ltr'>lectio-</span> 
     </span>
    </p>
   </div>
   <div class='ocr_carea' id='block_1_3' title="bbox 240 2796 2366 3696">
    <p class='ocr_par' dir='ltr' id='par_1_5' title="bbox 240 2796 2363 2877">
     <span class='ocr_line' id='line_1_27' title="bbox 240 2796 2363 2877; baseline -0.004 -26"><span class='ocrx_word' id='word_1_206' title='bbox 240 2802 452 2868; x_wconf 70' lang='lat' dir='ltr'><em>exemplo</em></span> <span class='ocrx_word' id='word_1_207' title='bbox 473 2801 687 2869; x_wconf 79' lang='lat' dir='ltr'><em>psalmos</em></span> <span class='ocrx_word' id='word_1_208' title='bbox 721 2818 831 2851; x_wconf 76' lang='lat' dir='ltr'><em>suos</em></span> <span class='ocrx_word' id='word_1_209' title='bbox 860 2810 905 2849; x_wconf 85' lang='lat' dir='ltr'>et</span> <span class='ocrx_word' id='word_1_210' title='bbox 929 2802 1258 2867; x_wconf 81' lang='lat' dir='ltr'><em>precationem</em></span> <span class='ocrx_word' id='word_1_211' title='bbox 1343 2800 1400 2849; x_wconf 86' lang='lat' dir='ltr'>de</span> <span class='ocrx_word' id='word_1_212' title='bbox 1419 2801 1620 2848; x_wconf 81' lang='lat' dir='ltr'><em>Rome!</em></span> <span class='ocrx_word' id='word_1_213' title='bbox 1634 2802 1691 2864; x_wconf 87' lang='lat' dir='ltr'>je</span> <span class='ocrx_word' id='word_1_214' title='bbox 1720 2798 1902 2877; x_wconf 46' lang='lat' dir='ltr'><em>vous&#39;le</em></span> <span class='ocrx_word' id='word_1_215' title='bbox 1926 2796 2180 2867; x_wconf 80' lang='lat' dir='ltr'>conseille;</span> <span class='ocrx_word' id='word_1_216' title='bbox 2206 2797 2363 2845; x_wconf 75' lang='lat' dir='ltr'>conti·</span> 
     </span>
    </p>

    <p class='ocr_par' dir='ltr' id='par_1_6' title="bbox 240 2876 2360 2948">
     <span class='ocr_line' id='line_1_28' title="bbox 240 2876 2360 2948; baseline -0.004 -16"><span class='ocrx_word' id='word_1_217' title='bbox 240 2883 552 2934; x_wconf 81' lang='lat' dir='ltr'><em>Dominicam</em></span> <span class='ocrx_word' id='word_1_218' title='bbox 581 2887 976 2942; x_wconf 79' lang='lat' dir='ltr'><em>immurmurent,</em></span> <span class='ocrx_word' id='word_1_219' title='bbox 999 2899 1107 2931; x_wconf 83' lang='lat' dir='ltr'>cum</span> <span class='ocrx_word' id='word_1_220' title='bbox 1125 2884 1227 2948; x_wconf 79' lang='lat' dir='ltr'>ipsi</span> <span class='ocrx_word' id='word_1_221' title='bbox 1243 2919 1257 2939; x_wconf 89' lang='lat'><em>,</em></span> <span class='ocrx_word' id='word_1_222' title='bbox 1341 2899 1464 2931; x_wconf 69' lang='lat' dir='ltr'>nuez</span> <span class='ocrx_word' id='word_1_223' title='bbox 1480 2881 1537 2929; x_wconf 87' lang='lat' dir='ltr'>de</span> <span class='ocrx_word' id='word_1_224' title='bbox 1549 2881 1717 2930; x_wconf 77' lang='lat' dir='ltr'><em>cacher</em></span> <span class='ocrx_word' id='word_1_225' title='bbox 1730 2881 1795 2929; x_wconf 79' lang='lat' dir='ltr'>les</span> <span class='ocrx_word' id='word_1_226' title='bbox 1811 2879 1863 2929; x_wconf 91' lang='lat' dir='ltr'><em>E</em></span> <span class='ocrx_word' id='word_1_227' title='bbox 1864 2882 2069 2932; x_wconf 81' lang='lat' dir='ltr'><em>critures</em></span> <span class='ocrx_word' id='word_1_228' title='bbox 2081 2897 2148 2928; x_wconf 78' lang='lat' dir='ltr'>aa</span> <span class='ocrx_word' id='word_1_229' title='bbox 2157 2876 2360 2944; x_wconf 79' lang='lat' dir='ltr'><em>peaple!</em></span> 
     </span>
    </p>

    <p class='ocr_par' dir='ltr' id='par_1_7' title="bbox 242 2961 2363 3196">
     <span class='ocr_line' id='line_1_29' title="bbox 242 2961 2358 3032; baseline -0.004 -16"><span class='ocrx_word' id='word_1_230' title='bbox 242 2969 367 3032; x_wconf 81' lang='lat' dir='ltr'>quod</span> <span class='ocrx_word' id='word_1_231' title='bbox 394 2978 595 3032; x_wconf 76' lang='lat' dir='ltr'>sonant,</span> <span class='ocrx_word' id='word_1_232' title='bbox 631 2985 730 3017; x_wconf 77' lang='lat' dir='ltr'>non</span> <span class='ocrx_word' id='word_1_233' title='bbox 758 2966 1050 3032; x_wconf 76' lang='lat' dir='ltr'>intelliqant.</span> <span class='ocrx_word' id='word_1_234' title='bbox 1342 2963 1593 3013; x_wconf 69' lang='lat' dir='ltr'><em>Eutravez</em></span> <span class='ocrx_word' id='word_1_235' title='bbox 1609 2963 1673 3011; x_wconf 78' lang='lat' dir='ltr'>les</span> <span class='ocrx_word' id='word_1_236' title='bbox 1687 2965 1880 3011; x_wconf 61' lang='lat' dir='ltr'>societas</span> <span class='ocrx_word' id='word_1_237' title='bbox 1896 2964 1982 3027; x_wconf 78' lang='lat' dir='ltr'>qai</span> <span class='ocrx_word' id='word_1_238' title='bbox 1995 2961 2061 3009; x_wconf 87' lang='lat' dir='ltr'>les</span> <span class='ocrx_word' id='word_1_239' title='bbox 2068 2962 2358 3028; x_wconf 77' lang='lat' dir='ltr'>propaqent!</span> 
     </span>
     <span class='ocr_line' id='line_1_30' title="bbox 310 3044 2360 3114; baseline -0.003 -18"><span class='ocrx_word' id='word_1_240' title='bbox 310 3051 379 3114; x_wconf 87' lang='lat' dir='ltr'>(l)</span> <span class='ocrx_word' id='word_1_241' title='bbox 401 3050 725 3101; x_wconf 75' lang='lat' dir='ltr'>Nonnullasex</span> <span class='ocrx_word' id='word_1_242' title='bbox 740 3051 812 3099; x_wconf 82' lang='lat' dir='ltr'>his</span> <span class='ocrx_word' id='word_1_243' title='bbox 825 3050 1014 3098; x_wconf 85' lang='lat' dir='ltr'>inferius</span> <span class='ocrx_word' id='word_1_244' title='bbox 1027 3048 1257 3097; x_wconf 84' lang='lat' dir='ltr'>dabimus.</span> <span class='ocrx_word' id='word_1_245' title='bbox 1343 3046 1610 3114; x_wconf 68' lang='lat' dir='ltr'><em>Empechcz</em></span> <span class='ocrx_word' id='word_1_246' title='bbox 1653 3045 1979 3093; x_wconf 74' lang='lat' dir='ltr'>l&#39;imtruction</span> <span class='ocrx_word' id='word_1_247' title='bbox 2015 3044 2095 3092; x_wconf 81' lang='lat' dir='ltr'>des</span> <span class='ocrx_word' id='word_1_248' title='bbox 2130 3044 2360 3099; x_wconf 79' lang='lat' dir='ltr'><em>hommes,</em></span> 
     </span>
     <span class='ocr_line' id='line_1_31' title="bbox 313 3124 2363 3196; baseline -0.004 -17"><span class='ocrx_word' id='word_1_249' title='bbox 313 3132 380 3196; x_wconf 78' lang='lat'>(2)</span> <span class='ocrx_word' id='word_1_250' title='bbox 422 3133 488 3182; x_wconf 79' lang='lat' dir='ltr'>Ita</span> <span class='ocrx_word' id='word_1_251' title='bbox 518 3136 637 3183; x_wconf 85' lang='lat' dir='ltr'>inter</span> <span class='ocrx_word' id='word_1_252' title='bbox 665 3125 838 3183; x_wconf 84' lang='lat' dir='ltr'>ceteros</span> <span class='ocrx_word' id='word_1_253' title='bbox 873 3133 1066 3181; x_wconf 83' lang='lat' dir='ltr'>stolidus</span> <span class='ocrx_word' id='word_1_254' title='bbox 1100 3149 1153 3179; x_wconf 82' lang='lat' dir='ltr'>ac</span> <span class='ocrx_word' id='word_1_255' title='bbox 1186 3131 1263 3179; x_wconf 88' lang='lat' dir='ltr'>fu·</span> <span class='ocrx_word' id='word_1_256' title='bbox 1348 3139 1393 3178; x_wconf 85' lang='lat' dir='ltr'>et</span> <span class='ocrx_word' id='word_1_257' title='bbox 1420 3144 1664 3179; x_wconf 78' lang='lat' dir='ltr'>renversez</span> <span class='ocrx_word' id='word_1_258' title='bbox 1696 3126 1759 3176; x_wconf 78' lang='lat' dir='ltr'>les</span> <span class='ocrx_word' id='word_1_259' title='bbox 1784 3126 1926 3175; x_wconf 70' lang='lat' dir='ltr'>eccles</span> <span class='ocrx_word' id='word_1_260' title='bbox 1945 3129 1967 3175; x_wconf 74' lang='lat' dir='ltr'><em>l</em></span> <span class='ocrx_word' id='word_1_261' title='bbox 2009 3127 2141 3185; x_wconf 88' lang='lat' dir='ltr'><em>Car,</em></span> <span class='ocrx_word' id='word_1_262' title='bbox 2179 3142 2295 3173; x_wconf 82' lang='lat' dir='ltr'><em>vous</em></span> <span class='ocrx_word' id='word_1_263' title='bbox 2323 3124 2363 3171; x_wconf 86' lang='lat' dir='ltr'>le</span> 
     </span>
    </p>

    <p class='ocr_par' dir='ltr' id='par_1_8' title="bbox 243 3209 2365 3280">
     <span class='ocr_line' id='line_1_32' title="bbox 243 3209 2365 3280; baseline -0.005 -14"><span class='ocrx_word' id='word_1_264' title='bbox 243 3220 387 3266; x_wconf 82' lang='lat' dir='ltr'>riosus</span> <span class='ocrx_word' id='word_1_265' title='bbox 413 3220 618 3267; x_wconf 82' lang='lat' dir='ltr'>minister</span> <span class='ocrx_word' id='word_1_266' title='bbox 637 3218 915 3268; x_wconf 83' lang='lat' dir='ltr'>Genevensis</span> <span class='ocrx_word' id='word_1_267' title='bbox 946 3217 1056 3265; x_wconf 87' lang='lat' dir='ltr'>Bost</span> <span class='ocrx_word' id='word_1_268' title='bbox 1078 3253 1090 3276; x_wconf 85' lang='lat'>‚</span> <span class='ocrx_word' id='word_1_269' title='bbox 1121 3233 1262 3280; x_wconf 86' lang='lat' dir='ltr'>quem</span> <span class='ocrx_word' id='word_1_270' title='bbox 1348 3231 1490 3279; x_wconf 79' lang='lat' dir='ltr'><em>voyez</em></span> <span class='ocrx_word' id='word_1_271' title='bbox 1521 3214 1839 3262; x_wconf 70' lang='lat' dir='ltr'><em>vous-memes</em></span> <span class='ocrx_word' id='word_1_272' title='bbox 1853 3247 1868 3272; x_wconf 87' lang='lat'><strong><em>,</em></strong></span> <span class='ocrx_word' id='word_1_273' title='bbox 1908 3210 1947 3259; x_wconf 77' lang='lat' dir='ltr'>il</span> <span class='ocrx_word' id='word_1_274' title='bbox 1974 3209 2099 3276; x_wconf 77' lang='lat' dir='ltr'><em>suffit</em></span> <span class='ocrx_word' id='word_1_275' title='bbox 2123 3209 2180 3257; x_wconf 81' lang='lat' dir='ltr'>de</span> <span class='ocrx_word' id='word_1_276' title='bbox 2204 3210 2365 3256; x_wconf 82' lang='lat' dir='ltr'><em>saveir</em></span> 
     </span>
    </p>

    <p class='ocr_par' dir='ltr' id='par_1_9' title="bbox 245 3291 2364 3366">
     <span class='ocr_line' id='line_1_33' title="bbox 245 3291 2364 3366; baseline -0.005 -18"><span class='ocrx_word' id='word_1_277' title='bbox 245 3302 296 3348; x_wconf 89' lang='lat' dir='ltr'>in</span> <span class='ocrx_word' id='word_1_278' title='bbox 311 3302 541 3364; x_wconf 80' lang='lat' dir='ltr'>superiore</span> <span class='ocrx_word' id='word_1_279' title='bbox 551 3301 692 3366; x_wconf 83' lang='lat' dir='ltr'>hujus</span> <span class='ocrx_word' id='word_1_280' title='bbox 706 3311 919 3350; x_wconf 82' lang='lat' dir='ltr'>tractatus</span> <span class='ocrx_word' id='word_1_281' title='bbox 935 3308 1266 3365; x_wconf 83' lang='lat' dir='ltr'>parte‚sect.n‚</span> <span class='ocrx_word' id='word_1_282' title='bbox 1346 3296 1436 3345; x_wconf 85' lang='lat' dir='ltr'><em>lire</em></span> <span class='ocrx_word' id='word_1_283' title='bbox 1465 3295 1512 3344; x_wconf 86' lang='lat' dir='ltr'>la</span> <span class='ocrx_word' id='word_1_284' title='bbox 1538 3293 1681 3344; x_wconf 81' lang='lat' dir='ltr'>Bible</span> <span class='ocrx_word' id='word_1_285' title='bbox 1707 3310 1834 3359; x_wconf 81' lang='lat' dir='ltr'><em>pour</em></span> <span class='ocrx_word' id='word_1_286' title='bbox 1850 3309 1910 3340; x_wconf 79' lang='lat' dir='ltr'>ne</span> <span class='ocrx_word' id='word_1_287' title='bbox 1928 3291 2040 3357; x_wconf 81' lang='lat' dir='ltr'><em>plus</em></span> <span class='ocrx_word' id='word_1_288' title='bbox 2059 3293 2211 3339; x_wconf 82' lang='lat' dir='ltr'><em>croire</em></span> <span class='ocrx_word' id='word_1_289' title='bbox 2234 3292 2264 3338; x_wconf 88' lang='grc' dir='ltr'><em>ὰ</em></span> <span class='ocrx_word' id='word_1_290' title='bbox 2285 3307 2364 3338; x_wconf 74' lang='lat' dir='ltr'>vos</span> 
     </span>
    </p>

    <p class='ocr_par' dir='ltr' id='par_1_10' title="bbox 242 3375 2120 3450">
     <span class='ocr_line' id='line_1_34' title="bbox 242 3375 2120 3450; baseline -0.006 -17"><span class='ocrx_word' id='word_1_291' title='bbox 242 3400 345 3449; x_wconf 85' lang='lat' dir='ltr'>cap.</span> <span class='ocrx_word' id='word_1_292' title='bbox 377 3400 395 3430; x_wconf 91' lang='lat'>1</span> <span class='ocrx_word' id='word_1_293' title='bbox 415 3421 428 3444; x_wconf 88' lang='lat'>‚</span> <span class='ocrx_word' id='word_1_294' title='bbox 468 3401 602 3432; x_wconf 90' lang='lat' dir='ltr'>num.</span> <span class='ocrx_word' id='word_1_295' title='bbox 632 3381 732 3450; x_wconf 72' lang='grc'>498</span> <span class='ocrx_word' id='word_1_296' title='bbox 752 3422 764 3445; x_wconf 87' lang='grc'><em>,</em></span> <span class='ocrx_word' id='word_1_297' title='bbox 795 3395 895 3434; x_wconf 86' lang='lat' dir='ltr'>not.</span> <span class='ocrx_word' id='word_1_298' title='bbox 930 3382 1021 3447; x_wconf 83' lang='grc'><strong>(3),</strong></span> <span class='ocrx_word' id='word_1_299' title='bbox 1055 3397 1265 3430; x_wconf 88' lang='lat' dir='ltr'><em>comme·</em></span> <span class='ocrx_word' id='word_1_300' title='bbox 1340 3378 1459 3445; x_wconf 75' lang='lat' dir='ltr'><em>plus</em></span> <span class='ocrx_word' id='word_1_301' title='bbox 1488 3379 1800 3443; x_wconf 65' lang='lat' dir='ltr'>imponantes</span> <span class='ocrx_word' id='word_1_302' title='bbox 1828 3375 2120 3423; x_wconf 75' lang='lat' dir='ltr'>traditions!</span> 
     </span>
    </p>

    <p class='ocr_par' dir='ltr' id='par_1_11' title="bbox 243 3453 2366 3533">
     <span class='ocr_line' id='line_1_35' title="bbox 243 3453 2366 3533; baseline -0.008 -18"><span class='ocrx_word' id='word_1_303' title='bbox 243 3468 443 3526; x_wconf 88' lang='lat' dir='ltr'>moravi,</span> <span class='ocrx_word' id='word_1_304' title='bbox 470 3468 619 3533; x_wconf 87' lang='lat' dir='ltr'>quiin</span> <span class='ocrx_word' id='word_1_305' title='bbox 642 3470 721 3515; x_wconf 83' lang='lat' dir='ltr'>cit.</span> <span class='ocrx_word' id='word_1_306' title='bbox 746 3484 908 3532; x_wconf 85' lang='lat' dir='ltr'>opusc.</span> <span class='ocrx_word' id='word_1_307' title='bbox 926 3463 1018 3513; x_wconf 78' lang='lat' dir='ltr'>Du</span> <span class='ocrx_word' id='word_1_308' title='bbox 1037 3462 1259 3512; x_wconf 76' lang='lat' dir='ltr'><em>Pouvoir</em></span> <span class='ocrx_word' id='word_1_309' title='bbox 1415 3459 1479 3524; x_wconf 90' lang='lat'>(3)</span> <span class='ocrx_word' id='word_1_310' title='bbox 1516 3458 1576 3508; x_wconf 87' lang='lat' dir='ltr'>Ut</span> <span class='ocrx_word' id='word_1_311' title='bbox 1593 3460 1760 3524; x_wconf 84' lang='lat' dir='ltr'>passim</span> <span class='ocrx_word' id='word_1_312' title='bbox 1786 3457 1947 3522; x_wconf 82' lang='lat' dir='ltr'>legitur</span> <span class='ocrx_word' id='word_1_313' title='bbox 1974 3456 2022 3504; x_wconf 88' lang='lat' dir='ltr'>in</span> <span class='ocrx_word' id='word_1_314' title='bbox 2044 3456 2227 3504; x_wconf 79' lang='lat' dir='ltr'><em>L&#39;Ami</em></span> <span class='ocrx_word' id='word_1_315' title='bbox 2241 3454 2298 3504; x_wconf 83' lang='lat' dir='ltr'>de</span> <span class='ocrx_word' id='word_1_316' title='bbox 2320 3453 2366 3500; x_wconf 83' lang='lat' dir='ltr'>la</span> 
     </span>
    </p>

    <p class='ocr_par' dir='ltr' id='par_1_12' title="bbox 243 3541 1586 3613">
     <span class='ocr_line' id='line_1_36' title="bbox 243 3541 1586 3613; baseline -0.006 -17"><span class='ocrx_word' id='word_1_317' title='bbox 243 3548 300 3597; x_wconf 83' lang='lat' dir='ltr'>de</span> <span class='ocrx_word' id='word_1_318' title='bbox 313 3550 384 3600; x_wconf 80' lang='lat' dir='ltr'>St.</span> <span class='ocrx_word' id='word_1_319' title='bbox 402 3548 574 3597; x_wconf 80' lang='lat' dir='ltr'><em>Pierre</em></span> <span class='ocrx_word' id='word_1_320' title='bbox 589 3548 708 3596; x_wconf 81' lang='lat' dir='ltr'>dam</span> <span class='ocrx_word' id='word_1_321' title='bbox 723 3547 948 3613; x_wconf 76' lang='lat' dir='ltr'>l’quise,</span> <span class='ocrx_word' id='word_1_322' title='bbox 971 3546 1083 3597; x_wconf 80' lang='lat' dir='ltr'>edit.</span> <span class='ocrx_word' id='word_1_323' title='bbox 1104 3542 1230 3594; x_wconf 81' lang='lat'>1833</span> <span class='ocrx_word' id='word_1_324' title='bbox 1244 3580 1259 3605; x_wconf 90' lang='lat'><strong>,</strong></span> <span class='ocrx_word' id='word_1_325' title='bbox 1345 3541 1586 3606; x_wconf 64' lang='lat' dir='ltr'>Religion.</span> 
     </span>
    </p>

    <p class='ocr_par' dir='ltr' id='par_1_13' title="bbox 240 3622 1892 3696">
     <span class='ocr_line' id='line_1_37' title="bbox 240 3622 1892 3696; baseline -0.006 -15"><span class='ocrx_word' id='word_1_326' title='bbox 240 3647 347 3696; x_wconf 85' lang='lat' dir='ltr'>pag.</span> <span class='ocrx_word' id='word_1_327' title='bbox 370 3628 435 3681; x_wconf 86' lang='lat'>58</span> <span class='ocrx_word' id='word_1_328' title='bbox 453 3666 469 3694; x_wconf 84' lang='lat'>‚</span> <span class='ocrx_word' id='word_1_329' title='bbox 498 3648 628 3681; x_wconf 89' lang='lat' dir='ltr'>more</span> <span class='ocrx_word' id='word_1_330' title='bbox 655 3648 736 3680; x_wconf 81' lang='lat' dir='ltr'>suo</span> <span class='ocrx_word' id='word_1_331' title='bbox 764 3632 826 3679; x_wconf 80' lang='lat' dir='ltr'>ita</span> <span class='ocrx_word' id='word_1_332' title='bbox 856 3629 1015 3679; x_wconf 84' lang='lat' dir='ltr'>scribit</span> <span class='ocrx_word' id='word_1_333' title='bbox 1039 3643 1053 3678; x_wconf 71' lang='grc' dir='ltr'><strong><em>ε</em></strong></span> <span class='ocrx_word' id='word_1_334' title='bbox 1074 3627 1264 3676; x_wconf 69' lang='grc' dir='ltr'><em>Ρνέενοε</em></span> <span class='ocrx_word' id='word_1_335' title='bbox 1417 3623 1485 3689; x_wconf 64' lang='lat' dir='ltr'>(li)</span> <span class='ocrx_word' id='word_1_336' title='bbox 1524 3622 1691 3673; x_wconf 86' lang='lat' dir='ltr'>Genes.</span> <span class='ocrx_word' id='word_1_337' title='bbox 1725 3638 1809 3684; x_wconf 83' lang='grc' dir='ltr'>ιιι,</span> <span class='ocrx_word' id='word_1_338' title='bbox 1852 3639 1892 3672; x_wconf 87' lang='lat'>1.</span> 
     </span>
    </p>
   </div>
  </div>
 </body>
</html>
