2502 4134
298 157 378 218 94
895 178 1089 219 rmc'r.
1135 177 1203 218 mi
1248 180 1400 219 toms
1442 167 1818 222 rnnoromci'S.

299 346 430 385 cam
457 321 666 383 ducem
684 366 702 398 ,
729 340 906 405 quam
931 335 1254 406 sequantur
1272 369 1288 398 ,
1315 322 1643 385 adsciscunt
1662 372 1678 399 ,
1711 326 1775 385 in
1803 324 2061 387 diversas
2088 325 2427 387 distrahan-

300 431 399 480 tur
421 419 760 478 sententiaS.
791 419 1013 479 Exinde
1047 419 1363 498 contingit,
1393 430 1457 478 ut
1476 466 1492 496 .,
1521 420 1681 503 quod
1709 422 1815 481 uni
1849 433 2074 481 certum
2104 433 2191 480 est
2212 467 2227 496 ,
2262 421 2433 483 alteri

301 517 380 575 sit
401 516 693 574 incertum
711 561 726 588 ,
762 514 1044 597 quodque
1070 514 1244 573 hodie
1279 514 1442 576 velut
1465 517 1867 576 firmissimum
1889 518 2194 594 statuitur,
2221 538 2345 577 cras
2368 520 2433 579 in

302 608 551 670 dubium
569 622 839 685 vocetur,
866 609 1366 693 quemadmodum
1390 624 1460 670 e'x
1482 611 1764 683 diuturno
1789 614 2248 673 protestantium
2265 636 2435 696 expe-

301 706 556 766 rimento
575 711 701 786 jam
726 708 898 766 nimis
920 706 1110 766 elucet
1132 706 1244 787 (1).
1282 707 1502 767 Crescit
1521 729 1592 767 ex
1616 730 1684 768 eo
1709 708 2017 769 difficultas
2043 756 2058 785 ‚
2091 709 2249 792 quod
2273 723 2437 771 vete-

301 825 394 864 res
430 804 584 863 inter
622 827 683 864 se
727 804 972 863 minime
1019 803 1379 863 conveniant
1423 805 1572 863 circa
1613 805 2060 866 canonicitatem
2091 828 2153 865 ac
2189 807 2437 888 proinde

301 901 751 983 inspirationem
781 921 1074 960 sacrorum
1107 901 1407 981 utriusque
1440 899 1697 960 Foederis
1726 899 2032 959 Librorum
2054 946 2070 975 .,
2102 923 2210 962 nec
2248 902 2437 961 ullum

302 998 601 1079 primitiva
651 996 898 1056 Ecclesia
941 1017 1228 1055 canonem
1274 995 1670 1056 universalem
1692 1042 1706 1071 ‚
1764 1018 1880 1077 quo
1927 995 2141 1056 scilicet
2188 998 2436 1058 Ecclesia

303 1094 575 1153 universa
604 1092 1068 1173 obstringeretur
1087 1137 1102 1164 ‚
1139 1090 1452 1150 confecerit
1487 1114 1554 1152 ea
1582 1092 1657 1151 de
1683 1113 1783 1166 reg
1815 1092 2075 1174 alioquin
2106 1093 2266 1152 nulla
2288 1095 2438 1154 circa

303 1210 590 1250 canonem
630 1188 942 1249 Ecclesiam
968 1190 1127 1248 inter
1163 1187 1513 1247 orientalem
1556 1199 1614 1247 et
1653 1188 2075 1248 occidentalem
2112 1187 2391 1249 dissensio
2420 1236 2437 1266 .‚

303 1284 466 1346 nulla
503 1287 658 1344 inter
693 1284 949 1344 diversas
981 1282 1359 1366 particulares
1400 1283 1674 1343 Ecclesias
1696 1330 1713 1360 .,
1738 1305 1931 1366 neque
1969 1287 2122 1366 ipsos
2147 1285 2302 1344 inter
2326 1287 2441 1345 Pa-

305 1394 423 1443 tres
458 1383 764 1442 extitisset.
802 1379 969 1454 Quod
1003 1381 1050 1439 si
1090 1380 1492 1439 Protestantes
1530 1403 1637 1439 nos
1681 1391 2004 1463 provocant
2036 1380 2109 1439 ad
2154 1402 2442 1440 canonem

305 1477 550 1538 Concilii
573 1475 1065 1556 Carthaginiensis
1092 1475 1171 1533 111
1192 1521 1207 1549 ,
1237 1498 1343 1534 nos
1367 1476 1583 1534 iterum
1605 1477 1762 1557 ipsos
1787 1497 2057 1555 rogamus
2091 1497 2104 1533 ε
2140 1497 2242 1534 cur
2264 1477 2442 1555 igitur

304 1574 484 1635 libros
501 1573 1068 1635 deutero-canonicos
1084 1573 1123 1631 F
1127 1571 1339 1631 oederis
1351 1572 1657 1654 utriusque
1674 1573 1737 1630 in
1754 1570 1854 1629 illo
1864 1571 2173 1630 recensitos
2193 1573 2441 1633 minime

304 1674 656 1746 admittant3
685 1669 788 1731 sed
812 1668 1144 1729 Calviniani
1170 1668 1321 1728 solos
1347 1669 1935 1729 deutero-canonicos
1957 1670 2271 1732 NoviTest.
2303 1692 2441 1729 am-

304 1769 639 1852 plectantur
675 1779 740 1825 ut
777 1787 911 1827 vere
951 1766 1260 1825 canonicos
1301 1778 1360 1826 et
1402 1765 1687 1825 divinitus
1726 1766 2079 1848 inspiratOS,
2117 1767 2442 1844 reJicientes

306 1864 481 1924 simul
522 1864 1105 1924 deutero—canonicos
1147 1861 1328 1922 libros
1353 1863 1488 1922 Vet.
1520 1863 1676 1923 Test.
1716 1873 2003 1944 tanquam
2037 1861 2439 1944 apocryphos;

306 1961 623 2022 Lutherani
669 1982 808 2022 vero
858 1971 1138 2041 utrosque
1177 1959 1253 2018 ad
1299 1970 1536 2040 tempus
1586 1958 1795 2018 saltem
1839 1957 2246 2040 repudiarint,
2286 1980 2444 2018 nunc

306 2079 447 2120 vero
469 2059 625 2118 inter
653 2080 712 2118 se
737 2056 905 2119 divisi
934 2055 1108 2139 plane
1131 2055 1294 2116 sint?
1323 2058 1533 2115 Nonne
1555 2056 1666 2114 ista
1692 2077 1800 2137 pro
1831 2054 2025 2112 lubitu
2051 2053 2125 2113 ab
2159 2055 2444 2114 haereticis

307 2154 500 2215 fiunt?

320 2311 323 2313 ,
394 2251 531 2313 146.
582 2251 888 2333 Desipiunt
930 2271 1104 2331 porro
1147 2247 1501 2322 adversarii,
1546 2246 1687 2305 dum
1741 2244 2007 2305 subdunt
2050 2268 2063 2304 ε
2116 2247 2443 2324 Scripturoe

305 2360 455 2410 sunt
476 2349 547 2408 id
562 2350 724 2428 quod
742 2358 918 2419 sunt,
947 2346 1416 2424 independenter
1437 2367 1475 2403 a
1499 2347 1704 2423 quovis
1733 2344 2051 2401 hominum
2076 2346 2406 2402 testimonio
2422 2367 2445 2410 ,·

308 2467 451 2507 nam
483 2444 723 2527 quaestio
748 2443 983 2525 proprie
1010 2452 1186 2522 atque
1216 2442 1385 2500 unice
1413 2440 1504 2500 hic
1540 2451 1806 2501 versatur
1834 2440 1982 2503 circa
2017 2439 2259 2498 modum
2281 2485 2296 2513 ‚
2330 2461 2447 2520 quo

308 2541 480 2602 nobis
506 2552 664 2600 certo
689 2549 956 2598 constare
985 2537 1169 2621 possit
1185 2583 1200 2612 7
1230 2550 1430 2596 utrum
1451 2538 1763 2618 Scripturae
1785 2538 1930 2613 sint,
1953 2548 2013 2595 et
2035 2555 2301 2616 quaenam
2325 2536 2445 2593 sint

308 2638 371 2699 id
405 2637 563 2720 quod
588 2647 758 2708 sunt„
788 2659 889 2696 seu
921 2655 1192 2718 quaenam
1219 2635 1534 2714 Scripturae
1566 2634 1850 2693 divinitus
1886 2631 2185 2712 inspiratae
2219 2633 2444 2691 censeri

311 2732 607 2807 debeantq
649 2754 921 2814 quaenam
964 2753 1104 2792 vero
1146 2729 1219 2789 ab
1264 2729 1376 2789 hoc
1425 2751 1602 2788 censu
1645 2728 1898 2788 debeant
1936 2726 2185 2786 excludi.
2226 2726 2444 2810 Utique

312 2830 623 2912 Scripturae
662 2828 809 2887 nihil
850 2850 921 2887 ex
960 2825 1293 2886 testimonio
1333 2824 1595 2884 Ecclesiae
1629 2824 1979 2882 intrinsecus
2010 2824 2350 2905 acquirunt3
2383 2835 2444 2884 at

310 2949 418 2987 nos
460 2947 530 2985 ex
556 2924 837 3004 ejusmodi
867 2922 1197 2982 testimonio
1224 2920 1637 2980 certitudinem
1670 2920 2034 3000 assequimur
2073 2918 2443 2979 infallibilem

313 3023 387 3083 de
414 3022 725 3104 Scripturis
761 3020 1046 3080 divinitus
1077 3017 1389 3099 inspiratis,
1432 3017 1560 3075 Pari
1594 3014 1853 3097 profecto
1884 3016 2113 3074 ratione
2137 3015 2210 3075 de
2234 3015 2441 3096 quovis

314 3118 453 3178 fidei
481 3118 721 3177 articulo
753 3139 823 3177 ex
854 3116 1041 3198 posito
1069 3114 1538 3175 adversariorum
1562 3111 1851 3194 principio
1880 3112 2211 3171 ratiocinari
2243 3112 2326 3169 fas
2350 3133 2444 3170 es-

316 3226 426 3274 set.
453 3213 746 3292 Quaeritur
773 3235 864 3273 ex.
898 3234 984 3292 gr.
1015 3224 1215 3270 utrum
1244 3211 1508 3270 Christus
1540 3209 1615 3268 sit
1650 3211 1835 3285 Deus,
1868 3231 1943 3268 an
1967 3230 2111 3291 pura
2136 3219 2398 3267 creatura
2414 3206 2444 3266 ’ἶ

315 3313 526 3370 Utrum
554 3311 719 3368 unica
744 3311 810 3368 in
837 3329 905 3368 eo
934 3309 1009 3367 sit
1042 3330 1118 3367 an
1148 3329 1286 3367 vero
1307 3305 1525 3390 duplex
1557 3290 1767 3365 natura
1788 3350 1804 3380 ,
1838 3317 1897 3365 et
1919 3305 2000 3363 ita
2026 3302 2244 3385 porro‘?
2273 3305 2442 3385 Atqui

969 3398 989 3420 ἱ

385 3557 447 3622 (l)
479 3556 615 3604 Plura
644 3556 924 3604 documenta
955 3552 1098 3622 hujus
1130 3557 1341 3604 assertio·
1420 3556 1540 3602 nire.
1574 3552 1695 3602 Vere
1722 3552 1893 3601 dixeris
1918 3549 2275 3599 protestantium
2303 3549 2441 3599 baro-

317 3643 390 3690 nis
417 3642 652 3691 dedimus·
680 3639 802 3689 Sane
830 3640 1020 3688 difficile
1051 3641 1245 3687 omnino
1270 3650 1338 3688 est
1419 3647 1604 3687 metron
1629 3653 1807 3701 semper
1841 3636 2021 3700 signare
2054 3635 2284 3682 varium!

315 3722 436 3775 duos
458 3724 771 3774 Protestantes
795 3720 1075 3790 plane-inter
1100 3739 1146 3772 se
1170 3739 1336 3772 conve-
