2502 4134
413 170 551 211 ΒΑΜ·
596 171 659 208 ιι.
707 165 830 207 car.
871 168 914 205 1.
964 168 1033 204 mr.
1075 165 1235 204 sAca.
1286 165 1428 203 uun.
1479 164 1609 204 cau.
1660 167 1724 201 m·
1771 166 2017 204 Auaron.
2202 143 2276 202 39

243 314 339 373 61.
385 313 550 372 Idem
585 311 659 371 de
702 312 937 370 Tostato
973 308 1185 368 dixeris
1206 355 1221 382 ,
1263 307 1362 389 qui
1399 318 1601 366 tamen
1639 306 1893 381 fatetur,
1922 304 2103 364 libros
2132 305 2279 365 deu-

159 408 627 470 tero-canonicos
659 404 733 464 ab
773 404 1011 464 Ecclesia
1040 403 1217 484 recipi
1248 403 1336 461 uti
1362 401 1724 460 authenticos
1759 402 1868 481 (1).

245 505 345 562 62.
387 501 686 574 Praefatio,
709 521 839 582 quae
860 499 1108 558 occurrit
1137 499 1200 557 in
1227 497 1422 557 Bibliis
1443 495 1615 555 editis
1634 498 1805 556 annis
1829 496 1985 555 1498
2006 506 2066 555 et
2089 495 2246 554 1506
2263 544 2277 571 ,

164 598 371 659 eadem
403 596 618 678 repetit
638 643 654 672 ,
695 615 827 676 quae
862 606 951 652 tot
986 594 1082 652 alii
1114 603 1374 652 auctores
1411 603 1545 673 post
1575 593 1631 648 S.
1663 592 2086 671 Hieronymum
2115 590 2280 653 dixe-

164 706 306 753 runt
341 694 416 752 de
458 713 679 751 canone
720 689 1102 750 Hebraeorum
1138 702 1198 748 et
1233 688 1358 767 aliis
1397 687 1560 745 libris
1600 685 1674 744 ab
1714 685 1963 744 Ecclesia
2006 687 2276 767 receptis,

165 791 283 848 Hos
329 810 504 870 porro
549 785 784 846 eosdem
832 797 1094 846 auctores
1135 795 1364 844 secutus
1405 794 1494 842 est
1530 781 1702 840 Gard.
1749 781 2025 838 Ximenes
2067 780 2129 838 in
2177 803 2278 840 sua

164 883 482 967 polyglotta
522 881 923 961 Complutensi
962 882 1085 960 (2).
1123 879 1285 939 Idem
1319 878 1591 961 praestitit
1622 875 1792 937 Card.
1831 877 2138 953 CaJetanus
2162 875 2284 952 (3);

164 981 259 1039 hic
294 991 494 1038 tamen
526 978 836 1049 novitatiS,
857 987 925 1034 ut
948 975 1127 1046 solet,
1161 978 1360 1032 amore
1385 983 1588 1053 captus
1609 1015 1626 1044 ,
1656 971 1931 1044 ulterius,
1967 990 2146 1051 quam
2185 991 2291 1050 par

166 1086 351 1148 esset,
380 1091 715 1155 progressus
740 1080 830 1128 est
857 1070 920 1126 in
954 1066 1395 1128 commentariis
1419 1086 1593 1145 supra
1627 1066 2022 1145 Scripturam,
2053 1063 2153 1144 qui
2186 1085 2290 1143 pe-

171 1170 342 1229 dibus
363 1166 607 1249 pavonis
633 1173 966 1246 opportune
992 1160 1661 1240 admodum‘comparati
1684 1169 1823 1217 sunt
1848 1180 1881 1216 a
1909 1157 2078 1216 Card.
2103 1157 2288 1216 Palla-

169 1263 363 1323 vicino
393 1260 524 1339 2(4);
576 1269 637 1318 et
675 1258 739 1316 in
770 1256 1286 1339 reprehensionem
1314 1255 1492 1313 etiam
1515 1275 1752 1312 suorum
1782 1263 2097 1334 eapropter
2126 1253 2290 1330 Caje-

167 1367 340 1415 tanus
366 1353 613 1414 incurrit
648 1352 763 1433 (5).

168 1600 518 1648 contentionem
561 1596 717 1662 fidei;
757 1612 862 1663 quae
885 1604 1012 1643 -sunt
1048 1593 1184 1643 verba

168 1678 214 1730 S.
251 1680 554 1746 Hieronymi,
596 1679 814 1745 adeoque¹
842 1677 1007 1726 eodem
1048 1694 1185 1725 sensu

166 1763 434 1828 accipienda
478 1771 619 1821 sunt,
657 1778 750 1826 quo
788 1757 927 1824 paulo
964 1769 1070 1806 ante
1105 1774 1187 1808 cx-

166 1846 418 1909 posuimus.
439 1843 553 1910 Ejus
572 1860 706 1891 mens
726 1842 880 1892 adhuc
900 1841 1066 1888 melius
1086 1832 1187 1904 'dig-

168 1929 375 1980 noscitur
416 1943 472 1977 ex
511 1928 567 1975 iis
583 1963 596 1983 ‚
637 1943 739 1991 quae
777 1924 955 1973 ibidem
994 1922 1186 1981 scribit,

167 2011 235 2057 tit.
258 2025 309 2057 ιιι
327 2045 339 2066 ,
371 2025 476 2073 cap.
495 2023 558 2074 9,
583 2006 608 2074 §
643 2023 726 2066 ια,
747 2025 850 2076 pag.
871 2003 968 2070 853
992 2006 1188 2073 loquens

170 2092 295 2139 enim
321 2091 378 2139 de
392 2089 601 2155 quinque
621 2088 752 2136 libris
782 2089 1188 2136 deutero-canoni-

175 2173 267 2231 cis,
295 2189 409 2236 quos
430 2171 616 2220 Hebraei
641 2173 762 2219 inter
778 2170 1037 2236 apocrypha
1063 2169 1190 2218 able-

177 2261 311 2316 gant,
331 2252 429 2300 haec
452 2252 596 2301 habet
625 2268 640 2302 t
671 2250 891 2302 Ecclesia
916 2260 1084 2300 sancta
1114 2259 1189 2298 ta-

175 2349 285 2381 men
313 2334 456 2382 etiam
487 2333 757 2398 apocrypha
776 2335 949 2397 recipit
970 2341 1025 2380 ut
1051 2348 1186 2389 vera,

175 2422 231 2462 ut
249 2423 383 2479 patet
408 2414 523 2463 dist.
557 2412 636 2462 15.
658 2413 770 2478 Quae
797 2412 955 2477 objicit
984 2413 1194 2461 adversa-

175 2499 272 2544 rius
291 2533 304 2556 ,
339 2513 434 2543 non
470 2498 521 2543 in
554 2495 655 2543 loco
685 2494 744 2543 ab
773 2512 828 2543 eo
856 2494 1048 2558 allegato
1067 2530 1080 2552 ‚
1114 2493 1193 2541 sed

174 2578 398 2644 leguntur
435 2580 487 2624 in
513 2574 704 2624 Summ.
737 2575 937 2639 theoloq.
973 2587 1091 2640 part.
1111 2592 1189 2634 ιιι,

178 2663 246 2709 tit.
297 2657 389 2719 18,
421 2675 525 2724 cap.
560 2656 624 2721 6,
663 2656 690 2723 g
734 2673 786 2705 ιι
815 2693 829 2716 ,
865 2656 982 2706 edit.
1015 2656 1190 2724 Veron.

178 2743 264 2792 col.
298 2739 445 2805 1043.
1167 2727 1172 2730 ’

246 2823 311 2886 (l)
365 2823 562 2873 Etenim
618 2820 834 2869 Testatus
889 2818 1134 2869 Abulensis
1178 2858 1191 2879 ,

179 2907 269 2954 loc.
299 2907 377 2954 cit.
410 2905 469 2953 ab
499 2904 756 2954 adversario
776 2938 790 2962 ,
822 2918 1035 2967 expresse
1059 2902 1116 2950 de
1141 2902 1197 2949 li-

178 2987 276 3036 bris
307 2986 581 3052 Sapientiae,
617 2985 920 3035 Ecclesiastici
940 3021 954 3045 ,
993 2984 1158 3034 ‚Iudith
1183 3022 1195 3039 ,

181 3069 338 3118 Tobiae
356 3079 403 3118 et
418 3068 796 3118 Machabaeorum
817 3067 998 3134 scribit-¹,
1032 3083 1108 3115 eos
1124 3067 1200 3113 uti

186 3150 487 3203 authenticos
505 3152 661 3216 recipi
676 3150 736 3198 ab
752 3148 999 3210 Ecclesia5
1016 3149 1202 3213 suscipi

188 3249 246 3281 ac
262 3232 355 3297 leqi
381 3233 443 3281 ab
467 3231 708 3289 Ecclesia,
730 3242 821 3280 etc.
841 3230 942 3281 Cfr.
962 3227 1199 3300 Iy'narrat.

193 3312 244 3362 in
264 3315 459 3380 praefat.
486 3314 557 3363 D.
590 3314 886 3378 Hieronymi
908 3313 965 3360 in
994 3311 1079 3360 lib.
1106 3311 1199 3359 Re-

194 3409 335 3456 qm,
365 3406 526 3463 quest.
563 3411 625 3463 27
648 3431 664 3458 ,
697 3394 762 3444 28
791 3406 837 3445 et
856 3412 939 3461 29.
961 3393 1030 3442 In
1046 3392 1208 3442 Enar-

196 3475 380 3524 ratim
390 3495 497 3527 vero
504 3474 646 3544 proef.
659 3495 677 3527 1
688 3477 741 3528 in
753 3477 983 3543 Paralip.
994 3486 1205 3543 quaest-7,

200 3560 407 3621 exponit,
434 3578 527 3626 quo
552 3578 690 3612 sensu
713 3562 820 3610 libri
837 3598 852 3622 ‚
872 3563 954 3627 qui
978 3570 1104 3609 extra
1129 3576 1208 3621 cass

202 3657 371 3689 nonem
386 3640 687 3694 Hebraecrum
701 3647 1022 3710 reperiuntur,
1042 3643 1208 3707 recepti

1273 1602 1430 1641 tamen
1451 1598 1560 1640 sunt
1584 1591 1643 1639 ab
1669 1589 1871 1640 Ecclesia
1889 1628 1903 1650 ‚
1923 1590 2189 1657 apocryphi
2217 1609 2292 1638 vo-

1272 1684 1451 1723 centur.
1486 1672 1686 1722 Demum
1718 1672 1771 1719 in
1787 1672 1945 1736 Proef.
1978 1674 2032 1719 in
2058 1669 2297 1735 Evanqel.

1274 1755 1322 1803 S.
1354 1755 1516 1804 matth.
1544 1765 1705 1822 quaest.
1740 1771 1754 1801 1
1781 1792 1794 1816 ‚
1819 1766 1912 1803 2ret
1939 1755 1996 1813 3,
2030 1771 2092 1802 ac
2107 1755 2295 1817 praecise

1274 1839 1329 1887 in
1367 1849 1530 1905 quaest.
1568 1855 1596 1885 2
1618 1875 1632 1897 .,
1667 1837 1915 1902 leguntur,
1961 1852 2067 1902 quae
2105 1836 2299 1899 opponit

1275 1924 1581 1975 adversarius.
1611 1922 1683 1970 En
1721 1925 1821 1988 ejus
1854 1920 1993 1970 verba
2021 1916 2165 1968 :Imo
2190 1934 2301 1969 nes-

1275 2011 1345 2057 cit
1373 2005 1657 2070 (Ecclesia),
1680 2021 1746 2053 an
1766 2001 1961 2070 Spiritu
1982 2001 2024 2058 S
2027 2038 2041 2054 .
2066 2002 2304 2069 inspirati

1276 2091 1532 2154 scriptores
1559 2104 1724 2136 eorum
1753 2086 2048 2134 dictaverint
2068 2083 2184 2132 illos
2214 2083 2303 2146 (li-

1276 2171 1383 2218 bros
1401 2170 1438 2233 ).
1476 2169 1621 2235 quue
1655 2171 1812 2217 asserit
1846 2167 2033 2217 relative
2056 2166 2113 2213 ad
2145 2167 2301 2213 omni-

1278 2255 1468 2301 modam
1511 2252 1874 2310 certitudinem,
1921 2267 2063 2316 quam
2103 2248 2301 2296 Ecclesia

1278 2335 1480 2383 habebat
1521 2335 1579 2382 de
1618 2334 1748 2381 libris
1773 2332 2163 2396 proto-canonicis
2188 2366 2201 2386 ‚
2241 2346 2297 2377 ex

1280 2414 1463 2462 defectu
1484 2451 1498 2472 ,
1532 2424 1587 2460 ut
1619 2415 1786 2478 saepius
1813 2413 2016 2460 diximus
2035 2447 2048 2471 ,
2076 2409 2300 2459 solemnis

1280 2495 1453 2544 decreti
1483 2496 1699 2543 nondum
1725 2496 1912 2553 emissi,
1949 2503 2088 2558 prout
2111 2492 2302 2541 demum

1281 2578 1459 2626 factum
1492 2579 1636 2625 estin
1665 2575 1816 2624 Cone.
1850 2575 2150 2636 Tridentino3
2186 2573 2302 2623 alio-

1283 2661 1401 2724 quin
1423 2675 1519 2706 non
1544 2668 1701 2723 posset
1727 2657 1816 2705 sibi
1841 2659 1933 2721 ipsi
1961 2664 2184 2704 constare.
2230 2701 2232 2703 ,

1353 2739 1424 2801 (2)
1457 2739 1552 2787 Cfr.
1581 2742 1632 2786 in
1656 2735 1853 2802 Proloqo
1882 2752 1950 2797 u,
1983 2734 2058 2785 De
2088 2735 2164 2784 his
2194 2753 2302 2800 quae

1282 2819 1354 2869 ad
1377 2819 1628 2868 lectionem
1649 2819 1718 2869 N.
1746 2819 1810 2869 T.
1828 2827 1944 2868 oum
1959 2817 2298 2886 praenotanda.

1349 2902 1420 2966 (3)
1456 2901 1556 2951 Cfr.
1585 2904 1636 2950 in
1665 2900 1930 2953 Commeat.
1958 2902 2009 2949 in
2029 2916 2133 2965 cap.
2161 2918 2190 2949 x
2216 2898 2303 2948 lib.

1284 2985 1466 3036 Esther.
1510 2983 1624 3033 edit.
1669 2983 1820 3048 Lugd.
1876 2980 2033 3048 1639,
2077 2991 2192 3030 tom.
2236 2994 2304 3039 ιι,

1285 3083 1389 3133 pag.
1418 3064 1519 3128 400
1539 3101 1553 3125 ,
1586 3064 1678 3113 col.
1711 3080 1762 3114 2.
2246 3119 2254 3129 Ι

1351 3147 1422 3212 (ἡ)
1460 3143 1643 3195 latoria
1683 3144 1761 3195 del
1804 3143 1956 3197 Cone.
1992 3143 2047 3193 di
2091 3142 2303 3197 Tremo,

1285 3230 1368 3279 lib.
1398 3246 1476 3290 νι,
1508 3245 1613 3292 cap.
1653 3242 1739 3291 1¹7,
1770 3244 1823 3275 n.
1853 3242 1904 3276 2.

1358 3311 1422 3375 (5)
1459 3309 1558 3359 Cfr.
1577 3307 1753 3359 Melch.
1776 3307 1894 3358 Cau.
1918 3304 1989 3357 De
2016 3305 2107 3360 loe.
2134 3304 2222 3353 lib.
2243 3321 2276 3351 11
2292 3340 2305 3363 ,

1287 3411 1394 3459 cap.
1434 3409 1486 3441 11
1511 3427 1526 3454 ‚
1564 3394 1616 3440 in
1650 3408 1773 3455 resp.
1810 3391 1870 3440 ad
1911 3399 2088 3440 sextum
2124 3403 2307 3451 argum.

1289 3476 1564 3542 Cajetanum
1594 3476 1645 3522 in
1681 3473 1783 3522 Vet.
1821 3472 1948 3523 Test.
1990 3471 2305 3529 hebraicam,

1290 3561 1342 3608 in
1367 3557 1497 3607 Novo
1517 3557 1811 3611 erasmizare
1826 3557 1876 3604 iu
1892 3554 2190 3620 proverbium
2210 3567 2308 3599 ces-

1291 3644 1368 3691 sit.
1398 3640 1532 3709 Certe
1555 3639 1877 3701 Witackerus,
1915 3655 2025 3704 opp.
2058 3634 2167 3697 edit.
2197 3632 2315 3682 Her-
