2502 4134
2064 156 2182 216 281

280 188 418 230 nm·
461 191 525 227 11.
572 189 719 227 SEGT.
766 189 830 224 11.
877 185 1000 225 GAP.
1043 188 1084 222 1.
1133 186 1200 222 DE
1257 183 1446 220 NBCES·
1480 182 1551 219 Ex
1592 182 1766 218 Exlsr.
1813 179 1976 234 Tuan.

162 316 303 389 420.
351 329 439 390 Ad
475 329 582 404 5¹1¹,
623 331 795 410 Resp.
829 339 1182 410 postremam
1212 325 1364 384 hanc
1399 323 1796 383 difficultatem
1824 320 1898 380 ad
1926 330 2184 400 receptas

84 426 539 485 Protestantium
560 424 828 505 strophas
850 437 1023 505 atque
1046 421 1361 481 calumnias
1384 440 1507 478 esse
1529 416 1915 478 referendam.
1937 413 2187 474 Ecclesia

84 520 243 579 enim
271 522 529 579 Romana
561 542 660 579 seu
695 518 971 578 catholica
1001 517 1144 577 adeo
1171 538 1290 574 non
1317 513 1594 594 deprimit
1625 513 1949 594 Scripturas
1972 557 1988 584 ,
2021 522 2087 569 ut
2120 510 2188 568 iis

81 619 146 675 in
165 615 435 674 omnibus
460 627 684 689 utatur,
709 636 917 694 easque
943 621 1223 695 perpetuo
1246 606 1617 668 commendet
1633 652 1648 681 ,
1674 629 1768 666 eas
1794 606 1913 665 sola
1937 607 2188 685 integras

82 711 436 785 servaverit,
466 710 694 769 illarum
732 709 1078 781 editionem,
1109 703 1301 787 quoad
1328 708 1450 781 ejus
1477 702 1601 760 fieri
1631 713 1891 783 poterat,
1931 700 2180 760 absolu-

86 804 369 864 tissimam
405 805 689 876 ediderit,
718 802 1195 882 damnaveritque
1229 801 1620 858 protestantes
1650 817 1744 854 eas
1781 795 2051 854 mutilare
2085 817 2192 855 vo-

0 933 3 938 ·
87 900 297 960 lentes·
326 902 536 960 Verum
558 923 678 959 non
702 911 819 975 est,
844 921 945 958 cur
971 895 1170 979 putida
1196 895 1319 954 haec
1345 891 1622 975 prolixius
1644 911 2054 977 persequamur
2076 889 2185 969 (l).

91 994 242 1054 Illud
265 995 567 1055 dumtaxat
582 994 1098 1054 animadvertimus
1115 1036 1132 1064 ,
1151 989 1546 1050 adversarium
1562 987 2012 1045 inconstantiam
2027 1007 2193 1044 suam

92 1092 451 1171 patefacere,
499 1090 642 1148 dum
690 1088 978 1167 agnoscit,
1026 1107 1160 1165 erga
1196 1084 1604 1164 antiquitatem
1640 1077 2034 1162 profitendum
2072 1102 2195 1141 esse

92 1186 432 1246 reverentiae
456 1198 515 1243 et
541 1183 688 1263 grati
721 1182 900 1241 animi
927 1201 1162 1239 sensum
1183 1224 1201 1252 ,
1230 1200 1364 1237 cum
1397 1189 1597 1237 tamen
1628 1181 1796 1255 juxta
1820 1178 2012 1257 ipsum
2041 1177 2196 1236 anti-

96 1279 284 1360 quitas
308 1279 380 1336 -in
405 1300 571 1337 causa
611 1277 868 1337 extiterit
905 1297 1168 1335 errorum
1211 1274 1481 1334 omnium.
1525 1275 1876 1333 tenebricosi
1899 1277 2190 1353 papismi.

93 1372 400 1446 Quomodo
424 1372 546 1432 haec
569 1373 723 1430 inter
750 1393 810 1431 se
834 1381 1292 1452 componantur,
1318 1371 1438 1452 ipse
1464 1368 1694 1429 viderit.

175 1467 316 1526 421.
351 1467 514 1526 Dices
542 1488 555 1524 :
582 1466 801 1526 Saltem
826 1468 889 1525 in
912 1465 1089 1524 dubio
1110 1465 1182 1524 de
1210 1485 1349 1525 vero
1379 1465 1805 1546 Scripturarum
1829 1485 1998 1524 sensu
2019 1509 2035 1538 ,
2063 1467 2199 1523 satis

92 1563 202 1623 erit
223 1563 530 1641 confugere
552 1561 628 1622 ad
650 1564 992 1644 analoyiam
1005 1562 1176 1641 fidei,
1196 1561 1338 1642 quin
1358 1581 1589 1620 necesse
1611 1561 1687 1618 sit
1708 1558 1782 1621 ad
1803 1559 2200 1620 Traditionem

91 1678 404 1718 recurrere.

177 1752 317 1811 422.
367 1755 537 1835 Resp.
573 1755 729 1813 Dist.
766 1753 1011 1827 Quando
1040 1751 1182 1813 fides
1207 1764 1364 1813 certo
1387 1753 1607 1811 sancita
1637 1764 1724 1812 est
1747 1775 1779 1811 a
1813 1751 2067 1832 legitima
2095 1752 2204 1811 Ec-

96 1847 281 1907 clesiae
310 1848 651 1908 auctoritate
671 1895 687 1923 ,
718 1861 908 1909 trans.
944 1848 1040 1910 vel
1066 1870 1229 1908 conc.
1247 1869 1268 1917 ,·
1303 1848 1582 1929 quamdiu
1622 1849 1729 1906 ista
1770 1849 1989 1921 incerta
2019 1859 2107 1907 est
2138 1869 2205 1908 ac

96 1941 340 2002 fluctuat
365 1988 381 2018 ,
427 1966 554 2024 neq.
602 1943 884 2004 Catholici
932 1966 1053 2003 non
1094 1943 1364 2003 abnuunt
1409 1943 1715 2023 confugere
1755 1943 1828 2002 ad
1879 1942 2203 2022 analogiam

96 2037 265 2112 fidei,
315 2060 447 2097 cum
497 2038 569 2098 de
615 2038 857 2099 obscuro
898 2039 1091 2122 aliquo
1128 2041 1316 2119 agitur
1358 2039 1667 2121 Scripturae
1711 2050 1874 2098 textu
1892 2083 1908 2112 ,
1958 2038 2032 2097 ad
2070 2059 2206 2098 eum

94 2155 309 2215 nempe
336 2134 748 2215 exponendum
764 2140 930 2212 juxta
962 2146 1182 2195 certam
1205 2157 1476 2194 normam
1498 2133 1658 2194 illam
1678 2179 1694 2208 ,
1720 2155 1894 2215 quam
1920 2133 1994 2193 ab
2022 2133 2207 2194 Eccle-

93 2228 187 2288 siae
224 2228 448 2288 habent
473 2231 830 2290 auctoritate.
880 2232 1095 2290 Verum
1127 2233 1520 2290 protestantes
1539 2263 1542 2265 ·
1561 2228 1634 2288 ad
1677 2228 1838 2288 illam
1867 2251 1927 2288 se
1952 2231 2207 2311 recipere

85 2448 290 2514 poribus
316 2456 553 2497 servatum
582 2448 684 2514 fuit
709 2450 926 2497 strictum
950 2448 1108 2496 ortho-
1190 2450 1293 2497 fuse
1322 2450 1612 2515 persequitur
1641 2447 1801 2496 doctus
1833 2448 1883 2496 P.
1913 2447 2208 2496 Cherubinus

92 2529 250 2578 doscioe
284 2530 581 2595 depositum,
624 2548 727 2596 pag.
779 2529 886 2597 174.
931 2531 983 2578 ld
1020 2548 1111 2596 que

100 2612 320 2676 exemplis
359 2611 618 2672 Ambrosii,
663 2612 864 2678 Gregorii
897 2612 1133 2672 Naziaz.‚·

97 2692 362 2752 Athanasii,
395 2694 592 2752 Hilarii,
622 2706 894 2744 caeterorum
926 2695 1110 2744 Pau-um

99 2777 382 2837 consu-mat,
430 2777 509 2825 sed
550 2780 804 2842 praesertim
854 2781 1113 2827 testimonio

99 2856 384 2920 Lirinensis,
431 2864 563 2925 cujus
603 2878 683 2924 per
727 2860 880 2925 plures
927 2863 1115 2925 paginas

100 2939 239 2988 verba
274 2941 635 2990 luculentissima
674 2944 874 3007 profert,
907 2960 961 2990 ac
988 2959 1115 2990 sum-

102 3024 189 3070 mis
222 3024 435 3072 laudibus
467 3025 663 3074 extollit.
705 3024 794 3074 Sed
837 3026 938 3074 hacc
972 3025 1114 3073 nimis

102 3102 197 3169 jam
218 3108 399 3154 suntad
421 3109 582 3157 inanes
613 3107 973 3157 Shuttleworthii
998 3111 1115 3156 ictus

105 3188 437 3239 retundendos.

177 3269 242 3332 (l)
278 3269 534 3321 Discrimen
568 3276 728 3338 ingens
767 3272 888 3321 inter
922 3290 1115 3322 venera-

110 3349 286 3397 tionem
311 3390 324 3411 ,
352 3371 491 3418 quam
526 3358 687 3420 quovis
712 3365 916 3419 tempore
943 3354 1141 3410 Cathor

110 3428 188 3477 lici
231 3447 333 3496 erga
376 3433 654 3500 Scripturam
704 3455 879 3486 sacram
929 3438 1115 3502 professi

111 3522 244 3583 sunt,
279 3523 323 3562 et
352 3518 573 3566 sentiendi
601 3520 827 3569 rationem
856 3537 938 3569 seu
956 3523 1116 3585 *potius

111 3604 426 3659 contemptum
441 3634 453 3656 ‚
472 3617 609 3663 quem
624 3604 793 3666 pariter
811 3605 974 3669 quovis
1002 3613 1118 3651 tem-

110 3696 218 3743 pore
250 3681 369 3728 circa
397 3682 602 3734 eamdem
619 3685 817 3736 haeretici
844 3697 1118 3749 tenuerunt,

1193 2549 1218 2579 a
1246 2530 1297 2578 S.
1332 2530 1505 2595 Joseph
1526 2569 1537 2590 ‚
1573 2533 1620 2578 in
1655 2530 1906 2580 Πίερον-ἰαί.
1933 2530 2211 2597 prooemiali

1194 2615 1264 2661 sui
1299 2611 1583 2678 Apparatus
1618 2611 1812 2672 bibl-ici,
1858 2611 2102 2678 Diqressio
2138 2630 2210 2661 se-

1194 2694 1355 2742 cunda
1372 2730 1389 2756 ,
1426 2697 1482 2742 in
1508 2711 1603 2758 qua
1635 2698 1799 2758 aqitur
1832 2695 1890 2742 de
1929 2697 2210 2760 ignorantia

1194 2773 1497 2841 Scriptum,
1535 2794 1679 2841 quam
1724 2776 1975 2826 catholicis
2007 2776 2212 2841 objicere

1195 2857 1341 2906 solem
1367 2859 1581 2906 Izaeretici
1611 2861 1794 2915 nostri,
1822 2870 1933 2908 sect.
1964 2877 1978 2907 1
2005 2869 2050 2907 et
2074 2877 2207 2925 seqq.

1195 2951 1239 2989 et
1269 2950 1353 2988 art.
1399 2956 1488 2999 12,
1528 2938 1882 2988 Hoereticorum
1918 2949 2212 3007 contemptus

1195 3025 1326 3074 circa
1352 3040 1450 3072 sac.
1471 3024 1771 3089 Scripturam
1788 3045 1807 3082 ;
1833 3027 1994 3090 incipit
2022 3042 2156 3090 porro
2185 3042 2211 3072 a

1196 3105 1386 3154 Simone
1406 3123 1536 3169 mago
1554 3108 1762 3154 omniurn
1788 3107 2107 3154 haereticorum
2128 3124 2212 3171 pa-

1198 3198 1355 3248 rente,
1391 3199 1435 3238 et
1461 3190 1647 3253 prolatis
1677 3206 1855 3253 semper
1889 3191 2210 3249 documentis,

1197 3290 1295 3320 rem
1338 3275 1627 3321 continenter
1671 3273 1798 3320 ducit
1834 3273 1893 3321 ad
1922 3273 2210 3333 Luthernm,

1205 3353 1450 3404 Calvinum
1466 3365 1604 3420 atque
1619 3356 1854 3421 utriusque
1866 3356 2056 3404 asseclas
2068 3374 2213 3421 usque

1202 3437 1260 3485 ad
1284 3448 1459 3485 aetatem
1491 3452 1640 3485 suam.
1659 3437 1809 3502 Capax
1834 3455 1965 3502 porro
1988 3447 2104 3486 esset
2125 3438 2214 3486 hoc

1200 3528 1523 3583 argumentum
1565 3522 1718 3584 magni
1755 3520 2079 3585 supplementi.
2110 3518 2209 3568 cfr.

1201 3600 1255 3650 P.
1287 3600 1609 3661 Chen-abinus,
1658 3611 1776 3651 tom.
1806 3619 1821 3650 ι
1842 3640 1855 3662 ,
1889 3621 1991 3669 pag.
2043 3599 2134 3652 125
2169 3612 2212 3651 et

1202 3699 1334 3750 seqq.
1367 3694 1411 3734 et
1436 3698 1542 3750 pag.
1572 3698 1671 3751 229
1697 3695 1742 3735 ct
1765 3703 1897 3753 seqq.
