2502 4134
276 82 438 119 PAR-r.
489 81 552 116 11.
598 78 721 116 cn».
770 79 824 117 v.
871 81 937 115 nn
980 80 1138 117 saca.
1187 79 1360 116 scau».
1409 78 1562 114 an'r.
1612 78 1672 113 nv
1716 78 1861 115 uua.
1908 78 2041 118 Vim.
2098 58 2216 116 221

114 235 250 285 runt
277 225 585 283 erroribus
599 225 980 302 qravz‘ssinzis
999 226 1251 301 refertas
1264 266 1285 292 ,
1308 228 1375 280 in
1401 222 1696 280 nonnollis
1724 222 1864 280 locis
1889 222 2219 291 absurzlm,

115 326 182 378 in
202 321 342 377 aliis
360 319 722 377 detrahentes
744 320 983 396 aliquid
1002 320 1171 376 verbo
1197 320 1349 388 Dei,
1361 327 1761 395 pervertentes
1774 363 1791 386 ,
1812 318 2190 375 obscurantes
2203 363 2219 385 ,

107 417 383 472 vitiantes
414 413 526 491 (1).
566 412 666 470 His
708 424 977 492 proptera
1013 412 1123 471 alia
1161 411 1428 471 successit
1464 412 1684 486 versio,
1715 433 1844 492 quae
1875 432 1904 469 a
1943 410 2159 471 Jacobo
2195 413 2219 469 1

109 509 455 566 authentica
497 505 784 565 declarata
824 519 946 580 estg
988 529 1161 589 porro
1192 505 1511 587 gravissimi
1550 505 1800 585 theologi
1834 517 2220 587 protestantes

107 624 205 661 seu
235 602 555 681 anglicani3
587 602 788 664 Lowth
811 647 827 675 ‚
862 601 1212 662 Newcombe
1233 646 1249 675 ‚
1283 598 1632 661 Wescefield
1654 643 1670 673 .,
1698 600 1935 659 Bellami
1956 647 1971 674 ,
2008 614 2222 683 praeter

108 696 302 779 plures
342 696 515 771 alios,
552 696 701 755 hanc
736 697 923 777 ipsam
957 698 1293 758 versionem
1313 694 1705 769 ¹traduxerunt:
1744 694 1927 753 veluti
1957 695 2220 777 pluribus

109 791 397 851 erroribus
448 790 825 865 maculatam,
872 813 938 851 ac
975 791 1218 873 proinde
1254 788 1600 871 inquiebant
1641 809 1857 846 novam
1899 790 2222 872 optandam

109 908 230 946 esse
266 887 607 946 versionem.
638 887 835 945 Horne
854 931 870 958 ,
898 887 960 944 in
997 908 1097 944 sua
1121 886 1339 944 recenti
1368 885 1811 944 Introductione
1837 887 1921 943 ad
1947 888 2222 946 studium

108 985 389 1040 criticum
430 982 712 1040 biblicum
729 1023 754 1051 ,
794 979 1030 1038 illorum
1069 981 1374 1038 confirmat
1400 977 1686 1055 judicium
1725 977 1841 1057 (2).
1875 982 2019 1039 Cum
2046 982 2222 1062 igitur

109 1078 311 1156 ingens
342 1074 607 1134 fidelibus
647 1062 1034 1155 perversionis
1068 1071 1437 1154 impenderet
1473 1072 1799 1153 periculum
1830 1094 1900 1132 ex
1937 1086 2055 1150 tot.
2089 1099 2220 1159 quae

115 1191 320 1249 magna
361 1169 691 1249 profusione
730 1168 1062 1226 vitiatorum
1108 1166 1423 1226 Bibliorum
1464 1167 1837 1226 versionibus
1887 1169 2105 1230 fiebant
2145 1171 2219 1231 ab

106 1263 382 1323 haeretieis
406 1307 421 1336 ,
460 1283 557 1320 usa
583 1266 716 1339 jure
741 1283 844 1320 suo
867 1273 954 1321 est
995 1260 1268 1338 Ecclesia,
1302 1262 1443 1320 dum
1480 1261 1745 1341 vulgares
1779 1264 2059 1341 ejusmodi
2084 1288 2219 1326 ver-

103 1359 290 1416 siones
326 1355 625 1437 prohibuit
656 1356 729 1416 ad
771 1355 919 1416 filios
953 1378 985 1415 a
1015 1357 1319 1417 venenatis
1360 1357 1516 1416 hisce
1550 1356 1806 1415 fontibus
1843 1360 2215 1422 amovendos.

104 1453 268 1510 Patet
294 1450 360 1509 3⁰
383 1472 450 1510 ex
473 1450 755 1509 malorum
781 1453 1043 1532 congerie
1062 1499 1078 1523 .,
1108 1474 1237 1533 quae
1256 1464 1658 1534 provenerunt
1679 1451 1754 1511 ab
1779 1454 2060 1531 ejusmodi
2087 1455 2220 1516 vul—

102 1547 247 1626 garis
279 1547 588 1628 Scripturae
618 1546 904 1620 lectione3
942 1558 1006 1606 ut
1042 1549 1198 1607 enim
1229 1569 1561 1629 premamus
1600 1537 1864 1622 silentio,
1902 1570 2028 1631 quae
2060 1563 2221 1610 ante·

102 1640 346 1700 rioribus
377 1642 583 1701 seculis
609 1654 735 1701 orta
765 1654 903 1702 sunt
925 1643 1045 1724 (3),
1070 1654 1460 1726 protestantes
1489 1643 1814 1703 Clarendon
1837 1690 1851 1717 7
1880 1647 2034 1727 Grey
2053 1690 2068 1720 7
2095 1648 2220 1727 Hey
2302 1690 2310 1697 -

102 1735 252 1795 falsae
287 1735 599 1795 Bibliorum
631 1738 1097 1818 interpretationi
1130 1737 1393 1797 tribuunt
1431 1737 1569 1797 belli
1605 1738 1785 1798 civilis
1809 1739 2045 1798 dissidia
2083 1762 2218 1821 sup-

101 1830 454 1913 pliciumque
483 1832 669 1891 Caroli
700 1835 723 1892 1
758 1832 868 1913 (4).
898 1835 1088 1892 Hume
1115 1845 1359 1893 testatur
1379 1879 1394 1907 ,
1429 1844 1559 1915 post
1594 1834 2018 1893 reformationis
2048 1836 2215 1895 initia

100 1926 363 1987 debuisse
380 1929 451 1988 ad
474 1940 704 2010 tempus
724 1929 971 2011 e'populi
990 1928 1261 1988 manibus
1278 1928 1541 1988 subtrahi
1563 1930 1887 1989 versionem
1906 1930 2216 2011 Scripturae

99 2023 162 2080 in
190 2022 382 2102 lingua
412 2023 718 2085 vernacula
751 2024 826 2084 ob
861 2026 1282 2085 controversias
1313 2036 1372 2084 et
1411 2024 1786 2085 fanatismum
1810 2071 1826 2098 ,
1864 2047 2040 2107 quem
2072 2030 2217 2105 ejus-

101 2116 259 2174 modi
279 2117 445 2176 lectio
459 2120 733 2178 excitarat
754 2119 867 2197 (5).
889 2122 992 2180 His
1014 2120 1122 2179 alia
1142 2120 1308 2201 plura
1332 2121 1661 2179 testimonia
1676 2120 1883 2198 adJ'ecit
1907 2124 1975 2180 D.
2001 2121 2213 2181 Milner

103 2233 171 2270 ex
208 2212 537 2271 auctoribus
573 2214 1028 2294 protestantibus
1071 2228 1130 2274 et
1166 2216 1480 2294 anglicanis
1502 2261 1517 2290 ,
1555 2217 1653 2296 qui
1691 2217 2104 2295 ingemuerunt
2138 2216 2214 2276 ob

102 2327 311 2387 pravos
340 2306 575 2366 effectus
596 2353 612 2380 ,
639 2329 707 2367 ex
740 2309 962 2389 vulgari
995 2310 1420 2391 Scripturarum
1453 2310 1717 2370 versione
1739 2323 2070 2370 consecutos
2096 2311 2206 2391 (6).

167 2572 233 2635 (1)
279 2571 413 2636 Apud
443 2571 498 2620 O'
518 2573 694 2622 Connel
714 2611 726 2633 ‚
757 2591 916 2638 opusc.
945 2578 1042 2634 cit„
1067 2585 1113 2623 et
1194 2591 1361 2638 ponere
1379 2609 1393 2628 ,
1429 2574 1766 2640 quim-actenus
1785 2575 1904 2624 dieta
1924 2574 2169 2626 confirmat
2194 2594 2209 2626 ε

97 2654 220 2718 apud
243 2653 453 2718 Gregoire
469 2690 483 2712 ‚
512 2654 651 2704 Hist.
673 2655 753 2703 des
774 2662 886 2704 sect.
910 2666 1021 2704 tom.
1040 2674 1109 2719 iv,
1194 2655 1514 2705 Aristarchus
1541 2658 1694 2721 inquit
1714 2693 1727 2715 ‚
1765 2655 1878 2704 olim
1917 2659 2000 2705 vice
2034 2668 2211 2724 septem

97 2751 144 2799 p.
174 2732 271 2801 407
306 2746 349 2783 et
376 2754 507 2802 seqq.
1190 2740 1426 2803 sapientes
1454 2741 1510 2786 in
1548 2739 1743 2787 Groecia
1771 2741 1989 2788 invenire
2009 2743 2173 2806 potuit
2187 2777 2206 2803 ,

161 2816 223 2879 (2)
257 2816 380 2866 Ibid.
1189 2827 1234 2867 et
1259 2820 1392 2885 apud
1418 2837 1505 2867 nos
1534 2820 1613 2883 (ut
1638 2821 1792 2868 verbis
1809 2831 1922 2868 utar
1938 2821 2208 2886 viridanti)

163 2897 227 2961 (3)
264 2898 363 2948 Csr.
393 2900 428 2947 F
431 2910 598 2949 ontana
619 2938 633 2959 ‚
660 2902 751 2951 loc.
776 2904 855 2951 cit.
1053 2907 1055 2909 ’
1159 2903 1271 2949 *vix
1298 2903 1489 2950 totidem
1518 2902 1694 2950 idiotas
1718 2911 1786 2950 est
1817 2904 2066 2968 reperire3
2103 2919 2206 2951 om·-

163 2979 226 3042 (h)
265 2980 362 3030 Cfr.
404 2983 526 3047 apud
552 3020 564 3041 ‚
606 2981 814 3048 Gregoire
833 3019 846 3046 ‚
886 2984 979 3033 loc.
1023 2985 1103 3032 cit.
1186 2999 1269 3030 nes
1300 2986 1426 3032 enim
1447 2990 1566 3031 sunt
1586 2984 1819 3042 doctores,
1841 3001 1999 3032 omnes
2023 2984 2208 3033 coelitus

95 3074 195 3121 pag.
225 3057 344 3121 415.
1186 3067 1431 3113 instructi.
1453 3064 1631 3113 Nullus
1661 3073 1729 3113 est
1753 3082 1811 3113 ex
1834 3067 2073 3114 vilissima
2086 3066 2207 3131 faece

162 3136 232 3202 (5)
262 3139 378 3192 Dav.
396 3142 548 3191 Hume
566 3179 580 3201 ‚
612 3142 752 3193 Hist.
768 3143 891 3192 dela
916 3147 1104 3193 maison
1176 3146 1334 3212 plebis
1355 3149 1609 3212 fanaticus
1645 3154 1733 3195 aut
1765 3158 1934 3213 oqyrta
1951 3182 1965 3208 ,
1994 3150 2083 3213 qai
2108 3165 2207 3197 non

101 3216 157 3264 de
190 3218 380 3283 Tuder,
408 3224 495 3274 lib.
520 3241 554 3272 ιι
573 3262 588 3284 ‚
618 3243 667 3289 p.
694 3224 812 3289 246.
1185 3233 1372 3278 somnia
1405 3246 1494 3276 sua
1531 3245 1623 3294 pro
1660 3229 1799 3277 verbo
1834 3230 1938 3278 Dei
1972 3230 2201 3280 venditet.

170 3297 238 3360 (6)
270 3299 357 3366 Op.
386 3307 465 3354 cit.
486 3304 767 3355 Excellence
790 3307 849 3355 de
872 3307 919 3356 la
944 3306 1099 3371 Reliq.
1187 3311 1400 3375 Apertus
1426 3313 1555 3357 enim
1583 3311 1773 3358 videtur
1794 3319 1970 3376 puteus
1994 3310 2173 3376 Abyssi
2186 3348 2200 3370 ‚

102 3377 268 3427 cathol.
299 3391 410 3432 tom.
433 3399 497 3445 11,
530 3388 659 3438 lettre
686 3405 810 3436 xtvu
827 3427 840 3448 ‚
868 3407 973 3455 pag.
1002 3386 1103 3451 604
1186 3407 1244 3439 ea·
1268 3408 1359 3456 quo
1388 3391 1603 3440 ascendit
1621 3391 1816 3456 sumus,
1849 3395 1937 3457 qai
1965 3392 2132 3440 eoelum
2158 3403 2205 3440 et

102 3471 144 3507 et
164 3478 292 3526 seqq.
314 3461 393 3511 His
414 3467 578 3530 juverit
595 3474 913 3521 auctoritatem
942 3473 1104 3521 homi·
1185 3471 1339 3522 stellas
1354 3461 1652 3532 obscuravit,
1691 3484 1736 3523 et
1767 3477 1988 3524 exierant
2005 3475 2201 3523 locustas

101 3544 173 3590 nis
189 3543 311 3592 haud
335 3551 552 3611 suspecti,
580 3569 744 3618 nempe
762 3553 996 3615 Waltoni,
1022 3574 1101 3620 ap·
1185 3571 1295 3604 cum
1321 3554 1498 3604 aculeis
1513 3593 1525 3611 ‚
1558 3561 1865 3606 sectariorum
1889 3567 1936 3606 et
1954 3556 2197 3605 hoeretico-
