2502 4134
273 135 389 195 300
834 158 1035 198 'raAc'n
1082 161 1150 197 na
1195 162 1345 200 Locis
1392 166 1772 206 mammetem.

1239 317 1270 399 §
1316 320 1436 379 vll.

921 471 1011 531 De
1044 471 1421 531 Scholasticis
1449 473 1739 555 theologis.

347 675 488 736 456.
535 677 776 735 Sanctos
824 675 1086 736 Ecclesiae
1130 680 1331 739 Patres
1373 679 1437 738 in
1489 702 1551 740 re
1577 726 1594 756 ‚
1636 681 1715 761 'de
1755 703 1868 764 qua
1904 685 2125 764 agimus
2153 733 2169 762 ,
2219 689 2401 749 Scho-

259 773 447 832 lastici
479 771 732 853 theologi
757 784 1138 855 exceperunt.
1164 775 1239 833 Hi
1269 775 1488 855 pariter
1521 775 1834 858 dupliciter
1867 780 2114 861 spectari
2144 781 2362 844 debent
2380 830 2395 859 ,

260 881 392 928 tum
429 868 644 928 scilicet
684 869 771 927 uti
809 869 1165 929 Traditionis
1203 881 1383 930 testes
1415 882 1473 930 et
1523 872 1789 933 traduces
1812 919 1828 948 ‚
1871 886 2048 957 atque
2084 877 2168 934 uti
2200 876 2399 937 docto-

259 987 390 1038 reS‚
441 965 542 1047 qui
590 976 888 1047 acceptam
927 964 1001 1024 ab
1059 966 1409 1048 antiquitate
1450 967 1783 1027 doctrinam
1826 980 1884 1029 et
1920 983 2298 1052 propugnant
2343 984 2402 1031 et

259 1059 579 1119 illustrant.
609 1061 722 1134 Qui
751 1062 1014 1143 primum
1056 1062 1346 1122 invexisse
1381 1064 1731 1123 methodum
1777 1065 2177 1128 scholasticam
2203 1068 2400 1149 perhi-

259 1155 479 1216 bentur
498 1203 514 1233 ,
556 1157 614 1217 S.
648 1158 823 1217 Joan.
846 1160 1238 1218 Damascenus
1268 1160 1425 1219 inter
1442 1162 1669 1219 Graecos
1690 1206 1705 1234 ,
1734 1173 1793 1221 et
1829 1164 1886 1220 S.
1913 1161 2220 1222 Anselmus
2245 1165 2400 1223 Can-

260 1253 575 1312 tuariensis
627 1254 782 1313 inter
836 1254 1070 1313 Latinos
1103 1280 1120 1328 .·‚
1186 1277 1316 1314 eam
1372 1255 1588 1316 deinde
1646 1256 2036 1317 excoluerunt
2098 1270 2275 1341 atque
2328 1260 2401 1320 ad

259 1348 682 1431 perfectionem
715 1348 1092 1409 adduxerunt
1130 1352 1507 1434 potissimum
1542 1354 1816 1433 Magister
1843 1354 2274 1414 sententiarum
2302 1378 2403 1416 seu

260 1445 468 1505 Petrus
492 1444 855 1506 Lombardus
878 1493 894 1521 .‚
942 1447 1002 1506 S.
1028 1447 1280 1506 Thomas
1307 1449 1563 1529 Aquinas
1599 1470 1664 1508 ac
1682 1450 1742 1509 S.
1773 1451 2184 1511 Bonaventura
2206 1496 2221 1524 ‚
2258 1450 2406 1534 quos

256 1541 533 1626 deinceps
560 1543 858 1603 innumeri
893 1566 1045 1625 pene
1083 1543 1377 1604 subsecuti
1416 1557 1555 1603 sunt
1581 1545 1696 1626 (l).

341 1638 483 1699 457.
532 1641 651 1700 Nos
687 1639 798 1700 sub
833 1640 1015 1722 priori
1058 1639 1336 1722 adspectu
1367 1640 1462 1699 hic
1493 1640 1861 1701 scholasticos
1903 1653 2268 1725 spectanteS.,
2303 1664 2406 1705 eos

258 1735 454 1815 magni
494 1734 789 1795 faciendos
839 1736 1242 1795 existimamus
1268 1781 1283 1809 a
1345 1737 1673 1818 praesertim
1711 1758 1785 1797 ex
1823 1759 1892 1797 eo
1942 1739 2100 1820 quod
2141 1739 2400 1800 Ecclesiae

258 1830 588 1892 doctrinam
639 1831 715 1891 ad
747 1831 1022 1914 quaedam
1041 1834 1238 1913 'capita
1281 1832 1616 1915 redegerint
1644 1880 1660 1909 ,
1704 1855 1770 1893 ac
1810 1834 2074 1895 formulis
2114 1834 2397 1896 determi-

258 1927 482 1987 narint.
525 1926 781 1989 Evidens
819 1951 999 2011 porro
1039 1940 1163 2003 est,
1206 1929 1362 2011 ipsos
1398 1951 1532 1989 cum
1577 1929 1864 2010 ejusmodi
1899 1930 2175 1991 doctrinae
2209 1932 2396 2014 capita

258 2023 600 2104 collegerint
637 2046 703 2085 ac
737 2025 1004 2084 formulis
1051 2024 1505 2085 determinarint
1526 2072 1541 2102 ,
1582 2039 1807 2087 secutos
1841 2047 1964 2086 esse
2006 2022 2311 2109 receptam¹
2330 2027 2396 2086 in

258 2120 509 2180 Ecclesia
558 2120 890 2181 doctrinam
930 2133 992 2182 et
1031 2120 1474 2197 Traditionem⁷
1516 2145 1637 2181 non
1687 2135 1888 2183 autem
1927 2144 1998 2181 ex
2037 2121 2277 2181 arbitrio
2314 2122 2395 2182 ita

258 2238 320 2277 se
334 2218 596 2300 gessisse.
614 2218 863 2292 Quando
885 2229 1198 2301 propterea
1218 2217 1568 2293 docuerunt,
1594 2240 1687 2279 ex.
1709 2242 1794 2299 gr.
1822 2231 2038 2298 septem
2057 2239 2179 2277 esse
2202 2217 2398 2278 Eccle-

258 2313 356 2373 siae
384 2315 758 2373 Sacramenta
777 2358 794 2390 ,
826 2317 951 2373 tria
978 2335 1052 2373 ex
1082 2313 1174 2372 his
1201 2314 1542 2396 imprimere
1570 2314 1994 2389 characterem7
2024 2314 2237 2373 Christi
2259 2335 2398 2373 cor-

256 2431 369 2493 pus
390 2431 515 2471 esse
531 2413 782 2471 realiter
800 2431 867 2470 ac
890 2412 1381 2483 substantialiter
1392 2431 1651 2493 praesens
1671 2412 1734 2470 in
1762 2411 2114 2469 Eucharistia
2131 2455 2147 2487 ‚
2163 2410 2399 2491 quando
2429 2431 2431 2433 ·

258 2508 1002 2568 transsubstantiationem
1031 2518 1317 2568 vocarunt
1347 2507 1593 2566 modum
1611 2553 1627 2583 ,
1659 2530 1775 2590 quo
1806 2499 2068 2567 Christus
2084 2508 2147 2565 in
2173 2506 2399 2566 Eucha-

259 2602 422 2662 ristia
467 2624 725 2686 praesens
766 2605 871 2679 fit,
914 2603 1144 2687 aliaque
1178 2602 1241 2663 id
1285 2625 1467 2684 genus
1504 2603 1690 2663 multa
1720 2604 1868 2663 miro
1910 2603 2084 2686 plane
2113 2624 2396 2663 consensu

259 2699 636 2760 tradiderunt
655 2746 670 2776 ,
700 2699 946 2760 dubium
977 2721 1099 2760 esse
1131 2721 1255 2759 non
1291 2711 1519 2782 potest,
1547 2702 1690 2782 quin
1725 2722 1795 2760 ea
1833 2723 1864 2759 a
1896 2699 2211 2780 majoribus
2235 2719 2402 2758 acce·

257 2796 495 2877 perint3
537 2817 790 2879 cumque
823 2796 1167 2878 suffragium
1207 2797 1391 2878 ipsius
1431 2795 1681 2855 tulerint
1709 2796 1969 2856 Ecclesiae
1990 2842 2006 2871 ,
2036 2806 2198 2878 patet
2225 2809 2248 2870 ,“
2267 2795 2398 2858 ine-

259 2889 601 2952 luctabilem
630 2914 756 2953 esse
805 2891 914 2952 hac
949 2892 1011 2950 in
1046 2902 1214 2974 parte
1240 2891 1479 2951 illorum
1509 2893 1940 2950 auctoritatem.
1977 2893 2167 2964 Quare
2201 2889 2401 2970 inique

260 3009 497 3069 prorsus
528 3010 590 3049 se
617 3000 831 3071 gerunt
859 2992 1260 3073 Protestantes
1282 3033 1298 3064 7
1337 2987 1439 3070 qui
1466 3032 1482 3062 .,
1528 2991 1663 3045 cum
1699 2987 1805 3046 has
1831 2986 2107 3046 formulas
2132 2985 2401 3066 hancque

263 3082 822 3146 determinationem
852 3086 915 3145 in
948 3086 1175 3145 Sanctis
1215 3081 1643 3166 antiquioribus
1672 3082 1839 3163 „haud
1865 3082 2164 3164 reperiant
2182 3126 2198 3156 ,
2238 3102 2401 3140 com·
2429 3081 2437 3090 '

262 3192 463 3239 menta
491 3181 831 3242 scholastica
859 3180 1200 3241 inclamant.
1232 3181 1307 3239 Hi
1341 3202 1464 3240 non
1488 3179 1625 3239 satis
1648 3178 1804 3238 inter
1845 3180 2216 3239 enunciatam
2247 3177 2400 3238 veri-

264 3286 447 3334 tatem
489 3275 862 3358 distinguunt
902 3289 960 3338 et
997 3259 1428 3338 enunciationis
1451 3277 1740 3352 formam3
1765 3274 1886 3334 haec
1908 3274 2199 3356 siquidem
2224 3272 2401 3331 scho—

263 3371 477 3430 lasticis
513 3373 827 3434 tribuenda
854 3386 943 3436 est
963 3419 979 3449 ,
1019 3373 1231 3435 veritas
1275 3384 1478 3434 autem
1502 3371 1842 3454 antiquitati
1875 3383 1936 3432 et
1968 3370 2312 3431 Traditioni.

337 3593 408 3658 (l)
447 3592 548 3643 Cfr.
574 3591 762 3654 Kilber,
795 3613 872 3661 op.
895 3598 974 3644 cit.
1000 3595 1177 3661 disput.
1198 3612 1251 3643 ιιι
1274 3633 1288 3656 ,
1379 3616 1426 3657 02
1452 3607 1672 3655 niumm,

265 3695 364 3743 cap.
401 3694 427 3726 2
452 3717 463 3739 ‚
504 3688 586 3727 art.
630 3695 644 3725 1
678 3716 690 3738 ‚
731 3676 795 3726 De
830 3679 1072 3744 theoloqiae
1100 3681 1297 3729 notione
