2502 4134
444 173 606 209 mar.
654 174 719 210 11.
769 172 891 209 car.
945 174 983 210 1.
1027 175 1096 212 nc
1139 173 1295 214 saca.
1345 176 1490 214 una.
1539 177 1671 214 cm.
1720 178 1787 214 nr
1832 177 2071 217 Aucron.
2213 154 2289 215 35

179 316 353 374 tacito
382 313 476 374 vel
504 334 776 394 expresso
796 314 1173 376 Ecclesiarum
1205 328 1492 376 consensu
1521 329 1582 377 et
1612 341 1721 378 usu
1751 321 1838 380 uti
1874 320 2060 384 divini
2091 342 2162 381 ex
2192 344 2292 381 an·

177 412 337 491 tiqua
377 408 692 468 traditione
737 409 1129 470 habebantur.
1177 413 1398 472 Dicitur
1443 413 1604 471 enim
1649 414 1709 471 in
1754 415 1931 476 Cone.
1982 416 2290 497 Carthagi-

177 506 364 565 niensi
413 506 519 577 VI,
562 525 719 563 anno
756 504 874 565 409
911 506 1198 567 celebrato
1242 530 1256 566 :
1299 508 1459 588 Quia
1497 528 1538 566 a
1578 508 1878 569 Patribus
1915 517 2034 569 ista
2058 517 2292 590 accepi-

177 623 315 660 mus
355 606 424 658 in
459 600 732 662 Ecclesia
778 603 1017 681 leyenda
1062 604 1181 682 (1);
1223 613 1282 662 et
1324 614 1524 664 tamen
1565 601 1842 661 dicuntur
1885 604 2018 664 libri
2061 609 2291 677 divini,

177 698 484 777 Scripturae
530 702 835 754 canonicoe
858 717 878 763 ;
930 719 1042 778 qua
1099 698 1217 758 sola
1266 697 1774 766 animadversione
1825 709 2014 757 totum
2057 708 2291 761 aereum

178 791 639 851 adversariorum
685 791 991 850 aedificium
1033 792 1106 852 de
1148 793 1523 852 distinctione
1559 792 1714 852 inter
1758 791 1938 851 libros
1979 803 2295 857 canonicos

178 897 238 946 et
283 888 694 944 ecclesiasticos
739 885 913 965 plane
940 885 1361 948 -labeflactatun
1414 890 1549 967 Ruit
1593 888 1833 968 insuper
1880 889 2092 963 simul,
2138 892 2295 971 quod

178 980 445 1058 adjicitur
480 980 552 1038 de
589 980 952 1060 oppositione
1003 981 1251 1041 ecclesiae
1304 982 1588 1042 Africanae
1634 993 1838 1044 contra
1882 985 2294 1045 auctoritatem

181 1074 475 1135 orientalis
501 1071 764 1133 Ecclesiae
787 1084 847 1149 et
874 1074 933 1130 S.
961 1074 1338 1153 Hieronymi3
1377 1072 1452 1132 de
1484 1074 1831 1156 deceptione
1864 1078 1924 1137 S.
1963 1080 2293 1158 Augustini,

182 1167 521 1229 Tertulliani
560 1188 642 1226 ac·
675 1164 982 1246 Cypriani,
1020 1167 1254 1228 addere·
1280 1179 1558 1250 poterant
1591 1181 1654 1230 et
1694 1170 1942 1232 aliorum
1984 1175 2249 1237 omnium
2274 1223 2291 1251 ,

181 1285 324 1344 quos
350 1282 561 1340 magno
587 1282 835 1320 numero
868 1262 1048 1344 paulo
1070 1274 1208 1323 ante
1234 1265 1628 1326 recensuimus
1650 1310 1667 1339 ,
1706 1288 1822 1325 una
1855 1288 1988 1347 cum
2018 1270 2295 1332 pontifice

178 1357 516 1416 Innocentio
558 1357 620 1427 1,
671 1358 770 1438 qui
819 1356 1094 1418 eumdeu'i
1139 1380 1426 1418 canonem
1472 1359 1715 1420 tradidit
1752 1363 2070 1444 Exsuperio
2124 1366 2183 1427 T
2177 1370 2296 1426 olo-

171 1473 319 1511 sano
361 1450 485 1532 (2),
531 1461 603 1512 et.
635 1452 958 1528 Bonifacio,
1003 1455 1106 1534 qui
1144 1455 1468 1514 africanum
1515 1476 1799 1516 canonem
1845 1457 2156 1539 probavitg
2202 1462 2296 1521 isti

178 1568 351 1628 porro
384 1568 589 1605 omnes
624 1546 854 1628 decepti
886 1551 1137 1629 turpiter
1174 1562 1314 1610 sunt
1351 1558 1634 1632 tanquam
1674 1551 1918 1612 totidem
1953 1554 2183 1631 stolidi,
2221 1579 2296 1617 ne

179 1641 447 1702 dicantur
483 1641 710 1723 decepti
748 1643 1038 1724 sapientes
1067 1655 1132 1703 et
1166 1646 1318 1704 acuti
1353 1645 1612 1705 haeretici
1647 1648 1831 1707 nostri
1861 1647 1975 1727 (3).

258 1737 360 1795 49.
409 1736 500 1796 Ad
536 1738 642 1811 9¹1¹,
670 1737 820 1818 Neq.
859 1738 1161 1821 Siquidem
1186 1742 1246 1799 S.
1290 1742 1677 1820 Augustinus,
1718 1763 1851 1801 cum
1888 1744 2105 1804 fatetur
2145 1746 2295 1805 solos

180 1833 682 1913 proto-canonicos
706 1835 767 1891 in
794 1855 1018 1895 canone
1042 1835 1420 1896 Hebraeorum
1443 1837 1728 1912 extitisse,
1755 1838 1913 1897 idem
1939 1838 2108 1913 dixit,
2134 1841 2294 1922 quod

76 1966 78 1968 -
179 1926 276 1992 aiii
307 1948 509 1987 omues
543 1939 679 1987 ante
708 1929 901 2011 ipsum
931 1935 1057 2012 jam
1088 1931 1409 2005 dixerant,
1435 1932 1756 2013 eademque
1799 1935 2023 1994 ratione
2047 1979 2062 2010 ,
2103 1956 2169 2009 ac
2207 1935 2297 1995 illi

181 2043 242 2082 se
278 2035 608 2102 gesserant,
649 2046 709 2083 se
753 2026 971 2106 pariter
1007 2027 1183 2105 gessit
1218 2026 1422 2108 quoad*
1444 2027 1585 2087 alios
1619 2027 1797 2087 libros
1834 2030 1897 2086 in
1937 2029 2036 2088 iilo
2072 2051 2297 2091 canone

183 2137 302 2175 non
345 2129 669 2180 contentos.
714 2121 974 2181 Falsum
1006 2133 1099 2180 est
1125 2167 1141 2196 ,
1177 2124 1241 2180 S.
1287 2125 1670 2201 Augustinum
1704 2125 1767 2185 in
1795 2123 1946 2184 libro
1969 2126 2295 2185 Retraota-

184 2213 455 2283 tionum,
491 2235 760 2273 excusare
803 2237 863 2275 se
885 2260 902 2289 ,
952 2216 1109 2297 quod
1144 2228 1427 2298 tanquam
1465 2219 1816 2297 prophetam
1860 2241 1961 2278 seu
1996 2231 2296 2281 auctorem

185 2308 555 2382 inspiratum
587 2312 967 2369 recensuisset
1006 2323 1299 2371 auctorem
1336 2312 1752 2386 Ecclesiastici3
1798 2313 1902 2375 sed
1937 2336 2073 2373 eum
2107 2316 2294 2378 solum

181 2396 480 2475 abjudicat
533 2401 867 2478 Salomoni,
918 2405 1015 2463 cui
1064 2416 1190 2463 tum
1253 2406 1610 2485 Sapientiam
1662 2419 1789 2467 ,tum
1845 2409 2297 2471 Ecclesiasticum

137 2554 149 2575 .
182 2490 466 2553 tribuerat
504 2495 613 2575 (4).
750 2503 753 2504 ⁷

262 2586 363 2647 50.
415 2588 501 2648 Ad
536 2590 678 2661 lom,
713 2592 862 2670 Neq.
902 2592 1052 2651 hanc
1086 2592 1442 2667 illationem,
1483 2606 1684 2677 utpote
1714 2618 1784 2656 ex
1814 2598 1956 2657 falso
1989 2603 2293 2682 supposito

254 2818 318 2880 (l)
345 2817 481 2885 Apud
494 2819 720 2870 Harduin.
733 2821 858 2871 Acta
874 2821 1017 2872 Conc.
1030 2834 1140 2872 tom.
1156 2828 1194 2884 i,
1277 2826 1451 2891 placet,
1471 2830 1552 2876 etsi
1569 2831 1799 2894 conspiret
1812 2833 2022 2880 universa
2040 2835 2291 2897 antiquitas
2348 2876 2350 2878 .

178 2900 274 2950 col.
301 2898 430 2967 968,
464 2903 544 2951 ubi
567 2904 658 2953 cfr.
692 2905 850 2954 adnot.
881 2905 1110 2954 Harduini
1138 2906 1193 2955 ad
1277 2913 1327 2957 in
1345 2927 1398 2958 eo
1411 2909 1687 2960 stabiliendo
1708 2949 1720 2971 ‚
1754 2915 1944 2961 omnino
1964 2926 2209 2979 respuunt3
2233 2919 2294 2965 si-

185 2999 289 3030 can.
321 3000 437 3031 nvn
469 2983 663 3033 Concilii
687 3003 739 3034 111
770 2987 1159 3052 Carthaginensis.
1279 2993 1469 3058 quidem
1499 2996 1584 3058 ipsi
1609 3005 1716 3043 sunt
1741 2995 1918 3060 judices
1943 3000 2161 3060 supremi.

254 3066 323 3129 (2)
361 3065 468 3115 Dixi
494 3085 507 3114 :
530 3067 778 3132 Exsuperio
801 3067 845 3116 T
840 3069 1060 3128 olosano;
1086 3088 1196 3118 nam
1344 3075 1412 3136 (14)
1450 3075 1520 3122 En
1549 3074 1648 3139 ejus
1675 3077 1810 3125 verba
1841 3094 1893 3125 ex
1922 3078 2002 3126 lib.
2025 3095 2058 3126 11
2082 3079 2290 3131 Reno-aot.

184 3150 390 3217 eruditus
422 3150 708 3200 adversarius
744 3152 1046 3218 Exsuperium
1083 3155 1200 3202 dicit
1280 3172 1379 3220 cap.
1412 3154 1446 3219 4
1464 3193 1477 3215 ,
1505 3175 1557 3205 n.
1586 3174 1614 3204 2
1639 3174 1653 3204 ε
1680 3157 1760 3205 De
1773 3167 1968 3207 auctore
1989 3159 2129 3230 libri,
2153 3179 2293 3227 quem

185 3226 466 3296 Episcopum
526 3230 570 3281 T
568 3232 809 3282 oletanum
830 3270 847 3297 ,
908 3236 1079 3299 evaque
1143 3235 1200 3282 de
1274 3236 1439 3302 pluras
1466 3247 1638 3287 vocant
1663 3236 1965 3304 Scripturam
1988 3238 2290 3300 Salomonis,

202 3308 371 3361 Tuledo
392 3312 416 3374 r(
433 3331 538 3379 pag.
571 3312 636 3364 28
653 3317 688 3379 ).
1279 3321 1407 3384 quod
1419 3323 1562 3368 etiam
1577 3323 1739 3386 ipsum
1755 3323 1880 3370 sicut
1895 3323 1945 3372 E
1946 3322 2294 3374 eclesiasticum

258 3391 323 3455 β)
362 3392 552 3461 Semper
596 3400 712 3448 mira
764 3408 832 3450 est
879 3399 1200 3449 haereticormn
1280 3400 1423 3448 Jews
1449 3397 1629 3449 Sirach
1656 3404 1934 3467 scripserit,
1968 3407 2158 3454 nonita
2179 3423 2293 3454 con-

190 3472 353 3535 agendi
380 3479 524 3540 moio3
550 3481 590 3527 ei
609 3478 734 3529 enim
755 3480 933 3546 aliquid
950 3479 1068 3547 ‘ipsis
1086 3485 1199 3530 arri·
1275 3490 1433 3544 dare,
1469 3485 1598 3530 sicut
1622 3499 1654 3531 a
1689 3500 1762 3532 mc
1789 3484 1977 3533 dictum
2006 3495 2102 3546 est,
2132 3496 2295 3551 postea

191 3552 298 3613 det,
321 3555 449 3605 nullo
473 3558 576 3609 licet
602 3567 688 3609 aut
715 3573 968 3627 paucorum
994 3567 1197 3613 testimo·
1275 3565 1457 3624 didici,
1475 3573 1521 3614 ct
1536 3566 1733 3614 omniuo
1739 3566 2047 3632 probabilius
2057 3571 2288 3633 comperi,

191 3634 270 3681 nio
299 3635 476 3697 innixi,
509 3638 624 3689 illud
652 3641 1020 3708 amplectuntur3
1048 3648 1197 3694 sinon
1278 3663 1378 3698 non
1409 3665 1507 3698 esne
1532 3648 1664 3698 huuc
1690 3651 1795 3715 ejus
1824 3648 1939 3699 libzi
1967 3655 2221 3702 auctorem.

1984 3728 2044 3791 3.
