<?xml version="1.0" encoding="UTF-8"?>
<!DOCTYPE html PUBLIC "-//W3C//DTD XHTML 1.0 Transitional//EN"
    "http://www.w3.org/TR/xhtml1/DTD/xhtml1-transitional.dtd">
<html xmlns="http://www.w3.org/1999/xhtml" xml:lang="en" lang="en">
 <head>
  <title>
</title>
<meta http-equiv="Content-Type" content="text/html;charset=utf-8" />
  <meta name='ocr-system' content='tesseract 3.04.00' />
  <meta name='ocr-capabilities' content='ocr_page ocr_carea ocr_par ocr_line ocrx_word'/>
</head>
<body>
  <div class='ocr_page' id='page_1' title='image "a603693809perruoft_0554.png"; bbox 0 0 2502 4134; ppageno 0'>
   <div class='ocr_carea' id='block_1_1' title="bbox 298 160 416 219">
    <p class='ocr_par' dir='ltr' id='par_1_1' title="bbox 298 160 416 219">
     <span class='ocr_line' id='line_1_1' title="bbox 298 160 416 219; baseline 0.008 -1"><span class='ocrx_word' id='word_1_1' title='bbox 298 160 416 219; x_wconf 74' lang='lat'>546</span> 
     </span>
    </p>
   </div>
   <div class='ocr_carea' id='block_1_2' title="bbox 894 178 1811 224">
    <p class='ocr_par' dir='ltr' id='par_1_2' title="bbox 894 178 1811 224">
     <span class='ocr_line' id='line_1_2' title="bbox 894 178 1811 224; baseline 0.009 -8"><span class='ocrx_word' id='word_1_2' title='bbox 894 179 1092 222; x_wconf 64' lang='lat' dir='ltr'>TRAGT.</span> <span class='ocrx_word' id='word_1_3' title='bbox 1138 180 1206 216; x_wconf 81' lang='lat' dir='ltr'>DB</span> <span class='ocrx_word' id='word_1_4' title='bbox 1238 180 1390 219; x_wconf 73' lang='lat' dir='ltr'>Locls</span> <span class='ocrx_word' id='word_1_5' title='bbox 1434 178 1811 224; x_wconf 70' lang='lat' dir='ltr'>‘ruzotoclcls-</span> 
     </span>
    </p>
   </div>
   <div class='ocr_carea' id='block_1_3' title="bbox 284 318 2448 694">
    <p class='ocr_par' dir='ltr' id='par_1_3' title="bbox 284 318 2448 694">
     <span class='ocr_line' id='line_1_3' title="bbox 297 318 2448 415; baseline 0.004 -30"><span class='ocrx_word' id='word_1_6' title='bbox 297 326 458 408; x_wconf 90' lang='lat' dir='ltr'>cipiis</span> <span class='ocrx_word' id='word_1_7' title='bbox 487 321 784 399; x_wconf 75' lang='lat' dir='ltr'><strong>excludit,</strong></span> <span class='ocrx_word' id='word_1_8' title='bbox 817 318 1172 406; x_wconf 80' lang='lat' dir='ltr'>plenamque</span> <span class='ocrx_word' id='word_1_9' title='bbox 1210 322 1558 384; x_wconf 89' lang='lat' dir='ltr'>eorumdem</span> <span class='ocrx_word' id='word_1_10' title='bbox 1597 318 2004 406; x_wconf 76' lang='lat' dir='ltr'>Mysteriorum</span> <span class='ocrx_word' id='word_1_11' title='bbox 2046 333 2448 415; x_wconf 42' lang='lat' dir='ltr'>comprehenffi</span> 
     </span>
     <span class='ocr_line' id='line_1_4' title="bbox 298 418 2427 507; baseline 0.002 -26"><span class='ocrx_word' id='word_1_12' title='bbox 298 422 522 481; x_wconf 90' lang='lat' dir='ltr'>sionem</span> <span class='ocrx_word' id='word_1_13' title='bbox 543 442 560 497; x_wconf 82' lang='lat'><em>3</em></span> <span class='ocrx_word' id='word_1_14' title='bbox 584 440 714 501; x_wconf 88' lang='lat' dir='ltr'>quae</span> <span class='ocrx_word' id='word_1_15' title='bbox 741 418 982 501; x_wconf 90' lang='lat' dir='ltr'>quidem</span> <span class='ocrx_word' id='word_1_16' title='bbox 1007 420 1309 480; x_wconf 86' lang='lat' dir='ltr'>verissime</span> <span class='ocrx_word' id='word_1_17' title='bbox 1336 420 1542 479; x_wconf 87' lang='lat' dir='ltr'>statuit</span> <span class='ocrx_word' id='word_1_18' title='bbox 1562 465 1579 494; x_wconf 40' lang='grc' dir='ltr'>ἦ</span> <span class='ocrx_word' id='word_1_19' title='bbox 1611 441 1747 479; x_wconf 92' lang='lat' dir='ltr'>cum</span> <span class='ocrx_word' id='word_1_20' title='bbox 1792 431 2105 507; x_wconf 86' lang='lat' dir='ltr'>utrumque</span> <span class='ocrx_word' id='word_1_21' title='bbox 2140 427 2427 488; x_wconf 90' lang='lat' dir='ltr'>absonum</span> 
     </span>
     <span class='ocr_line' id='line_1_5' title="bbox 284 514 2427 598; baseline 0.003 -22"><span class='ocrx_word' id='word_1_22' title='bbox 284 515 538 593; x_wconf 56' lang='lat' dir='ltr'>‚omnino</span> <span class='ocrx_word' id='word_1_23' title='bbox 583 515 677 575; x_wconf 89' lang='lat' dir='ltr'>sit.</span> <span class='ocrx_word' id='word_1_24' title='bbox 724 515 798 575; x_wconf 91' lang='lat' dir='ltr'>At</span> <span class='ocrx_word' id='word_1_25' title='bbox 836 516 1106 598; x_wconf 81' lang='lat' dir='ltr'>nuspiam</span> <span class='ocrx_word' id='word_1_26' title='bbox 1146 514 1311 575; x_wconf 89' lang='lat' dir='ltr'>illam</span> <span class='ocrx_word' id='word_1_27' title='bbox 1348 515 1607 576; x_wconf 83' lang='lat' dir='ltr'>excludit</span> <span class='ocrx_word' id='word_1_28' title='bbox 1643 516 2095 598; x_wconf 78' lang='lat' dir='ltr'>intelligentiam</span> <span class='ocrx_word' id='word_1_29' title='bbox 2127 543 2194 584; x_wconf 89' lang='lat' dir='ltr'>ac</span> <span class='ocrx_word' id='word_1_30' title='bbox 2233 524 2427 583; x_wconf 90' lang='lat' dir='ltr'>scien-</span> 
     </span>
     <span class='ocr_line' id='line_1_6' title="bbox 298 610 2427 694; baseline 0.004 -24"><span class='ocrx_word' id='word_1_31' title='bbox 298 612 511 671; x_wconf 89' lang='lat' dir='ltr'>tificam</span> <span class='ocrx_word' id='word_1_32' title='bbox 539 610 971 692; x_wconf 75' lang='lat' dir='ltr'>cognitionem,</span> <span class='ocrx_word' id='word_1_33' title='bbox 1001 634 1178 694; x_wconf 87' lang='lat' dir='ltr'>quam</span> <span class='ocrx_word' id='word_1_34' title='bbox 1210 634 1316 671; x_wconf 89' lang='lat' dir='ltr'>nos</span> <span class='ocrx_word' id='word_1_35' title='bbox 1350 611 1744 688; x_wconf 73' lang='lat' dir='ltr'>adstruimuse,</span> <span class='ocrx_word' id='word_1_36' title='bbox 1781 614 1901 674; x_wconf 92' lang='lat' dir='ltr'>imo</span> <span class='ocrx_word' id='word_1_37' title='bbox 1923 636 2045 674; x_wconf 91' lang='lat' dir='ltr'>non</span> <span class='ocrx_word' id='word_1_38' title='bbox 2075 637 2193 677; x_wconf 89' lang='lat' dir='ltr'>uno</span> <span class='ocrx_word' id='word_1_39' title='bbox 2216 618 2279 678; x_wconf 91' lang='lat' dir='ltr'>in</span> <span class='ocrx_word' id='word_1_40' title='bbox 2301 619 2427 679; x_wconf 92' lang='lat' dir='ltr'>loco</span> 
     </span>
    </p>
   </div>
   <div class='ocr_carea' id='block_1_4' title="bbox 296 708 1256 791">
    <p class='ocr_par' dir='ltr' id='par_1_4' title="bbox 296 708 1256 791">
     <span class='ocr_line' id='line_1_7' title="bbox 296 708 1256 791; baseline 0.002 -25"><span class='ocrx_word' id='word_1_41' title='bbox 296 708 655 768; x_wconf 86' lang='lat' dir='ltr'>contrarium</span> <span class='ocrx_word' id='word_1_42' title='bbox 698 719 901 791; x_wconf 85' lang='lat' dir='ltr'>aperte</span> <span class='ocrx_word' id='word_1_43' title='bbox 929 708 1101 768; x_wconf 87' lang='lat' dir='ltr'>docet</span> <span class='ocrx_word' id='word_1_44' title='bbox 1143 709 1256 790; x_wconf 91' lang='lat'>(1).</span> 
     </span>
    </p>
   </div>
   <div class='ocr_carea' id='block_1_5' title="bbox 1113 860 1645 958">
    <p class='ocr_par' dir='ltr' id='par_1_5' title="bbox 1113 860 1645 958">
     <span class='ocr_line' id='line_1_8' title="bbox 1113 860 1645 958; baseline 0 -1"><span class='ocrx_word' id='word_1_45' title='bbox 1113 903 1500 958; x_wconf 86' lang='lat' dir='ltr'><strong>ARTICULUS</strong></span> <span class='ocrx_word' id='word_1_46' title='bbox 1542 905 1614 958; x_wconf 91' lang='grc' dir='ltr'>ΙΙ.</span> <span class='ocrx_word' id='word_1_47' title='bbox 1641 860 1645 862; x_wconf 95' lang='lat'>·</span> 
     </span>
    </p>
   </div>
   <div class='ocr_carea' id='block_1_6' title="bbox 847 1048 1887 1128">
    <p class='ocr_par' dir='ltr' id='par_1_6' title="bbox 847 1048 1887 1128">
     <span class='ocr_line' id='line_1_9' title="bbox 847 1048 1887 1128; baseline 0.002 -22"><span class='ocrx_word' id='word_1_48' title='bbox 847 1048 939 1106; x_wconf 83' lang='lat' dir='ltr'>De</span> <span class='ocrx_word' id='word_1_49' title='bbox 980 1048 1182 1106; x_wconf 77' lang='lat' dir='ltr'>abusu</span> <span class='ocrx_word' id='word_1_50' title='bbox 1226 1051 1483 1108; x_wconf 73' lang='lat' dir='ltr'>rationis</span> <span class='ocrx_word' id='word_1_51' title='bbox 1511 1060 1646 1128; x_wconf 76' lang='lat' dir='ltr'>post</span> <span class='ocrx_word' id='word_1_52' title='bbox 1689 1050 1887 1128; x_wconf 80' lang='lat' dir='ltr'>fidem.</span> 
     </span>
    </p>
   </div>
   <div class='ocr_carea' id='block_1_7' title="bbox 288 1233 2434 1899">
    <p class='ocr_par' dir='ltr' id='par_1_7' title="bbox 288 1233 2434 1899">
     <span class='ocr_line' id='line_1_10' title="bbox 374 1233 2431 1323; baseline 0.003 -27"><span class='ocrx_word' id='word_1_53' title='bbox 374 1236 517 1297; x_wconf 86' lang='lat'><strong>305.</strong></span> <span class='ocrx_word' id='word_1_54' title='bbox 566 1237 826 1297; x_wconf 86' lang='lat' dir='ltr'>Rationis</span> <span class='ocrx_word' id='word_1_55' title='bbox 868 1246 1002 1318; x_wconf 87' lang='lat' dir='ltr'>post</span> <span class='ocrx_word' id='word_1_56' title='bbox 1029 1233 1210 1296; x_wconf 85' lang='lat' dir='ltr'>fidem</span> <span class='ocrx_word' id='word_1_57' title='bbox 1250 1234 1498 1309; x_wconf 87' lang='lat' dir='ltr'>abusum</span> <span class='ocrx_word' id='word_1_58' title='bbox 1541 1257 1818 1298; x_wconf 85' lang='lat' dir='ltr'>vocamus</span> <span class='ocrx_word' id='word_1_59' title='bbox 1854 1235 2019 1297; x_wconf 83' lang='lat' dir='ltr'>illam</span> <span class='ocrx_word' id='word_1_60' title='bbox 2055 1238 2264 1319; x_wconf 81' lang='lat' dir='ltr'>agendi</span> <span class='ocrx_word' id='word_1_61' title='bbox 2291 1262 2431 1323; x_wconf 87' lang='lat' dir='ltr'>per-</span> 
     </span>
     <span class='ocr_line' id='line_1_11' title="bbox 293 1330 2434 1415; baseline 0.001 -21"><span class='ocrx_word' id='word_1_62' title='bbox 293 1335 674 1409; x_wconf 66' lang='lat' dir='ltr'>versitatem7·</span> <span class='ocrx_word' id='word_1_63' title='bbox 712 1354 825 1415; x_wconf 91' lang='lat' dir='ltr'>qua</span> <span class='ocrx_word' id='word_1_64' title='bbox 872 1332 1003 1415; x_wconf 89' lang='lat' dir='ltr'>quis</span> <span class='ocrx_word' id='word_1_65' title='bbox 1032 1330 1376 1407; x_wconf 68' lang='lat' dir='ltr'>contendit,</span> <span class='ocrx_word' id='word_1_66' title='bbox 1413 1354 1536 1391; x_wconf 90' lang='lat' dir='ltr'>non</span> <span class='ocrx_word' id='word_1_67' title='bbox 1564 1333 1858 1392; x_wconf 84' lang='lat' dir='ltr'>rationem</span> <span class='ocrx_word' id='word_1_68' title='bbox 1895 1332 2031 1394; x_wconf 88' lang='lat' dir='ltr'>fidei</span> <span class='ocrx_word' id='word_1_69' title='bbox 2072 1333 2147 1395; x_wconf 89' lang='lat' dir='ltr'>ab</span> <span class='ocrx_word' id='word_1_70' title='bbox 2187 1336 2434 1397; x_wconf 86' lang='lat' dir='ltr'>Ecclesia</span> 
     </span>
     <span class='ocr_line' id='line_1_12' title="bbox 291 1427 2429 1513; baseline 0.001 -25"><span class='ocrx_word' id='word_1_71' title='bbox 291 1442 576 1513; x_wconf 88' lang='lat' dir='ltr'>tanquam</span> <span class='ocrx_word' id='word_1_72' title='bbox 617 1427 910 1489; x_wconf 89' lang='lat' dir='ltr'>infallibili</span> <span class='ocrx_word' id='word_1_73' title='bbox 948 1429 1291 1488; x_wconf 86' lang='lat' dir='ltr'>auctoritate</span> <span class='ocrx_word' id='word_1_74' title='bbox 1345 1427 1590 1511; x_wconf 82' lang='lat' dir='ltr'>praedita</span> <span class='ocrx_word' id='word_1_75' title='bbox 1637 1428 1981 1510; x_wconf 65' lang='lat' dir='ltr'>propositae,</span> <span class='ocrx_word' id='word_1_76' title='bbox 2026 1430 2120 1489; x_wconf 76' lang='lat' dir='ltr'>&#39;uti</span> <span class='ocrx_word' id='word_1_77' title='bbox 2150 1453 2259 1513; x_wconf 86' lang='lat' dir='ltr'>par</span> <span class='ocrx_word' id='word_1_78' title='bbox 2299 1443 2429 1508; x_wconf 67' lang='lat' dir='ltr'>est,</span> 
     </span>
     <span class='ocr_line' id='line_1_13' title="bbox 292 1522 2431 1603; baseline 0 -17"><span class='ocrx_word' id='word_1_79' title='bbox 292 1547 416 1586; x_wconf 90' lang='lat' dir='ltr'>esse</span> <span class='ocrx_word' id='word_1_80' title='bbox 432 1523 855 1603; x_wconf 86' lang='lat' dir='ltr'>subjiciendam</span> <span class='ocrx_word' id='word_1_81' title='bbox 877 1550 893 1596; x_wconf 72' lang='grc' dir='ltr'><strong>ς</strong></span> <span class='ocrx_word' id='word_1_82' title='bbox 913 1524 1019 1584; x_wconf 88' lang='lat' dir='ltr'>sed</span> <span class='ocrx_word' id='word_1_83' title='bbox 1036 1523 1212 1583; x_wconf 88' lang='lat' dir='ltr'>fidem</span> <span class='ocrx_word' id='word_1_84' title='bbox 1237 1525 1587 1602; x_wconf 77' lang='lat' dir='ltr'>objectivam</span> <span class='ocrx_word' id='word_1_85' title='bbox 1605 1522 2030 1601; x_wconf 86' lang='lat' dir='ltr'>subjiciendam</span> <span class='ocrx_word' id='word_1_86' title='bbox 2052 1546 2177 1585; x_wconf 90' lang='lat' dir='ltr'>esse</span> <span class='ocrx_word' id='word_1_87' title='bbox 2190 1527 2431 1601; x_wconf 67' lang='lat' dir='ltr'>rationi,</span> 
     </span>
     <span class='ocr_line' id='line_1_14' title="bbox 288 1618 2430 1702; baseline 0.001 -23"><span class='ocrx_word' id='word_1_88' title='bbox 288 1623 368 1681; x_wconf 88' lang='lat' dir='ltr'>ita</span> <span class='ocrx_word' id='word_1_89' title='bbox 401 1634 466 1680; x_wconf 87' lang='lat' dir='ltr'>ut</span> <span class='ocrx_word' id='word_1_90' title='bbox 501 1622 649 1680; x_wconf 86' lang='lat' dir='ltr'>ratio</span> <span class='ocrx_word' id='word_1_91' title='bbox 694 1625 975 1702; x_wconf 83' lang='lat' dir='ltr'>cujusque</span> <span class='ocrx_word' id='word_1_92' title='bbox 1016 1618 1432 1694; x_wconf 78' lang='lat' dir='ltr'>individualis,</span> <span class='ocrx_word' id='word_1_93' title='bbox 1479 1640 1581 1678; x_wconf 89' lang='lat' dir='ltr'>seu</span> <span class='ocrx_word' id='word_1_94' title='bbox 1625 1619 1819 1699; x_wconf 88' lang='lat' dir='ltr'>potius</span> <span class='ocrx_word' id='word_1_95' title='bbox 1855 1623 2110 1697; x_wconf 76' lang='lat' dir='ltr'>spiritus</span> <span class='ocrx_word' id='word_1_96' title='bbox 2134 1627 2430 1701; x_wconf 75' lang='lat' dir='ltr'>privatus</span> 
     </span>
     <span class='ocr_line' id='line_1_15' title="bbox 295 1712 2431 1799; baseline 0 -23"><span class='ocrx_word' id='word_1_97' title='bbox 295 1718 370 1776; x_wconf 88' lang='lat' dir='ltr'>sit</span> <span class='ocrx_word' id='word_1_98' title='bbox 408 1739 615 1776; x_wconf 87' lang='lat' dir='ltr'>norma</span> <span class='ocrx_word' id='word_1_99' title='bbox 655 1717 961 1799; x_wconf 74' lang='lat' dir='ltr'>princep3‚</span> <span class='ocrx_word' id='word_1_100' title='bbox 1000 1714 1120 1774; x_wconf 91' lang='lat' dir='ltr'>imo</span> <span class='ocrx_word' id='word_1_101' title='bbox 1159 1715 1362 1790; x_wconf 84' lang='lat' dir='ltr'>unica,</span> <span class='ocrx_word' id='word_1_102' title='bbox 1406 1712 1815 1796; x_wconf 84' lang='lat' dir='ltr'>independens</span> <span class='ocrx_word' id='word_1_103' title='bbox 1851 1725 1912 1772; x_wconf 87' lang='lat' dir='ltr'>et</span> <span class='ocrx_word' id='word_1_104' title='bbox 1945 1713 2211 1774; x_wconf 91' lang='lat' dir='ltr'>absoluta</span> <span class='ocrx_word' id='word_1_105' title='bbox 2247 1717 2431 1798; x_wconf 86' lang='lat' dir='ltr'>ipsius</span> 
     </span>
     <span class='ocr_line' id='line_1_16' title="bbox 294 1807 2432 1899; baseline -0 -27"><span class='ocrx_word' id='word_1_106' title='bbox 294 1812 464 1887; x_wconf 70' lang='lat' dir='ltr'>fidei,</span> <span class='ocrx_word' id='word_1_107' title='bbox 507 1833 638 1894; x_wconf 83' lang='lat' dir='ltr'>quae</span> <span class='ocrx_word' id='word_1_108' title='bbox 686 1822 807 1870; x_wconf 90' lang='lat' dir='ltr'>tota</span> <span class='ocrx_word' id='word_1_109' title='bbox 853 1810 1102 1893; x_wconf 89' lang='lat' dir='ltr'>proinde</span> <span class='ocrx_word' id='word_1_110' title='bbox 1156 1811 1487 1889; x_wconf 75' lang='lat' dir='ltr'>subjectiva</span> <span class='ocrx_word' id='word_1_111' title='bbox 1538 1808 1809 1868; x_wconf 85' lang='lat' dir='ltr'>efficitur.</span> <span class='ocrx_word' id='word_1_112' title='bbox 1857 1807 2029 1899; x_wconf 25' lang='lat' dir='ltr'>‚Tales</span> <span class='ocrx_word' id='word_1_113' title='bbox 2082 1831 2259 1892; x_wconf 84' lang='lat' dir='ltr'>porro</span> <span class='ocrx_word' id='word_1_114' title='bbox 2293 1822 2432 1871; x_wconf 85' lang='lat' dir='ltr'>sunt</span> 
     </span>
    </p>
   </div>
   <div class='ocr_carea' id='block_1_8' title="bbox 281 2030 1321 3755">
    <p class='ocr_par' dir='ltr' id='par_1_8' title="bbox 281 2030 1321 3755">
     <span class='ocr_line' id='line_1_17' title="bbox 359 2030 1317 2098; baseline 0.001 -20"><span class='ocrx_word' id='word_1_115' title='bbox 359 2031 429 2097; x_wconf 85' lang='grc' dir='ltr'>(Ι)</span> <span class='ocrx_word' id='word_1_116' title='bbox 460 2031 628 2098; x_wconf 87' lang='lat' dir='ltr'>Reipsa</span> <span class='ocrx_word' id='word_1_117' title='bbox 666 2030 715 2080; x_wconf 89' lang='lat' dir='ltr'>S.</span> <span class='ocrx_word' id='word_1_118' title='bbox 760 2031 934 2079; x_wconf 83' lang='lat' dir='ltr'>Doctor</span> <span class='ocrx_word' id='word_1_119' title='bbox 970 2047 1020 2080; x_wconf 84' lang='lat'>2.</span> <span class='ocrx_word' id='word_1_120' title='bbox 1064 2047 1124 2088; x_wconf 73' lang='lat'>2,</span> <span class='ocrx_word' id='word_1_121' title='bbox 1160 2049 1209 2097; x_wconf 90' lang='lat' dir='ltr'>q.</span> <span class='ocrx_word' id='word_1_122' title='bbox 1250 2046 1280 2079; x_wconf 80' lang='lat'>2</span> <span class='ocrx_word' id='word_1_123' title='bbox 1305 2068 1317 2088; x_wconf 96' lang='lat'>‚</span> 
     </span>
     <span class='ocr_line' id='line_1_18' title="bbox 289 2114 1316 2182; baseline -0.001 -19"><span class='ocrx_word' id='word_1_124' title='bbox 289 2125 373 2163; x_wconf 84' lang='lat' dir='ltr'>art.</span> <span class='ocrx_word' id='word_1_125' title='bbox 418 2132 434 2163; x_wconf 82' lang='grc' dir='ltr'>ι</span> <span class='ocrx_word' id='word_1_126' title='bbox 466 2154 480 2177; x_wconf 83' lang='grc'>,</span> <span class='ocrx_word' id='word_1_127' title='bbox 510 2119 561 2165; x_wconf 91' lang='lat' dir='ltr'>in</span> <span class='ocrx_word' id='word_1_128' title='bbox 592 2134 720 2182; x_wconf 86' lang='lat' dir='ltr'>corp.</span> <span class='ocrx_word' id='word_1_129' title='bbox 763 2114 920 2164; x_wconf 77' lang='lat' dir='ltr'>Actus</span> <span class='ocrx_word' id='word_1_130' title='bbox 963 2117 1084 2175; x_wconf 80' lang='lat' dir='ltr'>iste,</span> <span class='ocrx_word' id='word_1_131' title='bbox 1123 2117 1279 2181; x_wconf 88' lang='lat' dir='ltr'>inquit</span> <span class='ocrx_word' id='word_1_132' title='bbox 1305 2152 1316 2173; x_wconf 85' lang='lat'>‚</span> 
     </span>
     <span class='ocr_line' id='line_1_19' title="bbox 286 2197 1317 2265; baseline -0.002 -19"><span class='ocrx_word' id='word_1_133' title='bbox 286 2201 373 2263; x_wconf 81' lang='lat' dir='ltr'>qui</span> <span class='ocrx_word' id='word_1_134' title='bbox 403 2209 471 2247; x_wconf 73' lang='lat' dir='ltr'>est</span> <span class='ocrx_word' id='word_1_135' title='bbox 494 2199 711 2261; x_wconf 81' lang='lat' dir='ltr'>credere,</span> <span class='ocrx_word' id='word_1_136' title='bbox 752 2198 891 2246; x_wconf 77' lang='lat' dir='ltr'>habet</span> <span class='ocrx_word' id='word_1_137' title='bbox 920 2197 1120 2265; x_wconf 78' lang='lat' dir='ltr'>firmam</span> <span class='ocrx_word' id='word_1_138' title='bbox 1151 2197 1317 2247; x_wconf 73' lang='lat' dir='ltr'><strong><em>adhae-</em></strong></span> 
     </span>
     <span class='ocr_line' id='line_1_20' title="bbox 289 2282 1319 2346; baseline 0.001 -18"><span class='ocrx_word' id='word_1_139' title='bbox 289 2282 474 2329; x_wconf 77' lang='lat' dir='ltr'>sionem</span> <span class='ocrx_word' id='word_1_140' title='bbox 504 2282 570 2329; x_wconf 83' lang='lat' dir='ltr'>ad</span> <span class='ocrx_word' id='word_1_141' title='bbox 595 2298 745 2329; x_wconf 79' lang='lat' dir='ltr'>unam</span> <span class='ocrx_word' id='word_1_142' title='bbox 768 2289 989 2346; x_wconf 77' lang='lat' dir='ltr'>partem,</span> <span class='ocrx_word' id='word_1_143' title='bbox 1010 2283 1067 2328; x_wconf 85' lang='lat' dir='ltr'>in</span> <span class='ocrx_word' id='word_1_144' title='bbox 1092 2298 1182 2346; x_wconf 79' lang='lat' dir='ltr'>quo</span> <span class='ocrx_word' id='word_1_145' title='bbox 1209 2297 1319 2329; x_wconf 84' lang='lat' dir='ltr'>con-</span> 
     </span>
     <span class='ocr_line' id='line_1_21' title="bbox 288 2362 1321 2428; baseline -0.001 -17"><span class='ocrx_word' id='word_1_146' title='bbox 288 2364 420 2411; x_wconf 81' lang='lat' dir='ltr'>venit</span> <span class='ocrx_word' id='word_1_147' title='bbox 452 2380 567 2412; x_wconf 76' lang='lat' dir='ltr'>eum</span> <span class='ocrx_word' id='word_1_148' title='bbox 601 2364 778 2411; x_wconf 75' lang='lat' dir='ltr'>sciente</span> <span class='ocrx_word' id='word_1_149' title='bbox 819 2373 864 2411; x_wconf 80' lang='lat' dir='ltr'>et</span> <span class='ocrx_word' id='word_1_150' title='bbox 902 2362 1195 2428; x_wconf 77' lang='lat' dir='ltr'>intelliqente</span> <span class='ocrx_word' id='word_1_151' title='bbox 1215 2382 1239 2424; x_wconf 88' lang='lat'><em>;</em></span> <span class='ocrx_word' id='word_1_152' title='bbox 1274 2372 1321 2411; x_wconf 76' lang='lat' dir='ltr'>et</span> 
     </span>
     <span class='ocr_line' id='line_1_22' title="bbox 287 2446 1318 2512; baseline 0 -19"><span class='ocrx_word' id='word_1_153' title='bbox 287 2455 448 2503; x_wconf 77' lang='lat' dir='ltr'>tamen</span> <span class='ocrx_word' id='word_1_154' title='bbox 487 2446 593 2512; x_wconf 75' lang='lat' dir='ltr'>ejus</span> <span class='ocrx_word' id='word_1_155' title='bbox 629 2447 844 2511; x_wconf 80' lang='lat' dir='ltr'>ooqnitio</span> <span class='ocrx_word' id='word_1_156' title='bbox 877 2462 978 2493; x_wconf 83' lang='lat' dir='ltr'>non</span> <span class='ocrx_word' id='word_1_157' title='bbox 1010 2455 1081 2494; x_wconf 75' lang='lat' dir='ltr'>est</span> <span class='ocrx_word' id='word_1_158' title='bbox 1103 2446 1318 2512; x_wconf 79' lang='lat' dir='ltr'>perfecta</span> 
     </span>
     <span class='ocr_line' id='line_1_23' title="bbox 281 2529 1318 2595; baseline 0 -18"><span class='ocrx_word' id='word_1_159' title='bbox 281 2545 375 2595; x_wconf 86' lang='lat' dir='ltr'>per</span> <span class='ocrx_word' id='word_1_160' title='bbox 402 2530 673 2577; x_wconf 70' lang='lat' dir='ltr'>maximam</span> <span class='ocrx_word' id='word_1_161' title='bbox 703 2529 941 2577; x_wconf 74' lang='lat' dir='ltr'>visionem</span> <span class='ocrx_word' id='word_1_162' title='bbox 958 2566 971 2589; x_wconf 88' lang='lat'>‚</span> <span class='ocrx_word' id='word_1_163' title='bbox 1002 2530 1176 2594; x_wconf 75' lang='lat' dir='ltr'>inquo</span> <span class='ocrx_word' id='word_1_164' title='bbox 1203 2546 1318 2577; x_wconf 87' lang='lat' dir='ltr'>oon-</span> 
     </span>
     <span class='ocr_line' id='line_1_24' title="bbox 291 2611 1321 2679; baseline 0 -19"><span class='ocrx_word' id='word_1_165' title='bbox 291 2613 425 2660; x_wconf 82' lang='lat' dir='ltr'>venit</span> <span class='ocrx_word' id='word_1_166' title='bbox 466 2627 577 2659; x_wconf 81' lang='lat' dir='ltr'>cum</span> <span class='ocrx_word' id='word_1_167' title='bbox 626 2611 906 2672; x_wconf 79' lang='lat' dir='ltr'>dubitante,</span> <span class='ocrx_word' id='word_1_168' title='bbox 956 2614 1235 2679; x_wconf 75' lang='lat' dir='ltr'>suspicante</span> <span class='ocrx_word' id='word_1_169' title='bbox 1278 2621 1321 2660; x_wconf 80' lang='lat' dir='ltr'>et</span> 
     </span>
     <span class='ocr_line' id='line_1_25' title="bbox 291 2695 1320 2761; baseline 0.002 -19"><span class='ocrx_word' id='word_1_170' title='bbox 291 2696 523 2761; x_wconf 79' lang='lat' dir='ltr'>opinante</span> <span class='ocrx_word' id='word_1_171' title='bbox 536 2713 560 2756; x_wconf 86' lang='lat'>,·</span> <span class='ocrx_word' id='word_1_172' title='bbox 587 2701 633 2743; x_wconf 83' lang='lat' dir='ltr'>et</span> <span class='ocrx_word' id='word_1_173' title='bbox 657 2697 730 2743; x_wconf 75' lang='lat' dir='ltr'>sic</span> <span class='ocrx_word' id='word_1_174' title='bbox 742 2697 1000 2761; x_wconf 82' lang='lat' dir='ltr'>proprium</span> <span class='ocrx_word' id='word_1_175' title='bbox 1026 2705 1095 2745; x_wconf 79' lang='lat' dir='ltr'>est</span> <span class='ocrx_word' id='word_1_176' title='bbox 1122 2695 1320 2744; x_wconf 74' lang='lat' dir='ltr'>creden-</span> 
     </span>
     <span class='ocr_line' id='line_1_26' title="bbox 292 2769 1314 2846; baseline 0.003 -21"><span class='ocrx_word' id='word_1_177' title='bbox 292 2778 384 2839; x_wconf 75' lang='lat' dir='ltr'>tie,</span> <span class='ocrx_word' id='word_1_178' title='bbox 419 2779 474 2826; x_wconf 62' lang='grc' dir='ltr'>αἱ</span> <span class='ocrx_word' id='word_1_179' title='bbox 505 2795 616 2826; x_wconf 84' lang='lat' dir='ltr'>cum</span> <span class='ocrx_word' id='word_1_180' title='bbox 642 2794 844 2826; x_wconf 73' lang='lat' dir='ltr'>assensu</span> <span class='ocrx_word' id='word_1_181' title='bbox 873 2779 1061 2843; x_wconf 77' lang='lat' dir='ltr'>coyitet.</span> <span class='ocrx_word' id='word_1_182' title='bbox 1089 2779 1147 2828; x_wconf 89' lang='lat' dir='ltr'>Et</span> <span class='ocrx_word' id='word_1_183' title='bbox 1175 2769 1232 2846; x_wconf 51' lang='lat' dir='ltr'>qs</span> <span class='ocrx_word' id='word_1_184' title='bbox 1250 2777 1283 2828; x_wconf 90' lang='lat'>8</span> <span class='ocrx_word' id='word_1_185' title='bbox 1301 2818 1314 2840; x_wconf 88' lang='lat'>‚</span> 
     </span>
     <span class='ocr_line' id='line_1_27' title="bbox 292 2858 1319 2927; baseline 0.003 -19"><span class='ocrx_word' id='word_1_186' title='bbox 292 2872 380 2910; x_wconf 78' lang='lat' dir='ltr'>art.</span> <span class='ocrx_word' id='word_1_187' title='bbox 409 2858 443 2909; x_wconf 84' lang='lat'>8</span> <span class='ocrx_word' id='word_1_188' title='bbox 460 2898 474 2922; x_wconf 86' lang='lat'>,</span> <span class='ocrx_word' id='word_1_189' title='bbox 511 2861 570 2909; x_wconf 84' lang='lat' dir='ltr'>ad</span> <span class='ocrx_word' id='word_1_190' title='bbox 599 2875 630 2907; x_wconf 84' lang='lat'>2</span> <span class='ocrx_word' id='word_1_191' title='bbox 664 2878 678 2909; x_wconf 74' lang='grc' dir='ltr'><strong><em>ε</em></strong></span> <span class='ocrx_word' id='word_1_192' title='bbox 711 2861 865 2909; x_wconf 72' lang='lat' dir='ltr'>Fides</span> <span class='ocrx_word' id='word_1_193' title='bbox 898 2878 999 2911; x_wconf 85' lang='lat' dir='ltr'>non</span> <span class='ocrx_word' id='word_1_194' title='bbox 1020 2871 1174 2927; x_wconf 81' lang='lat' dir='ltr'>potest</span> <span class='ocrx_word' id='word_1_195' title='bbox 1201 2865 1319 2911; x_wconf 77' lang='lat' dir='ltr'>uni-</span> 
     </span>
     <span class='ocr_line' id='line_1_28' title="bbox 290 2941 1319 3009; baseline 0.003 -18"><span class='ocrx_word' id='word_1_196' title='bbox 290 2941 541 2991; x_wconf 73' lang='lat' dir='ltr'>versaliter</span> <span class='ocrx_word' id='word_1_197' title='bbox 567 2944 837 3009; x_wconf 78' lang='lat' dir='ltr'>proecedere</span> <span class='ocrx_word' id='word_1_198' title='bbox 861 2943 1171 2993; x_wconf 72' lang='lat' dir='ltr'>intellectum.</span> <span class='ocrx_word' id='word_1_199' title='bbox 1204 2944 1319 2994; x_wconf 86' lang='lat' dir='ltr'>Non</span> 
     </span>
     <span class='ocr_line' id='line_1_29' title="bbox 290 3025 1318 3092; baseline 0.004 -20"><span class='ocrx_word' id='word_1_200' title='bbox 290 3027 425 3073; x_wconf 81' lang='lat' dir='ltr'>enim</span> <span class='ocrx_word' id='word_1_201' title='bbox 454 3034 614 3092; x_wconf 74' lang='lat' dir='ltr'>posset</span> <span class='ocrx_word' id='word_1_202' title='bbox 654 3025 791 3074; x_wconf 80' lang='lat' dir='ltr'>homo</span> <span class='ocrx_word' id='word_1_203' title='bbox 823 3029 1055 3075; x_wconf 67' lang='lat' dir='ltr'>assentire</span> <span class='ocrx_word' id='word_1_204' title='bbox 1086 3027 1318 3076; x_wconf 80' lang='lat' dir='ltr'>credendo</span> 
     </span>
     <span class='ocr_line' id='line_1_30' title="bbox 293 3107 1318 3176; baseline 0.005 -22"><span class='ocrx_word' id='word_1_205' title='bbox 293 3107 537 3173; x_wconf 72' lang='lat' dir='ltr'>aliquibus</span> <span class='ocrx_word' id='word_1_206' title='bbox 567 3110 862 3175; x_wconf 73' lang='lat' dir='ltr'>propositis,</span> <span class='ocrx_word' id='word_1_207' title='bbox 901 3110 1006 3158; x_wconf 74' lang='lat' dir='ltr'>nisi</span> <span class='ocrx_word' id='word_1_208' title='bbox 1035 3127 1091 3159; x_wconf 88' lang='lat' dir='ltr'>ea</span> <span class='ocrx_word' id='word_1_209' title='bbox 1122 3110 1318 3176; x_wconf 81' lang='lat' dir='ltr'>aliqua-</span> 
     </span>
     <span class='ocr_line' id='line_1_31' title="bbox 294 3188 1320 3258; baseline 0.006 -22"><span class='ocrx_word' id='word_1_210' title='bbox 294 3188 406 3237; x_wconf 78' lang='lat' dir='ltr'>liter</span> <span class='ocrx_word' id='word_1_211' title='bbox 438 3190 739 3257; x_wconf 77' lang='lat' dir='ltr'>intelliqeret.</span> <span class='ocrx_word' id='word_1_212' title='bbox 756 3190 895 3241; x_wconf 84' lang='lat' dir='ltr'>Porro</span> <span class='ocrx_word' id='word_1_213' title='bbox 915 3193 1037 3241; x_wconf 87' lang='lat' dir='ltr'>istud</span> <span class='ocrx_word' id='word_1_214' title='bbox 1057 3193 1320 3258; x_wconf 77' lang='lat' dir='ltr'>intelliqere</span> 
     </span>
     <span class='ocr_line' id='line_1_32' title="bbox 291 3263 1313 3341; baseline 0.006 -22"><span class='ocrx_word' id='word_1_215' title='bbox 291 3288 390 3319; x_wconf 88' lang='lat' dir='ltr'>non</span> <span class='ocrx_word' id='word_1_216' title='bbox 408 3275 598 3321; x_wconf 80' lang='lat' dir='ltr'>assumit</span> <span class='ocrx_word' id='word_1_217' title='bbox 613 3272 859 3340; x_wconf 84' lang='lat' dir='ltr'>Angelicus</span> <span class='ocrx_word' id='word_1_218' title='bbox 874 3274 931 3323; x_wconf 89' lang='lat' dir='ltr'>de</span> <span class='ocrx_word' id='word_1_219' title='bbox 946 3263 1107 3341; x_wconf 72' lang='lat' dir='ltr'>aliqua</span> <span class='ocrx_word' id='word_1_220' title='bbox 1129 3285 1313 3325; x_wconf 86' lang='lat' dir='ltr'>tantum</span> 
     </span>
     <span class='ocr_line' id='line_1_33' title="bbox 292 3356 1314 3422; baseline 0.006 -20"><span class='ocrx_word' id='word_1_221' title='bbox 292 3356 546 3405; x_wconf 83' lang='lat' dir='ltr'>extrinseca</span> <span class='ocrx_word' id='word_1_222' title='bbox 584 3358 871 3422; x_wconf 82' lang='lat' dir='ltr'>cognitione,</span> <span class='ocrx_word' id='word_1_223' title='bbox 912 3359 993 3407; x_wconf 82' lang='lat' dir='ltr'>sed</span> <span class='ocrx_word' id='word_1_224' title='bbox 1032 3360 1090 3407; x_wconf 91' lang='lat' dir='ltr'>de</span> <span class='ocrx_word' id='word_1_225' title='bbox 1128 3360 1314 3408; x_wconf 87' lang='lat' dir='ltr'>intelle-</span> 
     </span>
     <span class='ocr_line' id='line_1_34' title="bbox 290 3437 1315 3506; baseline 0.006 -21"><span class='ocrx_word' id='word_1_226' title='bbox 290 3439 444 3486; x_wconf 85' lang='lat' dir='ltr'>ctione</span> <span class='ocrx_word' id='word_1_227' title='bbox 458 3439 622 3486; x_wconf 85' lang='lat' dir='ltr'>intima</span> <span class='ocrx_word' id='word_1_228' title='bbox 640 3437 930 3505; x_wconf 83' lang='lat' dir='ltr'>objectorum</span> <span class='ocrx_word' id='word_1_229' title='bbox 952 3445 1288 3506; x_wconf 82' lang='lat' dir='ltr'>propositorum</span> <span class='ocrx_word' id='word_1_230' title='bbox 1300 3480 1315 3502; x_wconf 87' lang='lat'>,</span> 
     </span>
     <span class='ocr_line' id='line_1_35' title="bbox 292 3520 1314 3588; baseline 0.007 -21"><span class='ocrx_word' id='word_1_231' title='bbox 292 3530 343 3568; x_wconf 89' lang='lat' dir='ltr'>ut</span> <span class='ocrx_word' id='word_1_232' title='bbox 359 3529 485 3585; x_wconf 88' lang='lat' dir='ltr'>patet</span> <span class='ocrx_word' id='word_1_233' title='bbox 508 3537 562 3568; x_wconf 82' lang='lat' dir='ltr'>ex</span> <span class='ocrx_word' id='word_1_234' title='bbox 587 3523 643 3568; x_wconf 90' lang='lat' dir='ltr'>iis</span> <span class='ocrx_word' id='word_1_235' title='bbox 657 3556 673 3579; x_wconf 87' lang='lat'><strong>‚</strong></span> <span class='ocrx_word' id='word_1_236' title='bbox 696 3520 1004 3588; x_wconf 46' lang='lat' dir='ltr'>quae&#39;scribih</span> <span class='ocrx_word' id='word_1_237' title='bbox 1023 3523 1140 3573; x_wconf 89' lang='lat' dir='ltr'>ibid.</span> <span class='ocrx_word' id='word_1_238' title='bbox 1159 3534 1248 3573; x_wconf 85' lang='lat' dir='ltr'>art.</span> <span class='ocrx_word' id='word_1_239' title='bbox 1269 3541 1287 3573; x_wconf 89' lang='lat'>1</span> <span class='ocrx_word' id='word_1_240' title='bbox 1302 3563 1314 3587; x_wconf 87' lang='lat'>,</span> 
     </span>
     <span class='ocr_line' id='line_1_36' title="bbox 290 3600 1315 3674; baseline 0.007 -25"><span class='ocrx_word' id='word_1_241' title='bbox 290 3604 340 3649; x_wconf 90' lang='lat' dir='ltr'>in</span> <span class='ocrx_word' id='word_1_242' title='bbox 355 3619 484 3668; x_wconf 85' lang='lat' dir='ltr'>corp.</span> <span class='ocrx_word' id='word_1_243' title='bbox 509 3619 523 3650; x_wconf 72' lang='grc' dir='ltr'><strong><em>ε</em></strong></span> <span class='ocrx_word' id='word_1_244' title='bbox 545 3600 733 3651; x_wconf 82' lang='lat' dir='ltr'>Nomen</span> <span class='ocrx_word' id='word_1_245' title='bbox 756 3604 1024 3674; x_wconf 60' lang='lat' dir='ltr'>inteliectus</span> <span class='ocrx_word' id='word_1_246' title='bbox 1052 3608 1315 3673; x_wconf 79' lang='lat' dir='ltr'>quamdam</span> 
     </span>
     <span class='ocr_line' id='line_1_37' title="bbox 293 3684 1313 3755; baseline 0.008 -26"><span class='ocrx_word' id='word_1_247' title='bbox 293 3684 520 3735; x_wconf 76' lang='lat' dir='ltr'>intimam</span> <span class='ocrx_word' id='word_1_248' title='bbox 549 3687 870 3751; x_wconf 76' lang='lat' dir='ltr'>coqnz&#39;tionem</span> <span class='ocrx_word' id='word_1_249' title='bbox 899 3690 1161 3755; x_wconf 78' lang='lat' dir='ltr'>importat;</span> <span class='ocrx_word' id='word_1_250' title='bbox 1185 3689 1313 3739; x_wconf 83' lang='lat' dir='ltr'>diei-</span> 
     </span>
    </p>
   </div>
   <div class='ocr_carea' id='block_1_9' title="bbox 1404 2029 2433 2680">
    <p class='ocr_par' dir='ltr' id='par_1_9' title="bbox 1404 2029 2433 2680">
     <span class='ocr_line' id='line_1_38' title="bbox 1404 2029 2428 2099; baseline 0.009 -24"><span class='ocrx_word' id='word_1_251' title='bbox 1404 2038 1487 2076; x_wconf 78' lang='lat' dir='ltr'>tur</span> <span class='ocrx_word' id='word_1_252' title='bbox 1502 2031 1632 2079; x_wconf 85' lang='lat' dir='ltr'>enim</span> <span class='ocrx_word' id='word_1_253' title='bbox 1654 2029 1923 2096; x_wconf 72' lang='lat' dir='ltr'>intelliqere</span> <span class='ocrx_word' id='word_1_254' title='bbox 1945 2033 2088 2097; x_wconf 73' lang='lat' dir='ltr'>quasi</span> <span class='ocrx_word' id='word_1_255' title='bbox 2102 2034 2238 2081; x_wconf 70' lang='lat' dir='ltr'>intus</span> <span class='ocrx_word' id='word_1_256' title='bbox 2257 2034 2428 2099; x_wconf 79' lang='lat' dir='ltr'>leqere.</span> 
     </span>
     <span class='ocr_line' id='line_1_39' title="bbox 1407 2110 2427 2182; baseline 0.006 -24"><span class='ocrx_word' id='word_1_257' title='bbox 1407 2110 1463 2158; x_wconf 85' lang='lat' dir='ltr'>Et</span> <span class='ocrx_word' id='word_1_258' title='bbox 1486 2113 1534 2160; x_wconf 85' lang='lat' dir='ltr'>in</span> <span class='ocrx_word' id='word_1_259' title='bbox 1555 2129 1675 2177; x_wconf 87' lang='lat' dir='ltr'>resp.</span> <span class='ocrx_word' id='word_1_260' title='bbox 1703 2115 1759 2160; x_wconf 92' lang='lat' dir='ltr'>ad</span> <span class='ocrx_word' id='word_1_261' title='bbox 1794 2113 1824 2160; x_wconf 88' lang='grc'><strong>3</strong></span> <span class='ocrx_word' id='word_1_262' title='bbox 1858 2130 1872 2161; x_wconf 83' lang='lat'><em>=</em></span> <span class='ocrx_word' id='word_1_263' title='bbox 1901 2112 2213 2175; x_wconf 79' lang='lat' dir='ltr'>Intellectus,</span> <span class='ocrx_word' id='word_1_264' title='bbox 2245 2116 2427 2182; x_wconf 88' lang='lat' dir='ltr'>inquit,</span> 
     </span>
     <span class='ocr_line' id='line_1_40' title="bbox 1404 2195 2432 2265; baseline 0.008 -25"><span class='ocrx_word' id='word_1_265' title='bbox 1404 2195 1628 2243; x_wconf 77' lang='lat' dir='ltr'>nominat</span> <span class='ocrx_word' id='word_1_266' title='bbox 1645 2198 1907 2260; x_wconf 79' lang='lat' dir='ltr'>quamdam</span> <span class='ocrx_word' id='word_1_267' title='bbox 1922 2196 2248 2248; x_wconf 71' lang='lat' dir='ltr'>excellentiam</span> <span class='ocrx_word' id='word_1_268' title='bbox 2265 2203 2432 2265; x_wconf 74' lang='lat' dir='ltr'>coqui·</span> 
     </span>
     <span class='ocr_line' id='line_1_41' title="bbox 1405 2277 2431 2348; baseline 0.01 -25"><span class='ocrx_word' id='word_1_269' title='bbox 1405 2277 1557 2324; x_wconf 77' lang='lat' dir='ltr'>tionis</span> <span class='ocrx_word' id='word_1_270' title='bbox 1580 2279 1877 2344; x_wconf 76' lang='lat' dir='ltr'>penetrandi</span> <span class='ocrx_word' id='word_1_271' title='bbox 1913 2280 1978 2326; x_wconf 80' lang='lat' dir='ltr'>ad</span> <span class='ocrx_word' id='word_1_272' title='bbox 2015 2282 2227 2342; x_wconf 81' lang='lat' dir='ltr'>intima,</span> <span class='ocrx_word' id='word_1_273' title='bbox 2263 2301 2431 2348; x_wconf 85' lang='lat' dir='ltr'>nempe</span> 
     </span>
     <span class='ocr_line' id='line_1_42' title="bbox 1406 2361 2433 2432; baseline 0.007 -25"><span class='ocrx_word' id='word_1_274' title='bbox 1406 2377 1567 2407; x_wconf 88' lang='lat' dir='ltr'>eorum</span> <span class='ocrx_word' id='word_1_275' title='bbox 1599 2379 1701 2427; x_wconf 82' lang='lat' dir='ltr'>quae</span> <span class='ocrx_word' id='word_1_276' title='bbox 1731 2361 2007 2411; x_wconf 80' lang='lat' dir='ltr'>revelantur.</span> <span class='ocrx_word' id='word_1_277' title='bbox 2037 2363 2262 2430; x_wconf 78' lang='lat' dir='ltr'>Loquitur</span> <span class='ocrx_word' id='word_1_278' title='bbox 2288 2367 2433 2432; x_wconf 84' lang='lat' dir='ltr'>siqui-</span> 
     </span>
     <span class='ocr_line' id='line_1_43' title="bbox 1405 2442 2429 2511; baseline 0.006 -21"><span class='ocrx_word' id='word_1_279' title='bbox 1405 2442 1511 2491; x_wconf 88' lang='lat' dir='ltr'>dem</span> <span class='ocrx_word' id='word_1_280' title='bbox 1554 2444 1612 2492; x_wconf 87' lang='lat' dir='ltr'>de</span> <span class='ocrx_word' id='word_1_281' title='bbox 1647 2442 1923 2509; x_wconf 82' lang='lat' dir='ltr'>intel-lectu,</span> <span class='ocrx_word' id='word_1_282' title='bbox 1969 2458 2104 2511; x_wconf 82' lang='lat' dir='ltr'>prout</span> <span class='ocrx_word' id='word_1_283' title='bbox 2145 2459 2210 2495; x_wconf 84' lang='lat' dir='ltr'>est</span> <span class='ocrx_word' id='word_1_284' title='bbox 2250 2448 2429 2496; x_wconf 86' lang='lat' dir='ltr'>donum</span> 
     </span>
     <span class='ocr_line' id='line_1_44' title="bbox 1404 2527 2430 2593; baseline 0.007 -21"><span class='ocrx_word' id='word_1_285' title='bbox 1404 2527 1559 2590; x_wconf 79' lang='lat' dir='ltr'>gratiae</span> <span class='ocrx_word' id='word_1_286' title='bbox 1579 2564 1592 2585; x_wconf 89' lang='lat'>,</span> <span class='ocrx_word' id='word_1_287' title='bbox 1626 2527 1753 2593; x_wconf 90' lang='lat' dir='ltr'>quod</span> <span class='ocrx_word' id='word_1_288' title='bbox 1773 2529 1954 2593; x_wconf 86' lang='lat' dir='ltr'>perficit</span> <span class='ocrx_word' id='word_1_289' title='bbox 1980 2529 2430 2579; x_wconf 85' lang='lat' dir='ltr'>naturam.Demum</span> 
     </span>
     <span class='ocr_line' id='line_1_45' title="bbox 1404 2608 2432 2680; baseline 0.007 -24"><span class='ocrx_word' id='word_1_290' title='bbox 1404 2608 1524 2658; x_wconf 87' lang='lat' dir='ltr'>ibid.</span> <span class='ocrx_word' id='word_1_291' title='bbox 1565 2611 1624 2658; x_wconf 87' lang='lat' dir='ltr'>ad</span> <span class='ocrx_word' id='word_1_292' title='bbox 1658 2626 1719 2669; x_wconf 86' lang='lat'>2,</span> <span class='ocrx_word' id='word_1_293' title='bbox 1758 2629 1998 2678; x_wconf 84' lang='lat' dir='ltr'>quaerens,</span> <span class='ocrx_word' id='word_1_294' title='bbox 2032 2630 2175 2679; x_wconf 82' lang='lat' dir='ltr'>quare</span> <span class='ocrx_word' id='word_1_295' title='bbox 2203 2615 2432 2680; x_wconf 75' lang='lat' dir='ltr'>ejusmodi</span> 
     </span>
    </p>
   </div>
   <div class='ocr_carea' id='block_1_10' title="bbox 1395 2689 2428 2841">
    <p class='ocr_par' dir='ltr' id='par_1_10' title="bbox 1395 2689 2428 2841">
     <span class='ocr_line' id='line_1_46' title="bbox 1395 2689 2428 2759; baseline 0.005 -20"><span class='ocrx_word' id='word_1_296' title='bbox 1395 2689 1626 2756; x_wconf 79' lang='lat' dir='ltr'>perfectio</span> <span class='ocrx_word' id='word_1_297' title='bbox 1654 2693 1744 2741; x_wconf 89' lang='lat' dir='ltr'>dici</span> <span class='ocrx_word' id='word_1_298' title='bbox 1773 2697 1924 2759; x_wconf 81' lang='lat' dir='ltr'>potius</span> <span class='ocrx_word' id='word_1_299' title='bbox 1959 2696 2127 2744; x_wconf 84' lang='lat' dir='ltr'>debeat</span> <span class='ocrx_word' id='word_1_300' title='bbox 2161 2695 2428 2745; x_wconf 73' lang='lat' dir='ltr'>intellectus</span> 
     </span>
     <span class='ocr_line' id='line_1_47' title="bbox 1407 2775 2425 2841; baseline -0.002 -19"><span class='ocrx_word' id='word_1_301' title='bbox 1407 2791 1550 2839; x_wconf 87' lang='lat' dir='ltr'>quam</span> <span class='ocrx_word' id='word_1_302' title='bbox 1574 2775 1698 2822; x_wconf 79' lang='lat' dir='ltr'>ratio</span> <span class='ocrx_word' id='word_1_303' title='bbox 1713 2810 1731 2836; x_wconf 86' lang='lat'><em>‚</em></span> <span class='ocrx_word' id='word_1_304' title='bbox 1758 2777 2006 2841; x_wconf 84' lang='lat' dir='ltr'>respondet</span> <span class='ocrx_word' id='word_1_305' title='bbox 2037 2794 2052 2825; x_wconf 75' lang='grc' dir='ltr'><em>ε</em></span> <span class='ocrx_word' id='word_1_306' title='bbox 2085 2776 2182 2821; x_wconf 84' lang='lat' dir='ltr'>Ista</span> <span class='ocrx_word' id='word_1_307' title='bbox 2202 2776 2425 2835; x_wconf 80' lang='lat' dir='ltr'>superad-</span> 
     </span>
    </p>
   </div>
   <div class='ocr_carea' id='block_1_11' title="bbox 1402 2846 2428 3224">
    <p class='ocr_par' dir='ltr' id='par_1_11' title="bbox 1402 2846 2428 3224">
     <span class='ocr_line' id='line_1_48' title="bbox 1404 2846 2428 2919; baseline 0.007 -19"><span class='ocrx_word' id='word_1_308' title='bbox 1404 2857 1523 2901; x_wconf 79' lang='lat' dir='ltr'>ditio</span> <span class='ocrx_word' id='word_1_309' title='bbox 1539 2869 1633 2901; x_wconf 84' lang='lat' dir='ltr'>non</span> <span class='ocrx_word' id='word_1_310' title='bbox 1650 2846 1828 2903; x_wconf 78' lang='lat' dir='ltr'>dicitur</span> <span class='ocrx_word' id='word_1_311' title='bbox 1844 2861 1973 2905; x_wconf 76' lang='lat' dir='ltr'>ratio</span> <span class='ocrx_word' id='word_1_312' title='bbox 1986 2896 1997 2916; x_wconf 88' lang='lat'>‚</span> <span class='ocrx_word' id='word_1_313' title='bbox 2022 2862 2099 2905; x_wconf 84' lang='lat' dir='ltr'>sed</span> <span class='ocrx_word' id='word_1_314' title='bbox 2120 2862 2268 2919; x_wconf 75' lang='lat' dir='ltr'>maqis</span> <span class='ocrx_word' id='word_1_315' title='bbox 2290 2862 2428 2907; x_wconf 74' lang='lat' dir='ltr'>intel-</span> 
     </span>
     <span class='ocr_line' id='line_1_49' title="bbox 1404 2933 2424 2993; baseline 0.004 -16"><span class='ocrx_word' id='word_1_316' title='bbox 1404 2933 1565 2987; x_wconf 78' lang='lat' dir='ltr'>lectus;</span> <span class='ocrx_word' id='word_1_317' title='bbox 1583 2934 1697 2991; x_wconf 81' lang='lat' dir='ltr'>quia</span> <span class='ocrx_word' id='word_1_318' title='bbox 1718 2936 1790 2979; x_wconf 78' lang='lat' dir='ltr'>ita</span> <span class='ocrx_word' id='word_1_319' title='bbox 1810 2949 1855 2979; x_wconf 78' lang='lat' dir='ltr'>se</span> <span class='ocrx_word' id='word_1_320' title='bbox 1877 2936 2010 2981; x_wconf 79' lang='lat' dir='ltr'>habet</span> <span class='ocrx_word' id='word_1_321' title='bbox 2031 2938 2424 2993; x_wconf 76' lang='lat' dir='ltr'>lumen-superad-</span> 
     </span>
     <span class='ocr_line' id='line_1_50' title="bbox 1403 3010 2422 3071; baseline 0.005 -18"><span class='ocrx_word' id='word_1_322' title='bbox 1403 3010 1555 3055; x_wconf 77' lang='lat' dir='ltr'>ditum</span> <span class='ocrx_word' id='word_1_323' title='bbox 1580 3011 1643 3054; x_wconf 83' lang='lat' dir='ltr'>ad</span> <span class='ocrx_word' id='word_1_324' title='bbox 1664 3024 1738 3066; x_wconf 82' lang='lat' dir='ltr'>ea,</span> <span class='ocrx_word' id='word_1_325' title='bbox 1773 3025 1873 3069; x_wconf 82' lang='lat' dir='ltr'>quoe</span> <span class='ocrx_word' id='word_1_326' title='bbox 1895 3014 2025 3059; x_wconf 78' lang='lat' dir='ltr'>nobis</span> <span class='ocrx_word' id='word_1_327' title='bbox 2045 3014 2422 3071; x_wconf 79' lang='lat' dir='ltr'>supernaturali-</span> 
     </span>
     <span class='ocr_line' id='line_1_51' title="bbox 1406 3085 2425 3143; baseline 0.005 -14"><span class='ocrx_word' id='word_1_328' title='bbox 1406 3089 1473 3129; x_wconf 80' lang='lat' dir='ltr'>ter</span> <span class='ocrx_word' id='word_1_329' title='bbox 1510 3085 1832 3143; x_wconf 79' lang='lat' dir='ltr'>innotescunt,</span> <span class='ocrx_word' id='word_1_330' title='bbox 1866 3090 1986 3134; x_wconf 82' lang='lat' dir='ltr'>sicut</span> <span class='ocrx_word' id='word_1_331' title='bbox 2021 3102 2066 3133; x_wconf 82' lang='lat' dir='ltr'>se</span> <span class='ocrx_word' id='word_1_332' title='bbox 2101 3088 2233 3132; x_wconf 83' lang='lat' dir='ltr'>habet</span> <span class='ocrx_word' id='word_1_333' title='bbox 2270 3090 2425 3134; x_wconf 81' lang='lat' dir='ltr'>lumen</span> 
     </span>
     <span class='ocr_line' id='line_1_52' title="bbox 1402 3163 2427 3224; baseline 0.006 -18"><span class='ocrx_word' id='word_1_334' title='bbox 1402 3163 1621 3207; x_wconf 80' lang='lat' dir='ltr'>naturale</span> <span class='ocrx_word' id='word_1_335' title='bbox 1638 3165 1700 3208; x_wconf 86' lang='lat' dir='ltr'>ad</span> <span class='ocrx_word' id='word_1_336' title='bbox 1718 3178 1795 3220; x_wconf 85' lang='lat' dir='ltr'>ea,</span> <span class='ocrx_word' id='word_1_337' title='bbox 1815 3178 1915 3224; x_wconf 78' lang='lat' dir='ltr'>quw</span> <span class='ocrx_word' id='word_1_338' title='bbox 1943 3165 2321 3223; x_wconf 82' lang='lat' dir='ltr'>primordialiter</span> <span class='ocrx_word' id='word_1_339' title='bbox 2353 3180 2427 3212; x_wconf 87' lang='lat' dir='ltr'>co-</span> 
     </span>
    </p>
   </div>
   <div class='ocr_carea' id='block_1_12' title="bbox 1400 3241 2493 3635">
    <p class='ocr_par' dir='ltr' id='par_1_12' title="bbox 1400 3241 2493 3635">
     <span class='ocr_line' id='line_1_53' title="bbox 1401 3241 2425 3307; baseline 0.002 -17"><span class='ocrx_word' id='word_1_340' title='bbox 1401 3248 1676 3305; x_wconf 72' lang='lat' dir='ltr'>ynoscimus.</span> <span class='ocrx_word' id='word_1_341' title='bbox 1705 3243 1794 3290; x_wconf 72' lang='lat' dir='ltr'>Sed</span> <span class='ocrx_word' id='word_1_342' title='bbox 1829 3241 1916 3290; x_wconf 87' lang='lat' dir='ltr'>cfr.</span> <span class='ocrx_word' id='word_1_343' title='bbox 1940 3243 1998 3291; x_wconf 89' lang='lat' dir='ltr'>de</span> <span class='ocrx_word' id='word_1_344' title='bbox 2031 3243 2116 3289; x_wconf 87' lang='lat' dir='ltr'>hoc</span> <span class='ocrx_word' id='word_1_345' title='bbox 2151 3253 2425 3307; x_wconf 83' lang='lat' dir='ltr'>argumento</span> 
     </span>
     <span class='ocr_line' id='line_1_54' title="bbox 1403 3323 2425 3388; baseline 0.004 -18"><span class='ocrx_word' id='word_1_346' title='bbox 1403 3323 1583 3373; x_wconf 80' lang='lat' dir='ltr'>Falletti</span> <span class='ocrx_word' id='word_1_347' title='bbox 1606 3361 1619 3383; x_wconf 88' lang='lat'>,</span> <span class='ocrx_word' id='word_1_348' title='bbox 1654 3343 1762 3374; x_wconf 82' lang='lat' dir='ltr'>can.</span> <span class='ocrx_word' id='word_1_349' title='bbox 1794 3342 1887 3388; x_wconf 84' lang='lat' dir='ltr'>reg.</span> <span class='ocrx_word' id='word_1_350' title='bbox 1912 3323 1984 3373; x_wconf 92' lang='lat' dir='ltr'>Lo</span> <span class='ocrx_word' id='word_1_351' title='bbox 2012 3325 2173 3373; x_wconf 76' lang='lat' dir='ltr'>studio</span> <span class='ocrx_word' id='word_1_352' title='bbox 2194 3326 2425 3374; x_wconf 78' lang='lat' dir='ltr'>analitioo</span> 
     </span>
     <span class='ocr_line' id='line_1_55' title="bbox 1402 3405 2422 3475; baseline 0.004 -22"><span class='ocrx_word' id='word_1_353' title='bbox 1402 3405 1524 3454; x_wconf 79' lang='lat' dir='ltr'>della</span> <span class='ocrx_word' id='word_1_354' title='bbox 1556 3406 1821 3471; x_wconf 72' lang='lat' dir='ltr'>reliqione‚</span> <span class='ocrx_word' id='word_1_355' title='bbox 1847 3405 1994 3454; x_wconf 88' lang='lat' dir='ltr'>Roma</span> <span class='ocrx_word' id='word_1_356' title='bbox 2030 3405 2181 3475; x_wconf 83' lang='lat'>1827,</span> <span class='ocrx_word' id='word_1_357' title='bbox 2211 3410 2327 3474; x_wconf 88' lang='lat' dir='ltr'>part.</span> <span class='ocrx_word' id='word_1_358' title='bbox 2345 3425 2422 3467; x_wconf 87' lang='lat' dir='ltr'>m,</span> 
     </span>
     <span class='ocr_line' id='line_1_56' title="bbox 1402 3487 2424 3556; baseline 0.004 -20"><span class='ocrx_word' id='word_1_359' title='bbox 1402 3499 1519 3539; x_wconf 84' lang='lat' dir='ltr'>tom.</span> <span class='ocrx_word' id='word_1_360' title='bbox 1561 3506 1621 3549; x_wconf 84' lang='lat' dir='ltr'>n,</span> <span class='ocrx_word' id='word_1_361' title='bbox 1662 3487 1893 3537; x_wconf 74' lang='lat' dir='ltr'>Discorso</span> <span class='ocrx_word' id='word_1_362' title='bbox 1930 3489 2279 3556; x_wconf 81' lang='lat' dir='ltr'>preliminare‚</span> <span class='ocrx_word' id='word_1_363' title='bbox 2324 3502 2424 3540; x_wconf 90' lang='lat' dir='ltr'>tum</span> 
     </span>
     <span class='ocr_line' id='line_1_57' title="bbox 1400 3567 2493 3635; baseline 0.005 -18"><span class='ocrx_word' id='word_1_364' title='bbox 1400 3587 1504 3635; x_wconf 86' lang='lat' dir='ltr'>cap.</span> <span class='ocrx_word' id='word_1_365' title='bbox 1523 3567 1584 3630; x_wconf 88' lang='lat'>6,</span> <span class='ocrx_word' id='word_1_366' title='bbox 1613 3569 1695 3618; x_wconf 88' lang='lat' dir='ltr'>ubi</span> <span class='ocrx_word' id='word_1_367' title='bbox 1726 3573 1909 3635; x_wconf 84' lang='lat' dir='ltr'>copiose</span> <span class='ocrx_word' id='word_1_368' title='bbox 1936 3590 2035 3622; x_wconf 87' lang='lat' dir='ltr'>rem</span> <span class='ocrx_word' id='word_1_369' title='bbox 2064 3573 2188 3622; x_wconf 84' lang='lat' dir='ltr'>hanc</span> <span class='ocrx_word' id='word_1_370' title='bbox 2214 3573 2420 3622; x_wconf 86' lang='lat' dir='ltr'>discutit.</span> <span class='ocrx_word' id='word_1_371' title='bbox 2487 3611 2493 3614; x_wconf 85' lang='grc'>-</span> 
     </span>
    </p>
   </div>
  </div>
 </body>
</html>
