2502 4134
259 65 376 126 468

862 78 1059 114 TRACT.
1110 77 1177 112 1)ss
1223 76 1370 115 touls
1412 78 1787 118 Tflssotoalcls.

261 227 479 288 lentius
509 231 737 306 pateret
758 265 772 294 ,
799 222 846 277 si
877 239 1118 277 omnem
1142 217 1318 296 hujus
1343 216 1867 280 demonstrationis
1893 223 2073 284 veluti
2103 235 2397 285 texturam

261 321 599 402 singillatim
638 317 732 375 hic
773 315 1046 397 persequi
1085 325 1261 394 atque
1293 312 1604 372 enucleare
1634 335 1971 393 possemus3
2017 320 2119 379 sed
2159 320 2266 380 hoc
2301 343 2396 381 eos

259 419 507 489 limites,
540 435 684 495 quos
724 412 892 471 nobis
934 412 997 469 in
1027 409 1137 468 hoc
1178 408 1479 470 volumine
1509 410 1809 492 praefigere
1845 410 2188 490 debuimus,
2228 417 2399 499 longe

261 513 438 572 nimis
473 507 1053 592 praetergrederetur.

347 607 482 667 186.
530 605 679 664 Satis
718 605 894 684 igitur
929 603 1004 661 sit
1034 602 1459 684 principiorum
1493 600 2037 684 philosophicorum
2071 603 2402 687 exposuisse

261 715 570 775 naturam3
605 700 764 782 quod
791 698 1007 758 idcirco
1035 720 1069 757 a
1099 697 1270 757 nobis
1316 697 1494 779 paulo
1528 699 1680 758 forte
1714 699 1895 758 fusius
1915 744 1931 773 .‚
1966 690 2402 782 quamth'e'olo-

259 802 396 881 gicae
434 798 834 881 praelectiones
862 794 1234 877 expostulare
1264 793 1609 855 viderentur
1631 840 1648 870 ,
1687 796 2019 877 praestitum
2052 808 2158 857 est.
2189 799 2403 860 Verum

260 919 398 957 cum
434 896 563 955 haec
607 893 896 975 principia
923 890 999 950 ab
1026 902 1261 950 auctore
1292 890 1562 950 ordinata
1586 891 1705 949 sint
1723 890 1798 950 ad
1822 891 2202 951 christianam
2228 893 2418 955 fidem.

262 989 792 1053 demonstrandam
815 1033 831 1063 ‚
863 986 1176 1047 debuimus
1201 987 1282 1046 ita
1310 987 1528 1046 referre
1549 1032 1565 1062 .,
1594 998 1662 1045 ut
1684 987 1848 1046 exiis
1875 1000 2072 1070 posset
2097 991 2408 1072 quisquam

265 1109 505 1169 arguere
526 1133 540 1158 2
570 1083 895 1162 cujusmodi
931 1083 1062 1142 haec
1093 1104 1217 1143 esse
1246 1082 1461 1142 debeat
1486 1082 1931 1143 demonstratio,
1967 1086 2046 1144 Ut
2079 1097 2278 1146 tamen
2303 1086 2406 1146 ali·

265 1185 409 1268 quid
426 1184 500 1244 de
523 1182 1045 1263 applicationibus
1075 1179 1249 1259 hujus
1273 1180 1606 1259 systematis
1634 1178 2025 1262 philosophici
2052 1180 2406 1258 delibemus,

264 1303 449 1364 pauca
468 1280 542 1339 de
580 1278 947 1356 Theosopltia
969 1322 984 1351 7
1011 1297 1111 1336 seu
1137 1274 1393 1335 naturali
1423 1274 1731 1355 Theologia
1757 1322 1772 1351 ,
1802 1275 2171 1337 hermesiana
2189 1280 2412 1356 juverit

265 1389 565 1460 postremo
603 1374 904 1435 exhibere.

354 1474 492 1533 187.
543 1473 607 1531 30
664 1472 1145 1551 Applicationes.
1200 1474 1282 1528 Ex
1327 1470 1644 1528 theoretica
1700 1469 2103 1530 demonstrata
2140 1471 2411 1532 realitate

267 1570 479 1630 mundi
499 1615 513 1643 .,
555 1590 734 1650 quem
768 1578 969 1642 νοσεῖ,
1011 1570 1249 1625 interni
1282 1587 1346 1624 ac
1375 1571 1645 1635 externi,
1675 1565 2048 1647 progreditur
2073 1568 2411 1628 Hermesius

268 1665 344 1726 ad
375 1666 758 1748 quaestionem
783 1686 797 1723 ε
823 1663 1039 1723 Utrum
1069 1662 1218 1721 ratio
1240 1660 1549 1724 reflectens
1570 1660 1785 1721 debeat
1810 1673 2005 1721 tenere
2020 1706 2041 1734 ,
2065 1664 2224 1745 quod
2257 1667 2411 1725 Deus

268 1764 521 1837 existat,
561 1781 808 1843 quaeque
850 1758 938 1817 illi
976 1757 1261 1816 attributa
1301 1756 1632 1817 adscribere
1670 1759 1788 1836 (l).
1833 1758 1905 1816 Et
1941 1760 2222 1840 quoniam
2264 1761 2414 1820 ratio

267 1861 583 1918 theoretica
625 1878 690 1915 ac
728 1858 1013 1936 practica
1062 1864 1187 1928 est,
1237 1853 1311 1912 de
1357 1864 1606 1935 utraque
1657 1853 1923 1935 inquirit.
1964 1854 2414 1937 Expeditissima

267 1977 446 2038 porro
477 1975 570 2014 res
598 1965 686 2012 est
730 1951 926 2034 quoad
955 1955 1302 2031 practicam
1341 1953 1670 2025 rationem7
1711 1950 1931 2033 quippe
1978 1971 2142 2033 quta,
2184 1973 2318 2011 cum
2343 1973 2416 2012 ex

267 2052 473 2134 positis
506 2049 809 2134 principiis
837 2050 1175 2129 legislatrioe
1210 2068 1315 2129 per
1353 2068 1415 2107 se
1452 2047 1561 2122 sit7
1608 2047 1804 2106 omnia
1853 2047 2096 2107 moralia
2128 2037 2315 2108 officia
2343 2070 2417 2109 ex

267 2150 387 2207 fine
410 2149 731 2206 necessario
753 2146 1037 2204 humanoe
1065 2144 1384 2224 dignitatis
1406 2144 1597 2224 exigat
1618 2189 1634 2220 ‚
1668 2146 1872 2203 stricte
1897 2166 1963 2203 ac
1976 2148 2238 2224 perfecte
2261 2143 2417 2205 obli-

269 2257 395 2325 get,
440 2265 688 2324 suasque
719 2242 874 2322 leges
905 2244 1212 2301 sanctione
1237 2243 1604 2300 communiat
1623 2286 1639 2315 .,
1677 2240 1821 2322 quid
1850 2241 1975 2323 ipsa
1995 2287 2012 2315 .,
2045 2242 2240 2324 inquit
2264 2243 2416 2302 Her-

267 2341 522 2414 mesiuS,
568 2341 674 2399 Dei
711 2338 1088 2398 existentiam
1128 2337 1426 2419 postulare
1479 2349 1674 2421 posset
1714 2337 1846 2418 (2)?
1900 2339 1966 2396 In
2007 2339 2235 2398 ratione
2280 2359 2417 2398 vero

268 2438 583 2496 theoretica
631 2435 863 2495 invenit
908 2437 1313 2493 necessitatem
1358 2456 1559 2493 causoe
1601 2440 1837 2514 primoe
1885 2433 1960 2493 ob
1999 2435 2418 2515 contigentiam

267 2554 499 2607 rerum3
548 2545 724 2614 atque
754 2531 893 2590 hinc
923 2531 1494 2591 demonstrationem
1533 2553 1700 2590 suam
1742 2535 1891 2614 petit
1927 2552 1992 2591 ac
2017 2531 2143 2592 fuse
2168 2531 2413 2594 evolvit.

266 2766 364 2820 est3
399 2758 621 2805 veracitas
664 2755 838 2804 Christi
879 2766 924 2805 et
972 2755 1297 2821 Apostolorum

267 2856 454 2886 summe
481 2838 750 2904 probabilis
790 2848 889 2899 est,
930 2848 976 2887 et
1019 2841 1082 2886 ita
1119 2856 1257 2903 porro
1281 2855 1327 2901 3„

1387 2758 1582 2821 imperio
1604 2773 1689 2804 nos
1707 2767 1840 2822 cogat
1868 2758 1927 2805 ad
1957 2774 2009 2806 ea
2041 2758 2198 2805 omnia
2213 2758 2280 2804 uti
2299 2771 2410 2803 vera

1385 2855 1443 2886 ac
1484 2837 1635 2886 realia
1678 2839 1994 2899 admittenda,
2038 2840 2206 2887 frustra
2239 2840 2416 2886 ratione

259 2923 343 2969 scd
366 2923 455 2970 hoc
474 2940 567 2970 uon
586 2923 809 2987 impedit,
828 2933 881 2970 ut
908 2921 1161 2970 theoretice
1180 2940 1299 2970 sem-

267 3022 349 3068 per
376 3005 587 3053 dubitare
616 3021 874 3071 queamus,
895 3022 1011 3053 num
1035 3022 1189 3054 revera
1217 3005 1298 3053 illa

266 3087 384 3134 facta
409 3089 684 3144 extiterint,
710 3105 826 3137 num
858 3088 1031 3136 fuerint
1061 3076 1299 3153 superna-

262 3168 480 3229 turalia,
515 3188 632 3218 num
663 3170 905 3235 Apostoli,
938 3189 1056 3218 num
1085 3170 1298 3219 Christus

265 3254 363 3317 ipse
381 3252 565 3318 decepti
586 3263 668 3302 aut
687 3254 954 3320 deceptores
968 3255 1177 3318 suerint.
1197 3253 1299 3303 Hoc

263 3335 467 3383 dubium
500 3335 809 3384 theoreticam
836 3340 971 3404 juxta
1000 3337 1297 3386 Hermesium

265 3421 382 3468 ratio
411 3417 664 3467 theoretica
689 3438 714 3468 a
745 3438 793 3468 se
822 3419 1055 3485 depellere
1085 3438 1181 3469 non
1211 3440 1295 3486 po-

268 3512 372 3551 test.
402 3501 509 3550 Ideo
539 3502 906 3567 confugiendum
927 3506 1123 3552 omnino
1148 3513 1217 3552 est
1238 3504 1296 3552 ad

267 3586 495 3634 rationem
531 3586 829 3650 practicam,
877 3602 982 3652 quae
1030 3604 1084 3635 ex
1125 3584 1298 3634 morali

1384 2923 1638 2971 theoretica
1670 2924 1922 2973 obsistente
1957 2935 2003 2973 et
2027 2922 2419 2972 reluctante.Ra-

1385 3009 1451 3054 tio
1467 3007 1608 3071 igitur
1615 3008 1841 3071 practica
1854 3016 2042 3055 tantum
2053 3011 2204 3070 potest
2221 3005 2418 3053 demon-

1385 3092 1657 3138 strationem
1699 3091 1757 3139 de
1797 3093 1987 3139 veritate
2028 3089 2258 3155 objectiva
2292 3088 2421 3138 Reli-

1384 3174 1532 3238 gionis
1574 3173 1836 3221 christiauae
1879 3171 2123 3220 conficere.
2158 3171 2230 3219 En
2273 3172 2420 3220 clavis

1383 3256 1524 3302 totius
1549 3253 1863 3303 Hermesianae
1891 3253 2196 3317 philosophias
2214 3270 2269 3301 ac
2289 3253 2423 3302 theo-

1385 3339 1541 3404 logiae.

1449 3421 1513 3484 (1)
1553 3417 1744 3468 Introd.
1766 3418 1948 3485 philos.
1981 3419 2221 3486 lnquis.2‚
2240 3429 2411 3478 secta,

1381 3513 1467 3555 art.
1503 3519 1542 3549 1.
1988 3515 1991 3518 ·

1453 3582 1519 3646 (2)
1555 3579 1710 3648 365,
1744 3599 1850 3649 pag·
1881 3581 1999 3646 415·
2071 3578 2077 3581 ⁴
