2502 4134
281 122 397 186 380
874 153 1067 194 macr.
1113 155 1182 195 na
1222 159 1377 200 nocis
1418 160 1801 206 machomum.
1860 175 1872 182 Α·

279 288 380 351 illa
413 291 810 374 philosophica
840 308 1173 357 commenta
1210 301 1612 380 excutiantur,
1653 326 1719 364 ea
1753 327 1872 367 uno
1909 309 2169 372 alterove
2206 333 2276 371 ex
2312 312 2400 372 his

238 454 241 461 ¹
279 386 433 447 vitiis
466 387 672 448 intime
702 388 1080 452 invenientur
1109 394 1313 455 affecta
1334 442 1351 473 ,
1384 419 1449 456 ac
1486 398 1734 480 proinde
1763 400 1837 461 ab
1865 403 1989 483 ipsa
2013 418 2172 467 recte
2206 405 2401 490 philo-

280 481 568 562 sophante
603 484 832 546 ratione
864 486 1225 550 damnantur
1257 493 1536 569 omninog
1573 495 1817 556 minime
1854 518 1993 559 vero
2026 522 2094 560 eo
2128 505 2398 579 nomine,

280 575 438 657 quod
461 577 883 642 revelationem
907 584 1166 647 divinam
1191 610 1298 669 pro
1322 586 1444 647 basi
1466 589 1920 673 philosophandi
1941 616 2058 653 non
2082 618 2400 682 assumpse-

276 671 398 730 rint
428 672 665 734 illorum
695 690 975 739 auctores.
1002 683 1190 763 Atque
1221 683 1314 742 hic
1341 684 1647 766 paululum
1675 685 2096 749 declarandum
2127 704 2213 752 est
2243 695 2404 776 prin-

277 766 492 849 cipium
521 769 702 848 illud,
744 774 900 856 quod
940 782 1095 836 ratio
1126 779 1540 861 philosoph-ica
1576 783 1781 841 debeat
1811 788 1879 842 in
1916 789 2169 865 proprio
2204 781 2404 866 fundo

276 869 587 925 veritatem
621 871 925 942 invenire,
971 874 1242 957 quodque
1281 887 1348 934 ut
1383 878 1627 937 omnino
1672 880 2256 941 anti-christianum
2297 882 2403 942 ad-

275 962 515 1020 versarii
547 965 881 1026 traducunt.
916 969 982 1028 Id
1015 972 1173 1030 enim
1213 971 1306 1032 vel
1343 974 1607 1039 absolute
1636 974 1732 1037 vel
1773 977 2133 1056 hypothetice
2160 977 2405 1059 intelligi

273 1066 489 1137 potest.
511 1059 699 1143 Atque
724 1063 791 1122 iis
817 1064 1091 1146 quidem,
1120 1068 1221 1150 qui
1250 1067 1625 1129 christianam
1654 1071 2075 1133 revelationem
2098 1075 2404 1154 ignorant,

274 1152 537 1214 absolute
578 1158 836 1239 profecto
874 1183 1020 1242 opus
1061 1175 1182 1238 est,
1229 1176 1295 1223 ut
1331 1165 1394 1224 in
1442 1167 1681 1249 proprio
1730 1168 1909 1228 etiam
1945 1169 2184 1228 rationis
2222 1168 2405 1239 fundo

273 1249 549 1313 veritates
589 1255 883 1317 naturales
920 1272 1187 1341 quaerant
1222 1283 1287 1320 ac
1326 1262 1672 1339 inveniant,
1715 1263 2191 1348 quandoquidem
2229 1266 2304 1325 ad
2345 1265 2406 1324 id

273 1342 498 1407 homini
526 1371 559 1409 a
583 1373 857 1434 supremo
882 1357 1086 1438 opifice
1114 1361 1233 1417 Deo
1258 1359 1446 1419 indita
1473 1372 1628 1419 recta
1656 1362 1804 1420 ratio
1836 1373 1924 1421 est
1942 1361 2049 1445 (1).
2076 1362 2405 1421 Christiano

275 1454 470 1504 autem
526 1446 878 1531 philosopho
927 1454 1165 1513 nonnisi
1209 1456 1572 1535 hypothetice
1612 1479 1678 1517 ea
1723 1469 2056 1541 competere
2105 1459 2404 1541 inquisitio

269 1551 465 1622 potest
493 1554 667 1626 atque
694 1546 973 1608 detectiO.
1005 1550 1150 1609 Cum
1191 1554 1350 1611 enim
1377 1554 1500 1636 ipse
1530 1553 1713 1636 probe
1744 1555 1917 1630 sciat,
1950 1554 2226 1615 veritates
2253 1555 2404 1636 ipsas

268 1637 566 1701 naturales
609 1642 730 1707 sive
774 1646 1198 1730 metaphysicas
1245 1649 1368 1710 sive
1415 1650 1665 1709 morales
1711 1672 1745 1709 a
1792 1650 1992 1711 divina
2042 1649 2405 1711 revelatione

273 1734 518 1817 clariUS,
564 1739 800 1803 uberius
836 1744 1177 1828 firmiusque
1213 1745 1531 1827 patefactas
1567 1767 1691 1806 esse
1713 1790 1728 1820 ,
1761 1768 1905 1804 num
1935 1746 2153 1827 poterit
2190 1745 2318 1805 illas
2339 1747 2405 1805 in

276 1836 523 1899 dubium
549 1840 798 1923 positive
827 1863 1100 1902 revocare
1122 1887 1138 1917 ,
1174 1854 1238 1900 ut
1264 1841 1396 1900 illas
1427 1841 1564 1901 dein
1598 1842 1662 1900 in
1688 1841 1927 1924 proprio
1958 1841 2199 1900 rationis
2224 1840 2407 1900 fundo

273 1933 448 2017 longo
481 1935 679 1997 labore
710 1938 1020 1999 inveniat?
1059 1937 1240 1998 Absit.
1273 1937 1376 1998 Ille
1413 1938 1590 2019 igitur
1620 1938 1946 1997 maximum
1982 1936 2123 1996 inde
2160 1959 2411 1997 manans

275 2033 527 2092 naturali
551 2034 660 2116 ipsi
687 2035 929 2095 rationis
960 2033 1172 2094 lumini
1206 2034 1676 2094 emolumentum
1702 2055 1766 2093 ac
1790 2032 2127 2116 praesidium
2153 2031 2407 2093 libenter

270 2128 684 2213 profitebitur3
733 2131 1023 2213 intelliget
1065 2131 1128 2190 in
1176 2143 1583 2206 antecessum,
1636 2152 1752 2212 quo
1796 2129 2041 2189 demum
2092 2128 2406 2188 rationales

273 2247 390 2287 suae
443 2248 645 2287 omnes
689 2227 1097 2310 inquisitiones
1139 2227 1327 2288 veluti
1376 2228 1450 2287 ad
1506 2228 1682 2287 fixam
1723 2248 1789 2286 ac
1834 2225 2138 2286 definitam
2186 2236 2409 2285 metam

274 2335 536 2406 spectare
577 2346 642 2383 ac
683 2324 850 2405 dirigi
890 2320 1181 2398 debeant,
1227 2325 1368 2384 sciet
1412 2324 1594 2384 veluti
1631 2324 1856 2407 peritus
1897 2333 2115 2398 nauta,
2163 2322 2408 2404 quinam

271 2418 382 2478 sibi
409 2407 607 2479 cursus
640 2421 933 2481 tenendus
971 2422 1088 2498 sit,
1125 2433 1190 2480 ut
1227 2431 1352 2481 toto
1389 2432 1629 2504 portum
1663 2420 1950 2502 attingat3
1990 2440 2263 2478 normam
2301 2417 2409 2476 de-

273 2537 438 2575 mum
482 2515 766 2594 habebit,
812 2517 888 2577 ad
935 2539 1113 2600 quam
1163 2517 1570 2600 inquisitiones
1614 2516 1741 2575 illas
1784 2537 1932 2599 pure
1974 2514 2408 2598 philosophicas

272 2611 529 2695 redigat,
559 2636 624 2674 ac
660 2614 741 2674 ita
776 2613 850 2674 ab
884 2614 1046 2674 omni
1084 2635 1312 2690 errore,
1348 2614 1395 2673 si
1424 2614 1576 2675 forte
1600 2613 1932 2696 irrepserit,
1962 2622 2207 2672 tutetur.
2237 2612 2405 2670 Inte-

273 2727 371 2767 rea
394 2752 410 2784 ,
458 2720 659 2770 tamen
697 2711 1093 2791 hypothetice,
1131 2733 1226 2770 eas
1271 2711 1426 2792 ipsas
1465 2710 1742 2772 veritates
1787 2710 1849 2767 in
1889 2709 2127 2791 proprio
2166 2705 2407 2766 rationis

272 2803 457 2864 fundo
499 2808 741 2889 quaerit,
783 2819 850 2867 ut
882 2828 1099 2890 nempe
1135 2828 1339 2866 earum
1372 2806 1659 2889 principia
1684 2851 1700 2881 ,
1739 2805 2126 2865 fundamenta
2161 2823 2226 2862 ac
2265 2822 2407 2884 pro-

270 2897 537 2963 bationes
577 2903 798 2964 ibidem
844 2903 1113 2983 detegat,
1162 2902 1263 2962 ubi
1297 2914 1453 2963 certe
1491 2901 1840 2961 delitescant
1874 2910 2140 2984 oportet,
2179 2918 2247 2957 eo
2278 2897 2406 2980 ipso

275 3000 434 3079 quod
470 3000 584 3062 illae
616 3001 1070 3062 naturalium‘ac
1098 3001 1471 3061 rationalium
1506 3000 1826 3060 veritatum
1850 3010 2122 3058 naturam
2153 3016 2273 3054 non
2303 3016 2407 3054 ex-

275 3094 506 3158 cedant.
554 3098 639 3158 Ita
683 3097 1084 3181 psychologice
1128 3109 1188 3158 et
1234 3097 1415 3180 logice
1458 3094 1759 3179 procedit,
1804 3096 1884 3154 ita
1927 3111 2407 3174 unamquamque

346 3276 419 3339 (Ι)
452 3275 506 3323 Id
532 3278 657 3342 quod
679 3279 738 3326 de
759 3280 842 3339 iis,
869 3279 949 3345 qui
972 3278 1305 3326 revelationem
1390 3276 1500 3325 inde
1525 3274 1778 3340 culpandi,
1814 3289 1930 3320 uum
1960 3271 2125 3319 melius
2163 3287 2257 3317 non
2293 3272 2376 3316 crit
2395 3306 2408 3327 ,

275 3361 523 3423 ignorant,
566 3360 883 3418 affirmamus,
934 3362 992 3410 de
1030 3362 1086 3409 iis
1117 3377 1306 3426 quoque
1390 3370 1443 3407 ut
1473 3361 1649 3407 ratione
1679 3374 1760 3404 sua
1789 3357 2001 3404 veritates
2034 3357 2152 3419 ipsas
2180 3352 2410 3400 naturales

277 3440 370 3490 dici
395 3458 511 3506 opus
533 3451 600 3489 est
622 3479 635 3499 ,
667 3445 748 3507 qui
770 3461 823 3491 ex
848 3445 1138 3508 perversitate
1160 3444 1306 3490 animi
1390 3442 1448 3490 de
1465 3440 1566 3489 Deo
1582 3477 1594 3498 ‚
1622 3439 1680 3487 de
1698 3440 1865 3486 animae
1887 3446 2047 3485 natura
2068 3471 2081 3497 ,
2111 3436 2169 3484 de
2196 3436 2292 3498 lege
2313 3450 2412 3481 mo-

276 3526 542 3590 mentisque
579 3526 777 3572 caecitate
816 3526 991 3584 fidem,
1044 3534 1091 3573 et
1131 3524 1306 3573 revela·
1390 3522 1475 3571 rali
1507 3524 1816 3586 investigent,
1866 3537 2009 3586 quam
2052 3522 2102 3566 in
2142 3513 2411 3567 omnimoda

277 3609 451 3655 tionem
461 3609 556 3674 jam
571 3609 802 3672 cognitam
818 3614 866 3656 et
880 3617 1157 3673 susceptam,
1180 3609 1300 3654 ami·
1386 3604 1713 3664 incredulitate
1746 3612 2046 3668 permancant
2064 3604 2088 3648 ?

278 3696 458 3750 serunt.
493 3689 717 3755 Quamvis
753 3692 877 3738 enim
914 3691 989 3738 isti
1028 3706 1303 3755 magnopere
