2502 4134
202 127 238 186 6
489 163 492 166 >
826 152 1024 193 rusc'r.
1075 156 1144 193 nn
1187 157 1340 196 mors
1384 158 1758 202 ruuotoelcis.

201 294 290 354 ad
310 294 599 356 Hebraeos
613 317 635 366 ,·
666 297 844 357 Petri
869 300 1141 381 Apostoli
1162 302 1298 363 duae
1313 347 1337 376 ,
1366 304 1635 366 Joannis
1662 307 1932 387 Apostoli
1950 319 2100 382 tres,
2126 311 2351 371 Jacobi

202 392 479 471 Apostoli
529 415 662 452 una
682 437 703 466 ,
753 396 805 455 J
803 397 938 457 udae
988 397 1261 479 Apostoli
1313 421 1442 459 una
1455 445 1480 474 ,
1528 413 1584 461 et
1639 404 2035 485 Apocalypsis
2082 407 2348 467 Joannis

202 490 489 569 Apostoli.

287 586 363 643 Si
380 589 518 664 quis
540 597 743 646 autem
775 589 960 648 libros
989 593 1148 668 ipsos
1170 613 1313 650 cum
1350 594 1635 653 omnihus
1669 600 1796 655 suis
1817 599 2108 676 partibus
2120 640 2143 670 ,
2159 609 2352 677 prout

202 684 275 739 in
315 682 591 741 Ecclesia
637 684 932 743 catholica
982 688 1096 766 leyi
1135 697 1604 760 consueverunt,
1659 701 1717 749 et
1761 695 1831 751 in
1876 696 2062 752 veteri
2107 695 2350 774 vulgata

202 778 460 838 editione
503 779 811 839 hahentur
827 823 849 852 ,
892 802 1006 865 pro
1046 787 1240 841 sacris
1287 794 1344 844 et
1394 789 1709 844 canonicis
1761 808 1884 846 non
1939 794 2341 870 susceperit...

205 876 534 934 anatliema
569 880 667 935 sit.

267 972 297 1029 1
310 971 339 1028 l
350 1019 362 1032 .
380 971 465 1029 Ex
485 971 573 1060 his
587 994 765 1053 porro
781 984 909 1033 tum
928 973 1150 1033 Veteris
1166 984 1296 1032 tum
1312 975 1464 1035 Novi
1480 976 1840 1035 Testamenti
1851 975 2016 1037 libris
2035 978 2133 1039 alii
2147 979 2350 1042 dicun—

208 1078 307 1126 tur
331 1073 854 1147 proto-canonici,
873 1069 973 1129 alii
1007 1071 1584 1130 deutero-canonici.
1609 1074 2084 1135 Proto-canonici
2120 1076 2162 1135 ii
2186 1089 2348 1153 sunt,

211 1163 313 1246 qui
349 1163 617 1223 omnium
649 1185 939 1225 consensu
964 1187 1199 1247 semper
1218 1167 1279 1225 in
1305 1188 1591 1227 canonem
1616 1170 1837 1251 recepti
1863 1181 2039 1244 suntg
2074 1170 2355 1232 deutero-

205 1260 471 1320 canonici
498 1282 638 1320 vero
662 1261 732 1336 ii,
762 1283 1015 1344 quorum
1037 1263 1390 1323 canonicitas
1417 1286 1539 1323 non
1571 1263 1644 1324 ab
1669 1265 1943 1326 omnibus
1972 1289 2206 1350 semper
2249 1291 2352 1350 ag-

206 1358 332 1417 nita
347 1368 455 1418 est.
475 1355 632 1417 Libri
653 1359 1117 1439 proto-canonici
1138 1360 1261 1419 Vet.
1279 1361 1461 1436 Test.,
1484 1372 1722 1422 auctore
1740 1361 1943 1424 Flavio
1961 1364 1998 1424 J
2000 1364 2219 1447 osepho
2231 1356 2350 1446 (1),

277 1608 344 1674 (1)
385 1606 530 1658 Cont.
565 1606 804 1675 Apionem
829 1645 843 1668 ‚
881 1609 970 1659 lib.
1013 1625 1030 1657 1
1055 1647 1068 1671 ‚
1106 1608 1132 1676 S
1172 1606 1238 1672 8,

210 1690 294 1742 ubi
329 1690 496 1740 scribit
529 1706 543 1741 2
570 1693 746 1757 Itaque
774 1691 910 1758 apud
934 1709 1022 1740 nos
1058 1709 1243 1758 nequa-

206 1792 358 1842 quam
378 1774 758 1824 innumerabilis
777 1784 847 1824 est
863 1776 1095 1825 librorum
1114 1776 1241 1826 mul-

210 1859 398 1918 titudo,
440 1859 834 1908 dissentientium
868 1869 1009 1926 atque
1043 1863 1172 1910 inter
1197 1879 1246 1909 se

203 1944 575 2009 puqnantium,·
605 1942 690 1990 sed
719 1942 814 1991 duo
838 1943 1079 1992 duntaxat
1098 1954 1143 1992 et
1170 1947 1247 1993 vi-

212 2027 345 2091 qinti
371 2025 515 2087 libri,
540 2028 686 2074 totius
711 2028 937 2093 temporis
969 2028 1246 2093 (praeteriti)

210 2108 467 2156 historiam
479 2108 852 2175 complectentes,
866 2109 953 2175 qui
967 2112 1135 2159 merito
1146 2128 1250 2160 cre-

214 2190 404 2240 duntur
417 2192 583 2240 divini
598 2195 707 2255 (t.u,
726 2189 1247 2260 p.441edit.Haverc.).

218 2272 317 2323 Hos
338 2274 509 2323 deinde
527 2286 811 2324 enumerans
831 2313 843 2335 ‚
873 2286 1085 2325 recenset
1111 2279 1251 2343 quin-

216 2374 309 2422 que
342 2357 486 2406 libros
529 2357 739 2423 Moysis,
773 2359 999 2407 tredecim
1041 2358 1187 2408 libros
1224 2379 1250 2409 a

215 2438 459 2505 Prophetis
488 2443 772 2506 conscriptos
788 2478 801 2502 ,
830 2451 875 2489 et
897 2452 1102 2507 quatuor
1123 2460 1254 2491 com-

216 2523 468 2588 plectentes
500 2524 702 2590 hymnos
738 2526 789 2571 in
824 2523 911 2573 Dei
948 2523 1174 2586 laudem,
1209 2536 1255 2573 et

215 2616 450 2671 praecepta
503 2608 610 2654 vitae
663 2606 916 2655 hominum
967 2608 1212 2656 utilissima
1237 2643 1252 2667 ‚

218 2704 392 2753 nempe
432 2687 608 2748 libros,
647 2706 765 2754 quos
803 2706 890 2736 nos
926 2706 1145 2737 vocamus
1180 2705 1254 2736 sa-

219 2772 479 2838 pientiales.
511 2770 567 2820 S.
586 2770 902 2838 Hieronymus
923 2809 937 2831 ,
970 2773 1021 2818 in
1049 2770 1258 2836 Proloqo

220 2853 408 2920 qaleato
442 2858 494 2904 in
523 2853 605 2904 lib.
634 2854 749 2921 Reg.
785 2855 909 2904 hanc
940 2857 1256 2904 enumeratio-

222 2956 335 2987 nem
378 2939 517 2988 refert
553 2938 614 2987 ad
647 2938 820 3003 viginti
865 2938 981 2986 duas
1022 2938 1261 3003 alphabeti

224 3021 437 3070 hebraici
467 3021 645 3070 litteras
663 3057 678 3085 ,
710 3021 919 3070 scribens
951 3038 964 3069 ε
993 3019 1050 3066 V
1048 3021 1196 3085 2'9inti
1218 3029 1263 3068 et

227 3104 352 3152 duas
374 3104 556 3153 litteras
580 3121 679 3153 esse
703 3105 837 3170 apud
864 3102 1100 3153 Hebraeos
1118 3141 1132 3163 ‚
1165 3101 1262 3170 Sy-

229 3203 395 3235 rorum
420 3204 604 3252 quoque
632 3197 676 3235 et
714 3186 1059 3237 Clialdaeorum
1090 3187 1264 3252 linqua

228 3277 489 3319 testatur...
508 3269 760 3337 Quomodo
779 3272 935 3336 iqitur
963 3271 1142 3335 viqinti
1170 3270 1265 3319 duo

230 3350 460 3401 elementa
485 3360 671 3402 sunt...
698 3354 769 3401 ita
805 3354 991 3419 viqinti
1013 3352 1108 3401 du'o
1131 3352 1263 3402 volu·

230 3438 372 3484 mina
398 3446 753 3503 supputantur,
796 3437 1006 3503 quibus,
1042 3448 1132 3487 etc.
1167 3435 1268 3488 Ad-

231 3529 364 3567 notat
392 3530 549 3568 tamen
575 3520 695 3568 ibid.
726 3523 941 3587 quinque
976 3521 1153 3570 litteras
1177 3520 1268 3570 du-

204 3625 214 3632 ·
233 3600 379 3666 plices
411 3603 538 3667 apud
557 3603 775 3654 Hebraeos
795 3623 893 3654 esse
917 3604 1042 3673 caph
1062 3642 1078 3667 ,
1107 3622 1231 3653 mem
1244 3641 1262 3667 ‚

231 3699 342 3732 nun
363 3721 376 3745 ‚
402 3684 524 3750 phe,
565 3686 705 3749 sade,
744 3705 860 3755 quas
892 3704 974 3737 nos
1004 3686 1165 3739 finales
1189 3705 1270 3738 vo-

1322 1628 1502 1661 camus.
1531 1610 1702 1675 Unde,
1724 1615 2047 1680 prosequitur,
2066 1621 2112 1662 et
2139 1615 2357 1681 quinque

1324 1710 1357 1742 a
1367 1692 1615 1760 plerisque
1646 1693 1766 1743 libri
1787 1694 2003 1762 duplices
2022 1698 2354 1755 aestimantur,

1327 1775 1543 1839 Samuel,
1563 1777 1858 1840 Melacliim,
1891 1777 2320 1845 Dibre-liajamim
2333 1815 2353 1843 ,

1327 1858 1545 1917 Esdras,
1561 1862 1802 1909 Jeremias
1819 1877 1934 1909 cum
1957 1860 2156 1924 cinoth,
2182 1861 2237 1910 id
2256 1867 2354 1924 est,

1310 1943 1789 2006 ‘Lamentationibus
1812 1947 1935 1996 suis.
1955 1946 2100 1995 Erant
2124 1957 2361 2012 propterea

1334 2028 1498 2091 viginti
1517 2039 1691 2093 septem
1720 2027 1831 2076 libri
1846 2031 2234 2094 proto-canonici
2247 2028 2358 2078 Vet.

1331 2109 1460 2160 Test.
1498 2110 1559 2159 Hi
1590 2111 1920 2161 dividebantur
1953 2114 2004 2160 in
2036 2122 2127 2161 tres
2158 2113 2356 2171 classes,

1331 2197 1382 2243 in
1416 2194 1564 2259 leqem
1607 2213 1778 2262 nempe
1798 2234 1812 2256 ‚
1840 2195 2128 2262 prophetas,
2159 2184 2362 2261 hymnos

1331 2294 1416 2327 seu
1455 2277 1702 2345 psalmos,
1748 2280 1807 2327 ad
1855 2297 1998 2345 quam
2048 2279 2326 2328 divisionem
2346 2315 2360 2340 ,

1332 2356 1463 2427 juxta
1512 2360 1841 2409 Maldonatum
1863 2397 1876 2420 ‚
1929 2360 2146 2410 Natalem
2191 2360 2324 2411 Alex.
2346 2396 2361 2419 ‚

1335 2442 1655 2507 Lightfootum
1672 2481 1686 2503 ‚
1716 2441 1929 2494 Miscell.
1954 2461 2060 2508 cap.
2083 2441 2176 2507 44,
2201 2442 2255 2491 Ρ.
2275 2442 2366 2491 La-

1339 2541 1455 2593 my,
1504 2528 1555 2574 in
1606 2525 1873 2592 Apparatu
1911 2524 2121 2586 biblico,
2168 2523 2255 2574 lib.
2297 2541 2363 2586 n,

1338 2624 1444 2671 cap.
1479 2623 1538 2668 2,
1567 2607 1775 2672 aliosque
1804 2609 2003 2671 passim,
2040 2606 2196 2654 allusit
2229 2605 2368 2655 Chri-

1337 2698 1466 2747 stus,
1499 2687 1617 2736 Luc.
1638 2705 1750 2736 xxiv
1768 2725 1782 2748 ,
1810 2685 1898 2752 44,
1934 2688 2094 2737 dicens
2126 2705 2140 2739 ε
2166 2688 2371 2738 Necesse

1341 2777 1410 2817 est
1435 2770 1632 2835 impleri
1662 2772 1864 2833 omnia,
1899 2788 2007 2836 quoe
2038 2774 2222 2838 scripta
2255 2779 2375 2821 sunt

1341 2854 1397 2900 in
1423 2851 1519 2917 leqe
1557 2853 1726 2918 Moysi
1754 2862 1799 2901 et
1828 2853 2093 2920 Prophetis
2135 2861 2182 2903 et
2226 2853 2376 2904 Psal-

1342 2937 1439 2983 mis
1471 2935 1529 2983 de
1561 2953 1653 2985 me.
1693 2937 1853 2986 Postea
1892 2937 2131 2999 obtinuit,
2166 2948 2218 2986 ut
2253 2938 2374 2986 divi-

1345 3020 1568 3069 derentur
1591 3022 1641 3067 in
1670 3017 1818 3084 leqem
1827 3055 1843 3077 ,
1854 3019 2115 3086 prophetas
2136 3028 2183 3068 et
2201 3019 2374 3084 hayio-

1344 3101 1549 3168 yrapha.
1580 3101 1650 3151 De
1673 3120 1765 3168 qua
1790 3102 2019 3151 divisione
2044 3103 2130 3151 cfr.
2151 3102 2373 3161 Vossius,

1347 3187 1405 3235 de
1439 3184 1593 3233 Orac.
1619 3181 1918 3249 Sibyllinis,
1952 3201 2054 3249 cap.
2093 3201 2151 3233 12
2173 3219 2188 3247 ‚
2220 3172 2376 3249 Lugd.

1347 3267 1507 3318 Batav.
1550 3265 1705 3331 16803
1739 3279 1935 3335 uterque
1966 3268 2261 3329 Buxtorfius‚
2294 3266 2378 3316 ubi

1352 3353 1410 3401 de
1440 3369 1619 3401 canone
1648 3351 1991 3415 Hebraeorum3
2021 3354 2133 3400 item
2162 3350 2380 3399 Blanchi-

1349 3438 1487 3496 nius,
1522 3453 1597 3500 op.
1650 3437 1729 3484 cit.
1772 3435 1931 3500 Proefi
1973 3451 2085 3500 qen.
2122 3451 2233 3501 pag.
2273 3450 2307 3500 9
2336 3449 2381 3482 et

1355 3518 1800 3586 seqq..Bonfrerius
1828 3518 1880 3567 S.
1921 3517 1971 3567 J.
2009 3520 2060 3566 in
2090 3513 2382 3582 Prceloquiis

1354 3607 1413 3653 in
1445 3611 1592 3652 totam
1617 3602 1732 3653 Sac.
1761 3600 1943 3670 Script.
1972 3619 2077 3669 cap.
2100 3602 2130 3651 3
2148 3640 2160 3664 ,
2189 3612 2301 3652 sect.
2324 3595 2377 3647 6.
