2502 4134
274 35 391 95 478
863 55 1073 93 ruer.
1121 57 1189 92 mi
1233 57 1383 94 Locis
1423 60 1797 99 ‘rnnoroelms

353 203 495 261 201.
541 199 772 259 Etenim
800 218 935 256 cum
963 209 1124 257 actus
1153 198 1288 257 fidei
1313 197 1528 258 debeat
1550 203 1872 261 necessario
1900 215 1959 263 et
1976 205 2049 263 ab
2070 206 2388 265 intrinseco

271 295 762 379 supernaturalis
795 314 952 368 esse,
998 295 1121 352 fieri
1158 316 1466 375 nunquam
1508 306 1739 376 potest,
1772 308 1838 355 ut
1873 301 2260 360 constituatur
2303 313 2404 360 aut

267 394 538 454 eliciatur
556 435 571 461 .,
610 400 897 470 tanquam
923 411 995 448 ex
1017 389 1306 471 principio
1329 392 1581 469 formali
1609 413 1680 450 ex
1713 391 2011 453 evidentia
2043 397 2402 458 motivorum

271 485 708 557 credibilitatis,
754 507 884 566 quae
920 506 990 543 ex
1035 507 1094 545 se
1134 496 1253 545 tota
1299 485 1586 545 naturalis
1622 498 1746 562 est,
1786 499 1844 546 et
1886 490 2215 551 naturalem
2252 495 2407 574 parit

270 580 686 643 certitudinem
720 592 820 639 aut
853 582 1311 663 persuasionem.

348 679 492 738 202.
543 679 790 761 Insuper
825 689 988 737 actus
1021 677 1160 738 fidei
1196 678 1326 738 talis
1355 691 1478 755 est,
1514 691 1581 739 ut
1606 677 1980 758 infallibilem
2017 678 2405 758 obJectivam-

268 797 384 858 que
425 774 845 834 certitudinem
881 795 1079 833 secum
1126 775 1309 849 ferat,
1349 797 1479 857 quae
1517 774 1853 835 naturalem
1876 777 2146 858 quamvis
2171 793 2408 860 superet

267 869 708 932 certitudinem.
748 871 884 929 Jam
929 890 1070 931 vero
1110 870 1397 950 ejusmodi
1438 871 1729 930 certitudo
1771 871 1993 931 fructus
2039 893 2163 931 esse
2204 875 2410 955 nequit

266 967 545 1027 humanae
580 970 1002 1048 cujuscumque
1026 966 1448 1049 disquisitionis
1482 978 1582 1028 aut
1612 967 1915 1027 industriae
1937 1013 1953 1043 7
1997 966 2099 1027 sed
2123 969 2407 1029 nonnisia

265 1064 464 1124 divina
488 1064 673 1147 gratia
698 1108 713 1136 ‚
745 1084 844 1122 seu
869 1063 1159 1146 principio
1182 1062 1614 1146 supernaturali
1639 1062 1882 1145 produci
1902 1065 1967 1122 in
1989 1063 2162 1123 nobis
2174 1076 2368 1147 potest
2388 1111 2405 1140 .,

267 1161 560 1243 innitique
591 1181 825 1242 prorsus
860 1160 1196 1218 auctoritati
1222 1158 1400 1219 debet
1423 1159 1656 1219 divinae.

347 1256 491 1317 203.
543 1258 672 1316 Huc
702 1256 959 1331 accedit7
996 1256 1155 1337 quod
1195 1256 1482 1335 ejusmodi
1518 1255 1918 1317 credibilitatis
1959 1257 2175 1317 motiva
2197 1303 2213 1331 ,
2249 1278 2409 1339 quae-

263 1375 516 1435 cumque
555 1352 798 1412 demum
828 1352 946 1411 sint
967 1398 982 1427 7
1011 1353 1248 1411 nonnisi
1282 1354 1673 1411 extrinsecam
1703 1352 2098 1427 evidentiam,
2126 1365 2191 1411 ut
2214 1354 2406 1411 innui·

264 1473 435 1526 muS.,
473 1449 705 1509 efficere
744 1460 999 1530 queant3
1041 1460 1202 1507 actus
1246 1470 1384 1507 vero
1425 1449 1560 1507 fidei
1610 1449 1828 1508 feratur
1874 1450 1937 1506 in
1976 1448 2234 1526 obJecta,
2274 1470 2405 1531 quae

265 1569 387 1605 non
411 1546 727 1604 intrinseca
755 1545 931 1604 modo
961 1544 1259 1605 evidentia
1291 1543 1573 1603 destituta
1594 1556 1766 1619 sunt,
1791 1543 1895 1603 sed
1920 1544 2241 1603 suntnobis
2268 1544 2407 1603 obs—

264 1663 404 1702 cura
434 1665 501 1702 ac
531 1642 745 1700 rationi
792 1653 1009 1700 nostrae
1046 1641 1330 1722 impervia
1354 1686 1369 1713 ,
1402 1662 1535 1700 cum
1571 1663 1700 1699 eam
1730 1640 2016 1700 excedant
2035 1686 2051 1715 ,
2081 1641 2407 1720 cujusmodi

263 1750 405 1798 sunt
431 1737 706 1818 mysteria
739 1748 797 1796 et
826 1729 1051 1814 objecta
1070 1737 1194 1818 spei
1219 1747 1459 1811 nostrae,
1495 1758 1625 1818 quae
1663 1738 1723 1795 in
1747 1736 1945 1795 futura
1971 1736 2188 1795 scilicet
2210 1757 2402 1819 expe-

262 1833 521 1895 ctatione
552 1833 901 1891 consistunt.
934 1833 1059 1905 Qua
1101 1831 1174 1891 de
1217 1853 1387 1892 causa
1424 1832 1568 1892 fides
1606 1831 1679 1892 ab
1717 1832 1994 1915 Apostolo
2034 1833 2275 1893 definita
2317 1846 2408 1895 est

262 1930 706 2010 sperandarum
728 1929 1113 2007 substantia(
1138 1951 1225 2009 gr.
1255 1935 1514 1995 ὑπόστασις
1536 1932 1559 2009 )
1590 1951 1822 1998 rerum,
1841 1942 2271 2010 aryumentum
2289 1953 2406 1990 non

262 2030 699 2106 apparentium
714 2045 737 2093 ,·
788 2024 996 2106 quibus
1018 2037 1329 2107 propterea
1360 2025 1694 2085 intellectus
1723 2037 1924 2086 noster
1944 2028 2194 2086 firmiter
2211 2049 2405 2087 assen-

263 2123 374 2181 tire
399 2120 577 2180 debet
612 2121 810 2202 eisque
836 2119 1232 2180 adhaerescere
1253 2167 1268 2194 „
1296 2120 1541 2204 perinde
1570 2143 1635 2180 ac
1658 2122 1707 2180 si
1736 2123 2117 2183 intrinsecam
2141 2123 2402 2206 ipsorum

264 2217 628 2279 evidentiam
672 2215 950 2292 haberet7
996 2239 1178 2299 eaque
1211 2217 1487 2276 intuitive
1527 2230 1815 2277 cerneret.

343 2313 490 2373 204.
539 2317 791 2373 Demum
815 2359 832 2389 7
881 2315 926 2371 si
960 2314 1104 2372 fides
1140 2313 1493 2394 theologica,
1545 2313 1616 2373 de
1655 2335 1770 2396 qua
1809 2314 2180 2394 disserimuS‚
2221 2315 2405 2375 resol-

267 2422 504 2473 veretur
538 2411 599 2469 in
626 2410 984 2472 evidentiam
1021 2411 1386 2489 motivorum
1425 2409 1825 2471 credibilitatis
1859 2423 2141 2494 tanquam
2170 2411 2235 2471 in
2260 2415 2405 2491 for—

262 2511 421 2568 male
466 2509 795 2584 motivum,
860 2521 1177 2589 conceptus
1221 2509 1349 2590 ipse
1400 2507 1538 2566 fidei
1587 2507 1924 2588 theologicae
1966 2507 2403 2585 destrueretur3

262 2605 552 2688 siquidem
601 2605 667 2663 in
713 2605 1068 2686 principium
1104 2603 1434 2662 humanum
1477 2625 1542 2663 ac
1578 2596 1846 2664 naturale
1885 2603 2307 2679 resolveretur,
2336 2624 2401 2662 ac

262 2702 407 2762 fides
448 2713 602 2763 esset
633 2722 869 2783 prorsus
913 2699 1311 2782 philosophica
1351 2721 1416 2758 ac
1458 2700 1789 2774 rationalis3
1839 2701 1979 2758 hinc
2016 2705 2150 2779 jure
2191 2699 2402 2758 merito

262 2798 647 2858 rationalismi
677 2799 969 2857 neoterica
1008 2795 1236 2870 schola,
1267 2818 1444 2878 quam
1485 2796 1938 2878 impugnamus,
1972 2806 2232 2855 accusata
2271 2805 2391 2870 est,

264 2897 408 2980 quin
439 2918 703 2979 unquam
741 2895 815 2954 ab
852 2894 1137 2973 ejusmodi
1172 2896 1536 2954 accusatione
1565 2915 1626 2953 sc
1657 2893 1907 2955 liberare
1936 2893 2213 2976 potuerit.
2257 2892 2401 2951 Cre-

264 2995 402 3053 dere
438 2998 598 3053 sicut
649 3003 873 3073 oportet
907 3014 1029 3050 non
1057 2991 1309 3073 amplius
1349 2990 1572 3049 donum
1612 2992 1719 3050 Dei
1755 3003 1940 3066 esset,
1973 3010 2133 3049 secus
2159 3010 2224 3047 ac
2251 2986 2400 3047 defi-

264 3090 456 3148 nitum
487 3090 661 3150 fuerit
686 3088 759 3148 ab
787 3089 1138 3149 Arausicana
1173 3087 1426 3169 synod03
1462 3087 1566 3147 sed
1596 3100 1748 3148 esset
1779 3089 1840 3147 in
1873 3087 2122 3164 cujusvis
2149 3086 2402 3146 hominis

266 3186 424 3245 docti
470 3198 572 3244 aut
616 3186 951 3268 philosophi
993 3195 1283 3266 potestate
1320 3207 1449 3244 eam
1477 3184 1586 3243 sibi
1627 3184 1878 3267 propriis
1903 3181 2125 3242 viribus
2161 3204 2401 3265 compa-

265 3303 395 3341 rare
416 3327 431 3355 ,
471 3293 647 3363 prout
673 3281 963 3362 pelagiani
996 3281 1250 3341 haeretici
1285 3302 1351 3340 ac
1382 3280 1826 3362 Semipelagiani
1859 3277 2221 3338 effutierunt.

345 3377 489 3437 205.
533 3378 675 3450 Quae
700 3398 831 3436 cum
859 3379 937 3436 ita
962 3399 1022 3437 se
1046 3377 1307 3437 habeant
1327 3423 1343 3451 .,
1375 3377 1789 3436 concludamus
1813 3395 2049 3434 necesse
2067 3387 2156 3436 est
2177 3422 2191 3450 7
2225 3375 2402 3435 fidem

267 3473 650 3554 theologicam
675 3473 888 3534 resolvi
915 3475 977 3532 in
1005 3473 1110 3533 Dei
1137 3475 1380 3554 gratiam
1407 3485 1691 3553 tanquam
1716 3478 1778 3529 in
1795 3475 2182 3552 principium
2203 3494 2397 3549 suum,
2479 3493 2482 3496 ’

266 3583 324 3630 et
373 3572 437 3630 in
476 3570 884 3629 auctoritatem
936 3570 1040 3629 Dei
1085 3570 1402 3631 revelantis
1458 3579 1741 3651 tanquam
1783 3569 1841 3626 in
1895 3592 2065 3627 suum
2110 3569 2401 3630 motivum
