2502 4134
426 173 584 212 mar.
633 174 692 210 ιι.
743 172 862 209 car.
907 171 995 206 111.
1047 169 1114 206 nu
1157 167 1313 204 sAca.
1362 166 1650 202 scmr‘run.
1699 164 1884 200 mrsu.
2104 139 2216 197 123

197 319 330 377 192.
381 318 688 376 Neminem
727 335 900 395 porro
934 324 1143 393 praeter
1165 308 1470 369 Ecclesiam
1494 306 1602 366 sibi
1631 305 1940 385 juridicam
1969 301 2131 361 illam
2154 324 2218 361 ac

115 411 477 473 infallibilem
502 431 667 491 posse
701 409 1104 467 auctoritatem
1130 406 1383 464 tribuere
1403 447 1418 474 7
1445 424 1557 482 qua
1594 423 1653 461 se
1682 400 1939 480 aliosque
1967 398 2042 457 ad
2063 409 2223 458 certo

18 535 27 547 =
114 508 548 567 assentiendum
570 507 815 588 privatae
839 501 1308 584 interpretationi
1333 498 1621 558 adducere
1648 509 1847 579 queat7
1877 494 2041 555 facile
2065 494 2226 555 evin-

115 604 261 662 citur
278 648 292 677 7
326 603 447 661 sive
469 602 654 681 ipsam
688 600 769 659 rei
798 612 1070 657 naturam
1093 594 1477 679 expendendo
1497 638 1512 667 7
1540 593 1664 651 sive
1689 601 1998 671 systemata
2022 611 2055 648 a
2079 591 2224 647 Pro-

116 696 462 756 testantibus
493 694 828 775 singillatim
859 694 1178 773 excogitata
1200 738 1216 766 7
1241 691 1361 770 sive
1390 688 1627 748 demum
1663 696 2010 767 perpetuam
2039 684 2227 764 ipsam

118 791 578 853 adversariorum
613 788 820 871 agendi
853 789 1164 847 rationem.

204 886 338 945 193.
388 887 466 944 Ut
503 897 698 944 autem
738 906 768 942 a
811 885 1002 966 primo
1035 883 1378 962 incipiamus
1409 925 1424 954 7
1475 876 1716 948 evidens
1761 885 1848 941 est
1879 919 1895 947 7
1933 874 2229 934 neminem

120 982 413 1063 privatum
453 980 510 1039 id
539 979 647 1038 sibi
670 999 936 1056 arrogare
972 998 1236 1057 unquam
1267 995 1437 1055 posse
1459 1018 1474 1047 7
1503 972 1663 1053 quod
1697 971 1805 1029 toti
1835 968 2083 1048 denegat
2125 969 2232 1029 Ec-

122 1076 336 1149 clesiae3
375 1096 511 1133 nam
535 1119 551 1148 7
590 1075 636 1131 si
670 1071 916 1131 Ecclesia
952 1070 1220 1136 universa
1263 1067 1450 1147 decipi
1496 1076 1688 1145 potest
1723 1066 1786 1122 in
1810 1085 1949 1124 vero
1969 1064 2230 1145 Scriptu-

124 1192 320 1229 rarum
345 1190 515 1228 sensu
537 1164 897 1247 assequendo
917 1207 934 1235 7
964 1162 1223 1244 profecto
1247 1161 1348 1242 qui
1371 1159 1584 1229 stultus
1607 1170 1669 1219 et
1691 1180 1892 1217 amens
1916 1156 2090 1240 plane
2111 1181 2232 1218 non

123 1267 196 1322 sit
216 1307 231 1337 7
268 1262 434 1322 fateri
474 1259 649 1319 debet
668 1304 685 1333 7
725 1258 912 1316 multo
954 1257 1134 1336 magis
1165 1254 1467 1337 quodlibet
1495 1253 1867 1313 individuum
1896 1252 2015 1313 falli
2045 1275 2231 1334 posse.

123 1357 284 1416 Idem
316 1356 388 1415 de
416 1340 756 1414 auctoritate
779 1353 933 1411 dicas
965 1363 1227 1435 oportet3
1256 1373 1395 1409 nam
1415 1396 1431 1425 7
1459 1351 1506 1409 si
1533 1371 1723 1431 neque
1747 1349 1992 1409 Ecclesia
2020 1349 2142 1431 ipsa
2167 1351 2232 1408 in

122 1451 373 1532 aliquem
397 1460 590 1532 potest
618 1469 884 1508 exercere
914 1448 1318 1507 auctoritatem
1342 1444 1653 1525 juridicam
1673 1490 1688 1519 7
1717 1446 1794 1504 ita
1824 1456 1890 1503 ut
1916 1444 2009 1503 hic
2036 1443 2237 1522 subjici

124 1550 244 1624 ejus
279 1544 612 1626 dogmaticae
645 1541 1117 1625 interpretationi
1147 1554 1417 1601 teneatur
1436 1586 1452 1615 7
1478 1539 1668 1600 multo
1697 1561 1827 1599 eam
1852 1540 2045 1598 minus
2067 1559 2239 1598 exer·

123 1663 250 1702 cere
306 1642 600 1723 privatum
651 1640 911 1722 quolibet
962 1639 1225 1717 ejusdem
1275 1637 1536 1697 Ecclesiae
1587 1635 1958 1697 individuum
1999 1633 2235 1698 valebit.

126 1739 316 1810 Quare
347 1741 478 1814 jure
511 1735 733 1817 optimo
758 1737 1052 1794 Rousseau
1090 1734 1167 1792 sic
1198 1725 1626 1815 perstringebat
1657 1732 2017 1792 Genevensis
2053 1741 2235 1791 coetus

124 1843 381 1914 pastores
420 1853 434 1889 z
470 1834 927 1891 Demonstretur
951 1830 1133 1901 mihi,
1160 1850 1356 1887 meam
1383 1833 1734 1888 auctoritati
1752 1830 2104 1905 cuicumque
2131 1847 2240 1884 ra·-

126 1931 342 1985 tionem
374 1915 662 2005 subjicere
686 1948 776 1984 me
805 1927 1009 1984 debere
1035 1924 1139 2003 (in
1170 1923 1304 1983 fidei
1329 1924 1592 2003 negotio)
1613 1968 1630 1997 7
1668 1934 1723 1980 et
1747 1944 1881 1982 cras
1912 1922 2236 1980 catholicus

124 2018 220 2079 ero
253 2020 362 2100 (1).
393 2020 497 2080 Vel
519 2021 639 2102 ipse
677 2021 953 2078 nimirum
989 2020 1315 2078 communis
1345 2018 1654 2077 hominum
1677 2039 1878 2078 sensus
1899 2016 2010 2075 hoc
2038 2015 2236 2074 dictat.

128 2114 295 2187 Quod
316 2116 364 2173 si
386 2136 561 2175 nemo
582 2114 689 2174 sibi
713 2136 980 2195 arrogare
1002 2113 1482 2173 infallibilitatem
1506 2123 1564 2172 et
1583 2113 1986 2174 auctoritatem
2014 2121 2237 2190 potest7

120 2214 244 2285 jam
272 2210 562 2291 sequitur7
589 2211 815 2269 nemini
846 2222 1004 2269 certo
1033 2221 1297 2268 constare
1333 2230 1501 2291 posse
1525 2208 1597 2268 de
1628 2208 1888 2290 qualibet
1912 2206 2237 2287 dogmatica

130 2304 556 2385 Scripturarum
592 2306 1076 2385 interpretatione
1097 2350 1112 2378 7
1151 2306 1231 2362 ita
1264 2316 1328 2361 ut
1374 2303 1618 2384 quodvis
1651 2302 1897 2362 dubium
1935 2314 2065 2361 tum
2100 2323 2133 2359 a
2180 2321 2241 2360 se

129 2410 256 2456 tum
296 2397 369 2456 ab
415 2397 538 2456 aliis
579 2419 851 2459 amovere
898 2409 1104 2478 queat3
1150 2399 1267 2455 imo
1315 2418 1423 2456 nec
1463 2398 1585 2478 ipsa
1641 2397 1878 2478 quidem
1917 2395 2240 2475 dogmatica

128 2494 532 2574 interpretatio
558 2494 696 2572 fingi
722 2515 788 2552 ac
816 2493 1042 2573 concipi
1071 2493 1265 2550 animo
1288 2491 1465 2551 valet.

214 2588 349 2646 194.
399 2590 598 2669 Neque
630 2587 692 2645 id
715 2589 907 2646 minus
933 2587 1237 2647 evidenter
1262 2586 1581 2665 colligitur7
1623 2587 1668 2645 si
1695 2588 1805 2646 rite
1834 2585 2243 2668 expendantur

129 2683 350 2765 singula
407 2705 439 2742 a
493 2683 953 2742 protestantibus
1005 2683 1232 2742 invecta
1293 2692 1603 2761 systemata
1658 2682 1803 2757 circa
1857 2681 2262 2761 dogmaticam'

131 2780 556 2860 Scripturarum
586 2780 1150 2860 interpretationem.
1183 2779 1316 2837 Haec
1340 2779 1498 2838 enim
1517 2823 1532 2852 7
1560 2789 1623 2834 ut
1655 2776 1903 2836 vidimus
1922 2822 1940 2852 7
1976 2787 2115 2835 sunt
2143 2788 2245 2836 aut

135 2874 426 2956 Scriptura
463 2874 619 2956 ipsa,
649 2885 747 2933 aut
788 2873 941 2933 solus
986 2874 1221 2955 spiritus
1258 2873 1554 2955 privatus7
1601 2893 1702 2930 seu
1724 2917 1738 2946 7
1783 2883 1847 2930 ut
1884 2873 2058 2931 modo
2086 2870 2244 2952 loqui

135 2967 410 3028 adamant
427 3013 442 3042 7
469 2968 842 3028 individualis
866 2970 1013 3027 ratio
1035 3014 1049 3042 7
1080 2979 1182 3027 aut
1206 2968 1442 3050 spiritus
1464 2957 1722 3048 privatus
1739 3011 1755 3042 7
1778 2988 1883 3048 per
1902 2967 2244 3027 interiorem

135 3060 579 3123 illustrationem
616 3086 646 3122 a
676 3065 887 3146 Spiritu
916 3066 975 3122 S.
1007 3064 1320 3145 unicuique
1357 3064 1844 3122 communicatam
1877 3063 2114 3122 edoctus
2138 3108 2154 3137 7
2184 3062 2243 3122 vi

139 3161 293 3233 cujus
329 3170 518 3219 certus
558 3160 800 3241 quisque
847 3159 1127 3220 efficiatur
1176 3158 1249 3217 de
1289 3180 1429 3219 vero
1475 3179 1648 3218 sacrae
1693 3158 2001 3240 Scripturae
2032 3179 2203 3218 sensu
2225 3203 2246 3232 7,

141 3248 601 3333 independenter
624 3254 697 3313 ab
725 3255 984 3315 Ecclesiae
1013 3254 1352 3314 definitione
1372 3301 1388 3330 7
1420 3267 1521 3313 aut
1551 3255 1725 3314 etiam
1756 3254 2032 3315 adversus
2054 3254 2235 3314 illam.

213 3468 279 3531 (1)
305 3467 376 3517 En
398 3469 495 3535 ejus
511 3473 675 3522 verba:
698 3462 856 3541 Qz'o’on
877 3483 1142 3540 me‘prouve
1227 3476 1331 3522 auia
1354 3473 1644 3539 catholiqua.
1667 3474 1803 3540 Apud
1822 3487 1945 3526 auct.
1974 3495 2133 3543 opusc.
2157 3479 2241 3525 cit.

141 3564 229 3611 que
240 3550 299 3614 j0
324 3547 428 3599 dois
453 3564 696 3605 soumetere
711 3573 791 3605 ma
812 3559 978 3606 raison
1001 3557 1032 3605 ὰ
1050 3572 1143 3604 une
1230 3557 1297 3604 Le
1327 3558 1575 3614 ministre,
1605 3562 1697 3607 etc.
1728 3575 1832 3624 pag.
1865 3556 1949 3608 81.

142 3632 340 3678 autarith
365 3633 669 3701 qualecunque,
703 3650 745 3687 et
771 3640 849 3687 des
876 3639 1070 3687 demain
1084 3641 1141 3705 je
