2502 4134
368 145 528 185 mur.
579 145 664 183 ιιι.
714 146 863 183 εΒοΤ.
913 148 954 182 ι.
1004 147 1127 183 car.
1171 148 1235 183 u.
1287 147 1354 184 na
1396 146 1525 185 nn.
1576 147 1694 183 cum
1739 147 1847 183 rm.
2052 126 2169 185 513

44 296 319 365 ticorum,
369 287 806 368 impiorumque
863 286 1130 346 omnium
1180 287 1296 345 tela
1346 297 1637 368 perpetuo
1684 286 2058 367 diriguntur,
2100 290 2166 347 fit

41 398 106 446 ut
148 390 269 463 ejus
317 377 652 442 defensores
706 380 781 439 ad
825 392 915 440 tot
954 382 1103 440 ictus
1144 381 1445 440 elidendos
1495 402 1560 440 ac
1603 380 2005 460 infringendos
2047 404 2169 442 non

41 480 266 563 possint
286 524 302 550 ‚
335 479 477 559 quin
499 479 561 535 in
591 476 934 554 omnigenas
956 476 1226 535 scientias
1249 497 1313 535 ac
1337 476 1672 557 disciplinas
1701 477 1964 535 animum
1987 477 2171 538 soler-

41 587 131 635 ter
167 573 504 632 intendant.
545 571 753 631 Primis
802 570 1054 647 disJ'ectis
1106 569 1585 644 difficultatibus,
1637 591 1804 632 novae
1846 571 2173 633 identidem

40 668 356 728 succedunt
376 713 392 742 ‚
424 689 566 754 quas
594 666 719 725 aliae
756 666 972 724 iterum
1002 676 1061 727 et
1092 664 1222 723 aliae
1252 665 1627 724 continenter
1657 667 1996 748 excipiunt3
2030 669 2168 730 inde

41 765 188 824 actio
224 763 320 821 illa
349 763 500 842 jugis
530 761 756 840 exurgit
789 772 848 818 et
875 761 1087 819 reactio
1111 805 1127 833 ‚
1163 760 1373 841 quibus
1408 772 1690 841 perpetua
1725 761 2018 841 praebetur
2041 764 2166 828 cul-

38 872 187 918 turae
228 858 600 917 scientiarum
639 856 1086 935 omnigenarum
1135 846 1431 913 alimonia.
1474 856 1991 929 Quemadmodum
2017 870 2167 920 'vero

36 954 284 1014 scientiae
322 953 562 1011 ulterius
608 971 840 1031 semper
887 942 1373 1031 progrediuntur,
1414 949 1571 1032 unde
1612 973 1793 1011 novas
1835 951 2157 1027 adversarii

39 1049 441 1108 indesinenter
472 1045 842 1104 difficultates
879 1056 1092 1125 urgent
1139 1045 1417 1104 adversus
1448 1045 1794 1104 catholicam
1830 1046 2046 1125 fidem,
2088 1049 2168 1109 sic

38 1145 174 1203 novi
223 1143 443 1224 pariter
482 1140 692 1200 exinde
745 1141 1076 1198 excitantur
1105 1141 1180 1199 -in
1226 1134 1535 1199 Catholicis
1579 1162 1916 1222 progressus
1954 1143 2027 1202 ad
2073 1165 2167 1204 eas

38 1236 452 1299 dissolvendas,
1830 1229 1841 1243 ‘

116 1333 255 1392 255.
303 1334 384 1390 Ex
410 1331 514 1403 ,his
552 1330 880 1390 luculenter
905 1330 1090 1411 liquet
1113 1375 1128 1403 ,
1178 1329 1522 1389 catholicam
1557 1329 1738 1390 fidem
1780 1353 1942 1407 esse,
1981 1335 2031 1392 si
2056 1335 2163 1395 hac

35 1429 121 1487 uti
146 1426 582 1507 comparatione
607 1423 691 1482 fas
721 1435 808 1483 est
828 1461 844 1498 ‚-
867 1425 940 1483 ad
957 1427 1146 1482 instar
1171 1424 1449 1483 electricae
1475 1424 1764 1484 machinae
1785 1470 1801 1501 .,
1829 1447 1960 1508 quae
1975 1430 2165 1489 scien-
2194 1504 2196 1506 Ι

35 1517 130 1580 tiae
149 1519 331 1581 veluti
349 1516 595 1577 fluidum
618 1519 833 1595 excitat
850 1517 1068 1599 ubique
1084 1519 1596 1600 communicatque
1616 1564 1632 1595 .,
1652 1528 1716 1578 ac
1738 1521 1903 1581 vivus
1919 1525 2166 1604 proinde

35 1638 267 1698 semper
309 1627 367 1675 et
405 1615 616 1674 ardens
655 1635 852 1688 sacer,
901 1626 967 1672 ut
1003 1614 1084 1672 ita
1136 1613 1362 1686 dicam,
1411 1614 1595 1692 igniS,
1639 1613 1802 1675 illius.
1821 1638 1931 1698 ope
1967 1635 2166 1680 serva—

34 1726 131 1772 tur
175 1725 234 1771 et
272 1712 465 1770 alitur.
508 1710 646 1770 Fide
693 1723 892 1770 autem
931 1710 1193 1783 sublata,
1239 1733 1519 1791 magnum
1580 1711 1786 1771 saltem
1822 1715 2167 1776 incitamen-

34 1821 163 1867 tum
204 1807 457 1867 scientiis
499 1805 745 1865 deesset.
798 1807 924 1879 Quo
972 1806 1074 1879 fit,
1126 1816 1191 1862 ut
1233 1805 1430 1864 divina
1480 1807 1849 1886 providentia
1898 1830 1968 1868 ex
2007 1790 2249 1871 mala¹

36 1905 160 1985 ipsa
203 1923 467 1961 errorum
513 1899 828 1983 progenie,
877 1921 991 1981 qua
1032 1921 1196 1958 suam
1229 1899 1565 1981 perturbari
1609 1912 1668 1960 et
1708 1904 1936 1962 concuti
1976 1905 2163 1966 Eccle-

31 2000 175 2056 siam
230 1998 403 2071 sinit‚
451 1996 562 2055 hoc
610 1997 764 2055 inter
814 1994 923 2054 alia
974 1993 1195 2053 bonum
1238 2016 1440 2055 eruere
1492 2018 1798 2078 nunquam
1845 1998 2154 2060 destiterit.

113 2092 258 2151 256.
305 2091 420 2151 Sed
450 2091 562 2150 alio
584 2090 927 2171 generaliori
953 2102 1298 2171 argumento
1320 2092 1700 2150 confirmatur
1725 2106 1925 2154 nostra
1950 2095 2155 2156 thesiS.

34 2191 222 2262 Quem
258 2189 416 2247 enim
460 2186 741 2246 catholica
789 2185 955 2245 Fides
992 2185 1172 2245 habet
1205 2198 1503 2245 auctorem
1550 2187 1664 2245 nisi
1706 2190 1888 2247 Deum
1923 2190 2187 2271 ipsum‚·

32 2284 314 2343 nimirum
347 2283 597 2342 scientiae
637 2282 863 2341 fontem
901 2301 965 2340 ac
1002 2280 1336 2360 largitorem
1381 2280 1775 2357 uberrimum,
1812 2283 1910 2364 qui
1957 2292 2160 2345 scien-

33 2382 266 2437 tiarum
296 2379 595 2437 Dominus
617 2375 801 2439 voluit
822 2375 1104 2458 appellari
1128 2377 1252 2457 (l).·,
1300 2376 1402 2458 'qui
1432 2396 1565 2434 cum
1590 2376 2006 2459 inexplebilem
2031 2383 2157 2442 veri

33 2472 379 2555 assequendi
420 2472 800 2553 cupiditatem
844 2471 1067 2530 homini
1106 2472 1439 2552 ingesserit,
1488 2483 1617 2530 tum
1663 2471 1831 2531 illum
1875 2474 1936 2532 in
1980 2478 2156 2536 sacris

33 2569 263 2628 Litteris
301 2567 375 2626 ad
415 2567 715 2636 scientiam
763 2588 828 2626 ac
862 2567 1209 2649 sapientiam
1252 2566 1360 2625 sibi
1400 2568 1563 2625 omni
1615 2566 1815 2628 labore
1853 2591 1919 2628 ac
1959 2572 2152 2631 studio

39 2661 493 2744 comparandam
532 2662 903 2722 continenter
944 2661 1157 2721 excitat
1185 2661 1310 2740 (2);
1359 2663 1461 2743 qui
1495 2684 1528 2720 a
1558 2663 1966 2723 Sacerdotibus
1995 2667 2111 2726 suis
2138 2713 2154 2742 a

34 2771 99 2818 ut
145 2758 446 2818 scientiam
496 2757 824 2817 custodiant
863 2770 921 2817 et
970 2778 1105 2816 cum
1152 2757 1278 2816 aliis
1323 2757 1633 2838 diligenter
1677 2762 2151 2838 communicent,

33 2853 319 2937 requirit?
359 2853 511 2926 Quid
547 2854 758 2913 arctius
784 2854 961 2935 igitur
996 2874 1129 2912 cum
1167 2853 1404 2913 scientia
1442 2875 1619 2935 quam
1670 2876 1810 2914 vera
1846 2855 2022 2932 fides,
2055 2878 2154 2917 ca-

34 2949 247 3009 tholica
285 2970 535 3030 nempe⁷
580 2948 917 3030 copulatum
951 2949 1082 3008 est?
1106 2949 1275 3021 Quod
1313 2949 1535 3007 firmius
1576 2949 1701 3007 dari
1733 2961 1926 3031 potest
1952 2953 2157 3012 vincu-

34 3044 156 3102 lum
203 3044 278 3104 ad
315 3045 581 3104 scientias
642 3065 846 3104 omnes
892 3047 954 3103 in
1005 3063 1190 3102 unum
1266 3043 1446 3102 veluti
1503 3065 1711 3126 corpus
1759 3045 2108 3126 colligandas
2136 3097 2152 3126 ‚

34 3161 244 3221 easque
271 3142 632 3222 incorruptas
672 3140 1020 3216 servandaS,
1062 3161 1421 3223 quam-vera
1462 3127 1649 3200 fides?
1681 3143 1830 3200 Hinc
1878 3141 2148 3204 ubicum-

33 3256 147 3315 que
183 3233 316 3294 fidei
350 3235 519 3314 hujus
561 3235 840 3318 splendor
878 3235 1127 3311 effulsit,
1168 3237 1367 3295 statim
1401 3236 1582 3294 animi
1625 3236 1699 3295 ad
1735 3257 1973 3298 omnem
2008 3241 2142 3301 vitae
2210 3268 2214 3272 ·

37 3331 298 3406 cultum,
343 3333 417 3391 ad
451 3332 742 3415 politiores
781 3345 932 3393 artes
990 3343 1164 3415 atque
1209 3334 1458 3414 optimas
1506 3354 1764 3415 quasque
1804 3334 2142 3419 disciplinas

112 3534 178 3596 (l)
217 3534 323 3585 Lib.
359 3553 390 3585 ι.
417 3536 526 3602 Reg.
556 3555 589 3586 n
608 3574 621 3598 ‚
657 3539 705 3588 3,
986 3579 988 3582 ,
1208 3538 1270 3600 (2)
1311 3538 1449 3586 Eccli.
1472 3556 1516 3598 1,
1544 3555 1586 3602 ¹3
1612 3538 1746 3590 Prov.
1765 3539 1905 3604 n‚6;
1932 3557 2035 3602 xm,
2060 3541 2148 3605 23,

1138 3632 1273 3686 atque
1308 3622 1417 3669 alibi
1442 3635 1581 3686 saepe.

127 3697 195 3755 T.
244 3698 338 3755 IX.
1834 3704 1909 3762 33
