2502 4134
466 187 628 225 mur.
674 186 741 223 11.
797 183 925 224 car.
972 185 1032 222 1.·
1064 185 1134 222 mi
1177 184 1340 222 SAcn.
1389 183 1534 222 tina.
1584 182 1716 221 can.
1767 183 1834 221 ΕΤ
1878 181 2126 220 Anca-oe.
2275 159 2350 220 13

220 349 348 412 quae
383 329 449 388 in
478 325 822 410 Apocalypsi
856 325 930 386 de
965 325 1197 387 Christo
1223 323 1510 400 habetur,
1549 323 1626 384 ad
1661 322 2113 404 significandum
2155 323 2352 405 ipsum

221 445 344 485 esse
373 425 763 503 principium
810 432 867 481 et
908 423 1088 501 finem
1140 422 1252 503 (1).
1298 422 1528 495 Quare,
1569 419 1617 478 si
1659 419 1789 501 quis
1830 420 1894 478 in
1935 419 2189 501 pretiosa
2229 417 2354 479 haec

221 520 572 580 documenta
610 516 860 597 digitum
886 517 1198 578 intendere
1234 514 1380 579 velit
1402 560 1420 590 ‚
1459 524 1528 574 ut
1559 512 1755 575 verbis
1791 526 1926 573 utar
1958 514 2045 574 Cl.
2079 513 2377 587 Blanchiffi

220 615 306 674 nii
329 660 346 690 ‚
393 614 610 697 poterit
664 633 952 673 canonem
1005 634 1303 674 sacrorum
1356 608 1680 672 Bibliorum
1727 608 1961 669 tradere
2012 609 2123 690 (2).
2176 610 2245 669 40
2286 607 2353 668 Id

222 711 414 792 ipsum
451 707 757 768 conficitur
794 729 867 767 ex
908 709 1138 768 Ordine
1171 710 1486 779 Romano,
1522 707 1587 765 in
1623 726 1741 787 quo
1775 703 2169 787 praescribitur
2199 703 2353 765 clero

224 806 501 867 universo
548 825 657 886 per
702 803 844 862 anni
889 803 1172 863 circulum
1215 803 1388 863 lectio
1428 823 1501 862 ex
1536 799 1776 880 singulis
1815 799 2114 868 recensitis
2152 797 2351 873 libris3

224 922 293 960 ex
330 921 446 981 quo
478 898 738 980 profecto
772 897 956 979 liquet
978 943 994 972 ‚
1033 909 1253 980 quanta
1284 895 1594 957 sedulitate
1623 916 1912 959 canonem
1942 914 2115 953 suum
2148 893 2214 953 in
2245 892 2355 955 ba-

224 995 394 1054 silicis
431 992 732 1074 titulisque
773 994 1035 1050 Romana
1072 990 1317 1049 Ecclesia
1360 1001 1648 1070 perpetuo
1683 989 2022 1048 custodierit
2063 985 2172 1069 (3).

303 1089 407 1148 20.
451 1090 702 1147 Demum
721 1129 738 1159 ‚
777 1083 913 1143 licet
952 1105 1141 1145 canon
1174 1083 1437 1142 Ecclesiae
1471 1085 1747 1142 Romanae
1775 1083 1850 1143 ab
1881 1082 2132 1143 ecclesiis
2160 1086 2355 1143 omni-

225 1184 334 1243 bus
356 1227 374 1258 ‚
409 1177 787 1252 orientalibus
824 1178 1150 1262 praesertim
1167 1224 1184 1254 ‚
1213 1190 1483 1261 receptus
1513 1176 1588 1237 ab
1620 1178 1788 1238 initio
1810 1200 1935 1238 non
1958 1180 2133 1239 fuerit
2157 1226 2174 1257 ,
2201 1191 2355 1239 atta-

225 1299 363 1338 men
398 1277 461 1335 in
507 1296 719 1355 magna
762 1274 973 1335 saltem
1013 1274 1441 1335 existimatione
1464 1318 1480 1349 ,
1522 1274 1643 1334 imo
1683 1275 2065 1336 veneratione
2101 1274 2358 1357 quadam

227 1372 407 1432 libros
449 1370 1036 1431 deutero-canonicos
1064 1381 1194 1429 tum
1231 1370 1446 1430 veteris
1474 1380 1604 1428 tum
1632 1370 1776 1431 novi
1821 1369 2080 1430 Foederis
2127 1369 2355 1430 habitos

224 1468 399 1528 fuisse
423 1488 495 1526 ex
522 1466 778 1549 antiquis
799 1464 1167 1526 versionibus
1182 1511 1199 1542 ,
1227 1487 1359 1547 quae
1381 1464 1573 1524 adhuc
1599 1476 1808 1526 extant
1823 1511 1840 1542 ‚
1867 1466 2007 1526 satis
2031 1465 2219 1526 elucet
2238 1466 2354 1546 (4).

224 1562 456 1622 Etenim
489 1561 626 1622 libri
657 1561 720 1621 hi
758 1582 963 1622 omnes
999 1560 1272 1620 translati
1303 1572 1480 1635 sunt3
1525 1560 1686 1644 quod
1716 1561 1958 1644 quidem
1986 1561 2149 1623 haud
2180 1560 2357 1622 dubie

227 1679 461 1718 sensum
502 1657 740 1717 illarum
782 1657 1168 1718 Ecclesiarum
1217 1655 1411 1740 quoad
1445 1655 1554 1716 hos
1596 1655 2105 1718 librosostendit.

298 1950 313 2010 (
324 1949 363 2010 l)
387 1948 524 2014 Apud
538 1948 856 2015 Ciampinium
870 1988 883 2011 ,
900 1953 1066 2016 op.cit.
1081 1961 1191 1999 tom.
1209 1968 1252 2011 1,

229 2047 333 2095 cap.
363 2045 455 2090 22,
485 2048 538 2080 n.
573 2031 699 2091 203,
730 2041 775 2080 et
797 2031 922 2096 apud
943 2016 1248 2098 A'ringhium‚

229 2129 311 2177 op.
342 2115 424 2162 cit.
455 2112 539 2163 lib.
567 2130 647 2173 Vi,
682 2131 787 2178 cap.
822 2129 907 2163 22.

296 2192 363 2256 (2)
401 2193 491 2260 Op.
513 2205 559 2244 et
585 2194 672 2244 loc.
703 2198 782 2244 cit.
803 2214 911 2267 pag.
954 2213 1068 2265 197,
1096 2197 1188 2247 col.
1209 2214 1250 2247 1.

298 2273 367 2337 (8)
404 2274 637 2342 Antiquus
665 2276 792 2327 Ordo
819 2279 1066 2328 Romanus
1090 2281 1254 2345 vulga·-

232 2365 307 2402 tus
341 2361 411 2404 est
446 2360 618 2421 saepius
642 2394 657 2418 ,
693 2358 946 2423 pracsertim
981 2361 1040 2410 ab
1078 2361 1255 2411 Hittor-

231 2438 308 2499 pio
328 2472 342 2494 ,
364 2440 421 2484 in
451 2456 530 2504 op.
560 2436 631 2487 De
654 2438 902 2489 catholicae
918 2424 1150 2490 Ecclesiae
1174 2442 1255 2491 di-

229 2516 362 2562 vinis
406 2516 608 2580 officii-1,
644 2527 762 2566 tom.
802 2536 819 2565 1
840 2554 855 2578 ‚
891 2518 1049 2591 Romae
1090 2518 1253 2587 15913

232 2615 258 2645 a
288 2595 425 2646 Joan.
456 2595 669 2646 Cochlaeo
685 2636 698 2658 ‚
725 2601 776 2646 in
800 2596 1030 2664 Speculo,
1052 2599 1256 2650 Venetiis

231 2677 370 2740 edito;
387 2697 411 2729 a
428 2678 456 2728 J
458 2696 564 2729 oan.
577 2676 877 2742 Mabillonio,
892 2683 941 2729 in
956 2681 1148 2730 Musaeo
1161 2684 1256 2730 ita-

230 2759 320 2808 lico
333 2797 347 2822 ‚
367 2771 483 2811 tom.
500 2777 553 2810 n.
576 2760 712 2810 Extat
726 2765 867 2812 etiam
886 2762 937 2811 in
952 2762 1256 2812 Bibliotheca

231 2843 444 2899 Parrum
460 2844 593 2894 Dela
610 2844 754 2911 Bigne
786 2846 904 2896 edit.
927 2846 1008 2908 3²,
1037 2847 1132 2896 vol.
1160 2864 1251 2908 xv,

231 2944 338 2992 pag.
365 2927 487 2995 397.
514 2927 741 2993 Quamvis
768 2946 904 2995 porro
931 2928 1060 2980 Ordo
1082 2930 1255 2980 Roma-

231 3025 321 3058 nus
341 3027 422 3074 per
443 3012 555 3058 anni
577 3020 784 3076 tempora
811 3012 1072 3077 proescribat
1093 3012 1255 3061 lectio·

231 3109 314 3139 nes
344 3091 563 3156 legendas
598 3111 652 3142 ex
682 3096 845 3159 quovis
870 3095 965 3144 fere
993 3094 1254 3144 Bibliorum

231 3173 354 3221 libro
377 3211 390 3234 ,
419 3174 574 3224 adhuc
604 3175 983 3226 desiderabantur
1017 3176 1140 3226 tituli
1173 3197 1253 3227 seu

234 3259 480 3316 sectiones,
503 3259 554 3304 in
582 3274 699 3324 quas
725 3275 862 3308 sacrae
879 3260 1131 3327 Scripturae
1149 3261 1256 3309 libri

236 3339 489 3404 antiquitus
522 3338 659 3389 divisi
697 3353 843 3391 erant.
880 3342 980 3392 Hoc
1012 3353 1168 3392 autem
1202 3360 1256 3391 ex

236 3421 566 3486 antiquissimis
593 3423 704 3473 Mss.
736 3424 1122 3489 EcclesiaelRom.
1157 3425 1260 3474 vul-

236 3501 370 3561 gavit*
381 3500 440 3554 B..
454 3503 590 3555 Card.
612 3505 890 3557 Thomasius
907 3545 921 3567 ‚
947 3510 1017 3557 vir
1034 3508 1095 3558 de
1110 3507 1258 3558 eccle-

236 3581 417 3630 siastica
443 3589 714 3654 antiquitate
747 3594 920 3655 optime
949 3593 1139 3640 meritus
1160 3629 1173 3652 ,
1207 3593 1258 3639 in

235 3679 308 3728 op.
325 3660 591 3717 Sacrorum
605 3669 887 3723 Bibliorum
902 3681 1075 3723 veteres
1091 3671 1227 3723 tituli
1235 3709 1251 3736 ‚

1334 1950 1563 1998 sectiones
1604 1956 1651 1996 et
1678 1947 2035 2008 stichometria‚
2083 1964 2194 2014 opp.
2239 1946 2357 1998 edit.
2435 1967 2437 1969 ·

1335 2028 1630 2099 Rom.4747
1647 2068 1660 2091 ,
1691 2029 1796 2079 Ant.
1818 2030 1987 2079 Franc.
2006 2017 2202 2079 Veziosi
2217 2067 2231 2090 ,
2263 2041 2300 2079 t.
2324 2048 2359 2079 1.

1334 2112 1442 2162 Jam
1462 2130 1572 2162 vero
1590 2113 1658 2161 ibi
1677 2112 1953 2162 exhibentur
1972 2111 2098 2160 tituli
2129 2123 2174 2161 et
2200 2117 2362 2162 sectio-

1336 2212 1421 2245 nes
1454 2198 1668 2246 omnium
1688 2212 1875 2260 prorsus
1895 2194 2126 2243 librorum
2148 2212 2175 2243 a
2193 2191 2362 2243 Genesi

1337 2296 1486 2344 usque
1512 2279 1572 2327 ad
1598 2278 1926 2344 Apocalypsim
1944 2314 1958 2338 ,
1980 2295 2149 2343 nempe
2175 2287 2281 2327 tum
2305 2277 2364 2325 li-

1335 2359 1530 2411 brorum
1548 2370 1791 2424 protocan.
1814 2377 1960 2426 quam
1990 2359 2219 2408 librorum
2250 2359 2365 2408 deu-

1337 2443 1770 2490 terocanonicorum
1792 2476 1806 2500 ,
1853 2441 2016 2506 quales
2064 2457 2245 2506 semper
2291 2443 2364 2489 uti

1337 2521 1519 2570 divinos
1558 2532 1603 2570 et
1646 2524 1894 2570 canonicos
1945 2521 2112 2571 habuit
2155 2521 2365 2572 Ecclesia

1337 2601 1565 2652 Romana.
1599 2602 1663 2651 Hi
1699 2603 1821 2652 tituli
1852 2606 2101 2652 anteriores
2133 2615 2243 2652 sunt
2273 2622 2362 2653 sae-

1339 2683 1445 2733 culo
1482 2700 1547 2734 xi.
1585 2683 1809 2734 Observat
1845 2687 2039 2750 insuper
2074 2684 2367 2736 doctissimus

1338 2767 1410 2814 vir
1428 2803 1442 2827 ,
1475 2762 1569 2832 jam
1596 2785 1622 2815 a
1650 2767 1806 2816 seculo
1829 2785 1855 2816 ν
1889 2771 1941 2815 in
1974 2766 2182 2817 Ecclesia
2215 2768 2364 2818 latina

1338 2847 1424 2898 hos
1447 2848 1604 2897 titulos
1622 2851 1853 2914 appositos
1871 2851 2013 2898 sacris
2030 2849 2162 2898 libris
2183 2849 2329 2899 fuisse
2347 2888 2362 2909 ‚

1339 2942 1384 2980 et
1412 2930 1739 2981 Cassiodorum
1765 2934 2033 2981 meminisse
2058 2931 2232 2980 horum
2256 2934 2366 2980 titu-

1337 3013 1492 3063 lorum
1534 3013 1806 3064 Octateuchi
1830 3051 1847 3076 ,
1884 3016 2095 3081 quinque
2135 3011 2366 3063 librorum

1339 3095 1602 3146 Salomonis
1633 3134 1647 3157 ‚
1707 3107 1759 3145 ut
1822 3097 1936 3146 olim
2002 3095 2319 3162 allegabantur
2353 3132 2368 3159 ‚

1338 3197 1510 3246 nempe
1540 3197 1637 3228 non
1666 3180 1816 3228 solum
1844 3179 2204 3230 Proverbiorum
2223 3217 2238 3241 ,
2270 3180 2362 3228 Ec-

1340 3261 1559 3311 clesiastis
1576 3272 1622 3310 et
1637 3263 1817 3313 Cantici
1833 3261 2133 3311 Canticorum
2155 3299 2168 3323 ,
2198 3279 2363 3311 verum

1338 3347 1478 3393 etiam
1509 3343 1752 3409 Sapientiae
1787 3356 1836 3394 et
1871 3343 2208 3405 Ecclesiastici3
2250 3346 2363 3392 item

1340 3425 1567 3475 librorum
1617 3426 1777 3475 Tobiae
1799 3463 1813 3486 ‚
1857 3426 2022 3475 Esther
2041 3463 2056 3487 ‚
2103 3424 2267 3474 Judith
2318 3435 2364 3472 et

1338 3509 1731 3560 Machabaeorum.
1753 3510 1850 3560 Cfr.
1878 3513 1978 3578 ejus
2003 3511 2223 3576 praefatio.

1410 3591 1480 3655 (lo)
1517 3592 1594 3642 Uti
1621 3592 1771 3661 liquet
1805 3611 1860 3644 ex
1890 3592 2156 3660 polyglottis
2186 3589 2366 3639 Walto-

1342 3676 1510 3725 nianis.
