2502 4134
265 79 384 143 440
871 102 1072 140 macr.
1119 103 1189 139 nn
1232 101 1385 142 zoms
1428 103 1810 144 rnssozocicis.

270 246 358 305 dis
399 247 566 305 unice
609 257 817 326 aptum
855 267 922 304 ac
957 246 1197 304 firmum
1232 244 1537 323 judicavit.
1578 245 1732 305 Illud
1766 269 1939 328 porro
1969 249 2033 307 in
2068 269 2169 306 sua
2210 248 2405 307 Intro-

273 343 551 400 ductione
586 342 1001 421 philosophica
1058 341 1187 401 fuse
1231 341 1521 423 exposuit.
1573 341 1620 401 A
1661 343 1866 401 ceteris
1911 344 2083 423 hujus
2130 344 2407 403 doctrinae

266 435 686 520 philosophicae
740 436 962 498 vicibus
1017 436 1584 512 cornmemorandi5‚
1638 448 1845 517 utpote
1902 443 2027 515 jam
2078 441 2260 514 notis7
2313 438 2408 497 hic

268 531 753 613 supersedemus3
778 535 882 593 sed
910 536 1191 616 quoniam
1220 533 1583 592 tractationis
1609 544 1826 593 nostrae
1856 534 2007 592 ratio
2037 533 2098 592 id
2117 534 2405 616 postulat,

269 627 586 687 nonnullas
599 628 1138 691 animadversiones
1153 630 1527 688 instituemus
1548 631 1610 687 1Ο
1624 629 1773 688 circa
1786 629 2127 687 methodum
2139 673 2162 701 ,
2176 631 2244 688 2⁰
2260 631 2409 690 circa

268 734 597 790 naturam,
633 723 701 783 3⁰
749 725 900 784 circa
943 728 1378 806 applicationes
1414 724 1601 804 hujus·
1619 724 2008 807 philosophici
2047 726 2407 805 systematis7

273 819 433 901 quod
458 841 529 880 ex
554 822 756 882 nativa
791 821 1012 901 origine
1044 843 1109 883 ac
1138 822 1411 882 instituto
1450 843 1555 880 suo
1585 831 1742 882 arcte
1772 842 1913 880 cum>
1931 819 2048 880 fide
2083 818 2158 878 ab
2181 829 2413 881 auctore

269 915 400 998 ipso
436 921 825 995 conjunctum
859 929 967 977 est.

357 1010 495 1072 153.
527 1013 590 1080 LO
606 1014 942 1073 MethoduS.
973 1013 1178 1087 Quoad
1207 1012 1558 1073 methodum
1580 1012 1791 1095 incipit
1814 1013 2418 1083 HermesiusaduhiO,

272 1128 381 1189 per
414 1109 681 1167 dubium
704 1121 994 1192 perpetuo
1012 1110 1389 1192 progreditur
1408 1156 1423 1185 7
1450 1131 1514 1169 ac
1539 1110 1956 1192 perseveratin
1973 1110 2190 1180 dubio,
2212 1129 2422 1191 quous-

273 1225 388 1285 que
435 1205 530 1264 vel
573 1206 823 1266 minima
877 1205 1191 1266 dubitandi
1231 1207 1380 1266 ratio
1423 1207 1696 1289 supersit.
1748 1205 2006 1264 Dubium
2046 1226 2221 1286 porro
2263 1201 2425 1263 istud

271 1299 716 1361 hermesianum
750 1314 839 1362 est
882 1303 944 1362 1ο
983 1295 1327 1362 universale
1340 1346 1363 1375 ,
1399 1304 1618 1385 quippe
1648 1301 2057 1383 complectitur
2088 1321 2429 1382 quamcum-

278 1418 393 1479 que
424 1398 738 1458 veritatem
756 1443 772 1473 .‚
825 1398 989 1457 nulla
1017 1410 1261 1480 excepta
1283 1443 1300 1471 ,
1332 1400 1512 1458 etiam
1540 1398 1901 1479 primitivam
1921 1444 1936 1472 7
1970 1398 2146 1457 etiam
2170 1396 2422 1458 eviden-

276 1493 566 1552 tissimam
626 1495 751 1555 sive
799 1494 937 1553 facti
984 1494 1106 1556 sive
1167 1494 1445 1567 rationis:,
1509 1494 1747 1576 respicit
1810 1494 2005 1572 ipsum
2065 1492 2426 1574 principium

275 1590 757 1651 contradictionis
776 1637 791 1666 ,
823 1592 1012 1674 ipsam
1030 1591 1403 1651 existentiam
1430 1613 1496 1652 ac
1512 1590 1844 1651 realitatem
1869 1588 2221 1668 objectivam
2238 1589 2425 1648 nostri

279 1686 436 1766 ch,
475 1686 695 1747 factum
717 1688 915 1767 ipsum
955 1690 1385 1747 immediatum
1434 1690 1847 1761 conscientiae,
1896 1686 2075 1745 etiam
2102 1687 2422 1764 subjective
2465 1712 2472 1719 ·

273 1794 514 1843 tantum
563 1796 894 1866 spectatum
943 1784 1061 1864 (1).
1110 1785 1178 1843 20
1237 1785 1338 1842 Est
1383 1787 1614 1842 serium
1653 1804 1720 1842 ac
1755 1785 2126 1862 positivum,
2171 1783 2304 1863 quia
2351 1782 2425 1842 de

281 1879 571 1958 ejusmodi
605 1879 784 1939 dubio
818 1901 1092 1962 expresse
1138 1879 1400 1961 loquitur
1439 1878 1812 1952 Hermesiu53
1852 1879 2202 1959 profitetur,
2253 1899 2314 1937 se
2355 1900 2429 1938 ex

282 1974 388 2035 tali
434 1980 589 2036 serio
620 1976 802 2036 dubio
839 1975 1321 2059 philosophando
1358 1975 1747 2058 processisse3
1801 1973 2087 2050 declarat,
2127 1995 2189 2034 se
2226 1996 2335 2056 pro
2359 1975 2429 2034 iis

282 2070 567 2146 scribere,
614 2073 715 2155 qui
764 2073 974 2132 eodem
1013 2076 1168 2132 serio
1205 2072 1386 2132 dubio
1425 2073 1513 2152 (2)
1540 2070 1842 2146 laborantt,
1881 2070 2152 2130 hortatur
2189 2070 2330 2130 alios
2352 2071 2429 2132 ad

282 2168 388 2227 hoc
431 2171 641 2249 ipsum
693 2167 856 2227 dubii
895 2190 1082 2251 genus
1129 2170 1193 2227 in
1243 2169 1447 2252 seipsis
1490 2168 1627 2227 data
1673 2190 1864 2250 opera·
1899 2167 2278 2228 excitandum
2315 2167 2430 2250 (3).

284 2263 351 2324 30
404 2267 501 2324 Est
549 2268 977 2338 illimitatum,
1021 2266 1312 2348 siquidem
1362 2264 1541 2326 dubia
1591 2266 1655 2324 in
1697 2264 1974 2325 omnibus
2023 2277 2084 2324 et
2121 2265 2432 2348 undequa-

286 2384 399 2444 que
414 2362 815 2444 conquirenda
833 2375 972 2422 sunt
992 2409 1007 2437 .,
1035 2384 1142 2446 per
1158 2385 1359 2423 omnes
1373 2364 1851 2443 dubiz'amhayes
1866 2362 2296 2423 transeundum
2316 2362 2427 2442 (4),

286 2481 471 2542 eaque
492 2460 803 2520 retinenda
831 2482 895 2520 ac
913 2459 1167 2522 fovenda
1190 2506 1206 2536 ,
1234 2460 1348 2519 nisi
1371 2459 1615 2519 omnino
1639 2465 1954 2519 necessitas
1969 2461 2244 2520 absoluta
2256 2461 2444 2520 ratio·

289 2560 388 2616 nis
433 2555 679 2617 tandem
726 2569 891 2638 cogat
928 2557 1003 2616 ad
1038 2557 1261 2640 aliquid
1305 2579 1413 2639 pro
1460 2578 1599 2616 vero
1633 2556 2072 2616 admittendum
2103 2556 2199 2617 vel
2224 2567 2437 2617 tenen-

289 2654 470 2728 dumg
511 2675 673 2714 secus
714 2654 864 2713 nihil
909 2676 1177 2737 unquam
1214 2675 1421 2715 verum
1462 2674 1527 2712 ac
1580 2664 1806 2712 certum
1857 2650 2041 2729 esset7
2086 2652 2189 2712 sed
2240 2651 2435 2713 omnia

294 2770 459 2832 aequo
495 2756 627 2828 jure
665 2750 945 2810 affirmari
990 2751 1268 2832 negarive
1308 2762 1552 2833 possent
1581 2749 1693 2829 (5).
1745 2750 1868 2808 Hoc
1908 2750 2083 2831 igitur
2134 2750 2435 2820 dubium,

294 2846 454 2928 quod
490 2846 644 2907 basis
696 2870 762 2907 ac
799 2847 1258 2907 fundamentum
1295 2846 1623 2931 systematis
1653 2845 1828 2924 hujus
1866 2858 1990 2921 est7
2023 2846 2238 2905 limites
2260 2864 2433 2925 pror—

293 2965 389 3003 sus
418 2964 624 3003 omnes
652 2943 882 3005 excedit
916 2944 1071 3003 illius
1108 2946 1291 3004 dubii
1312 2965 1474 3004 mere
1503 2944 1902 3023 hypothetici,
1928 2963 2030 3001 seu
2059 2941 2251 3023 potius
2280 2939 2436 3026 illius

366 3202 432 3266 (1)
471 3203 523 3251 Id
550 3222 607 3253 ex
640 3206 866 3256 doctrina:
891 3207 1192 3257 hermesianae
1217 3224 1327 3255 ana·
1410 3223 1506 3255 esse
1539 3207 1707 3267 debet,
1754 3210 1880 3272 prius
1917 3208 1973 3253 in
2015 3205 2255 3273 labyrinto
2296 3207 2441 3257 dubii

293 3285 384 3352 lysi
410 3288 609 3336 inferius
643 3290 834 3354 patebit.
1402 3308 1497 3357 per
1550 3306 1712 3340 omnes
1770 3305 1884 3338 cuae
1940 3289 2162 3354 arnbayes
2220 3290 2439 3339 oberrare

363 3366 435 3429 (2)
475 3368 600 3419 Ibid.
628 3389 734 3436 pag.
775 3373 827 3421 1'1
853 3410 866 3432 ,
912 3371 986 3438 14.
1409 3383 1641 3440 oportere.

363 3450 431 3515 (3)
473 3451 595 3500 Ibid.
630 3470 733 3518 pag.
773 3452 850 3502 15.
1479 3457 1549 3520 (5)
1588 3455 1696 3519 Pag.
1733 3471 1815 3515 10,
1852 3470 1931 3503 11.
1954 3454 2178 3505 Hermesii
2199 3458 2300 3504 loca
2322 3455 2437 3505 affe-

367 3534 435 3599 (4)
475 3535 599 3584 Ibid.
633 3536 726 3585 loc.
760 3536 844 3586 cit.
873 3538 956 3586 ubi
986 3538 1188 3587 affirmat
1208 3536 1326 3587 Her·
1409 3549 1575 3587 runtur
1609 3540 1658 3586 in
1698 3541 1827 3586 artic.
1865 3546 1919 3584 2⁰
1955 3549 2114 3587 nostro
2151 3539 2303 3589 italico
2340 3540 2435 3605 jam

299 3622 469 3670 mesine
501 3636 608 3669 eum
631 3655 647 3685 ,
688 3622 767 3686 qui
808 3631 1055 3687 praeceptor
1094 3622 1326 3687 religionis
1407 3625 1573 3683 citato,
1608 3622 1667 3670 ad
1696 3639 1837 3687 quem
1867 3624 2164 3674 remittimus·
