<?xml version="1.0" encoding="UTF-8"?>
<!DOCTYPE html PUBLIC "-//W3C//DTD XHTML 1.0 Transitional//EN"
    "http://www.w3.org/TR/xhtml1/DTD/xhtml1-transitional.dtd">
<html xmlns="http://www.w3.org/1999/xhtml" xml:lang="en" lang="en">
 <head>
  <title>
</title>
<meta http-equiv="Content-Type" content="text/html;charset=utf-8" />
  <meta name='ocr-system' content='tesseract 3.04.00' />
  <meta name='ocr-capabilities' content='ocr_page ocr_carea ocr_par ocr_line ocrx_word'/>
</head>
<body>
  <div class='ocr_page' id='page_1' title='image "a603693809perruoft_0112.png"; bbox 0 0 2502 4134; ppageno 0'>
   <div class='ocr_carea' id='block_1_1' title="bbox 241 120 1762 181">
    <p class='ocr_par' dir='ltr' id='par_1_1' title="bbox 241 120 1762 181">
     <span class='ocr_line' id='line_1_1' title="bbox 241 120 1762 181; baseline 0 -2"><span class='ocrx_word' id='word_1_1' title='bbox 241 120 362 179; x_wconf 77' lang='lat'>104</span> <span class='ocrx_word' id='word_1_2' title='bbox 839 141 1036 181; x_wconf 63' lang='lat' dir='ltr'>macr.</span> <span class='ocrx_word' id='word_1_3' title='bbox 1082 142 1150 179; x_wconf 66' lang='lat' dir='ltr'>mi</span> <span class='ocrx_word' id='word_1_4' title='bbox 1184 142 1337 180; x_wconf 63' lang='lat' dir='ltr'>noeis</span> <span class='ocrx_word' id='word_1_5' title='bbox 1382 140 1762 181; x_wconf 60' lang='lat' dir='ltr'>‘rnsomclcis</span> 
     </span>
    </p>
   </div>
   <div class='ocr_carea' id='block_1_2' title="bbox 239 283 2385 657">
    <p class='ocr_par' dir='ltr' id='par_1_2' title="bbox 239 283 2385 657">
     <span class='ocr_line' id='line_1_2' title="bbox 239 283 2382 369; baseline 0 -23"><span class='ocrx_word' id='word_1_6' title='bbox 239 296 426 346; x_wconf 86' lang='lat' dir='ltr'>tatem</span> <span class='ocrx_word' id='word_1_7' title='bbox 451 295 624 365; x_wconf 83' lang='lat' dir='ltr'>auget</span> <span class='ocrx_word' id='word_1_8' title='bbox 658 284 787 364; x_wconf 78' lang='lat' dir='ltr'>(l);</span> <span class='ocrx_word' id='word_1_9' title='bbox 820 283 1099 345; x_wconf 86' lang='lat' dir='ltr'>idiotismi</span> <span class='ocrx_word' id='word_1_10' title='bbox 1122 332 1137 361; x_wconf 71' lang='lat'>‚</span> <span class='ocrx_word' id='word_1_11' title='bbox 1171 284 1383 368; x_wconf 89' lang='lat' dir='ltr'>quibus</span> <span class='ocrx_word' id='word_1_12' title='bbox 1411 286 1770 369; x_wconf 82' lang='lat' dir='ltr'><strong>explicandis</strong></span> <span class='ocrx_word' id='word_1_13' title='bbox 1804 308 1951 368; x_wconf 89' lang='lat' dir='ltr'>opus</span> <span class='ocrx_word' id='word_1_14' title='bbox 1985 296 2074 344; x_wconf 92' lang='lat' dir='ltr'>est</span> <span class='ocrx_word' id='word_1_15' title='bbox 2098 287 2382 369; x_wconf 82' lang='lat' dir='ltr'>exquisita</span> 
     </span>
     <span class='ocr_line' id='line_1_3' title="bbox 239 371 2384 464; baseline -0 -22"><span class='ocrx_word' id='word_1_16' title='bbox 239 382 575 463; x_wconf 84' lang='lat' dir='ltr'>linguarum</span> <span class='ocrx_word' id='word_1_17' title='bbox 618 380 999 462; x_wconf 87' lang='lat' dir='ltr'>antiquarum</span> <span class='ocrx_word' id='word_1_18' title='bbox 1050 382 1258 464; x_wconf 84' lang='lat' dir='ltr'>peritia</span> <span class='ocrx_word' id='word_1_19' title='bbox 1293 381 1421 461; x_wconf 78' lang='lat'>(2);</span> <span class='ocrx_word' id='word_1_20' title='bbox 1465 371 1744 442; x_wconf 85' lang='lat' dir='ltr'>sensuum</span> <span class='ocrx_word' id='word_1_21' title='bbox 1784 374 2036 441; x_wconf 84' lang='lat' dir='ltr'>varietas</span> <span class='ocrx_word' id='word_1_22' title='bbox 2064 426 2079 456; x_wconf 71' lang='grc'><em>,</em></span> <span class='ocrx_word' id='word_1_23' title='bbox 2138 382 2239 463; x_wconf 91' lang='lat' dir='ltr'>qui</span> <span class='ocrx_word' id='word_1_24' title='bbox 2275 381 2384 441; x_wconf 92' lang='lat' dir='ltr'>sub</span> 
     </span>
     <span class='ocr_line' id='line_1_4' title="bbox 241 476 2384 560; baseline -0 -21"><span class='ocrx_word' id='word_1_25' title='bbox 241 478 452 539; x_wconf 89' lang='lat' dir='ltr'>cortice</span> <span class='ocrx_word' id='word_1_26' title='bbox 481 477 691 536; x_wconf 86' lang='lat' dir='ltr'>litterae</span> <span class='ocrx_word' id='word_1_27' title='bbox 728 477 819 557; x_wconf 88' lang='lat'>(3)</span> <span class='ocrx_word' id='word_1_28' title='bbox 858 477 1245 554; x_wconf 81' lang='lat' dir='ltr'>delitescunt3</span> <span class='ocrx_word' id='word_1_29' title='bbox 1288 478 1548 557; x_wconf 84' lang='lat' dir='ltr'>figuratae</span> <span class='ocrx_word' id='word_1_30' title='bbox 1579 479 1899 539; x_wconf 90' lang='lat' dir='ltr'>locutiones</span> <span class='ocrx_word' id='word_1_31' title='bbox 1927 524 1942 553; x_wconf 72' lang='grc'><em>,</em></span> <span class='ocrx_word' id='word_1_32' title='bbox 1974 476 2203 558; x_wconf 87' lang='lat' dir='ltr'>aliaque</span> <span class='ocrx_word' id='word_1_33' title='bbox 2232 499 2384 560; x_wconf 90' lang='lat' dir='ltr'>pene</span> 
     </span>
     <span class='ocr_line' id='line_1_5' title="bbox 241 573 2385 657; baseline -0 -23"><span class='ocrx_word' id='word_1_34' title='bbox 241 576 554 634; x_wconf 88' lang='lat' dir='ltr'>innumera</span> <span class='ocrx_word' id='word_1_35' title='bbox 573 619 589 648; x_wconf 58' lang='lat' dir='ltr'>a</span> <span class='ocrx_word' id='word_1_36' title='bbox 618 593 746 655; x_wconf 89' lang='lat' dir='ltr'>quae</span> <span class='ocrx_word' id='word_1_37' title='bbox 770 573 1013 654; x_wconf 84' lang='lat' dir='ltr'>longum</span> <span class='ocrx_word' id='word_1_38' title='bbox 1040 586 1190 633; x_wconf 88' lang='lat' dir='ltr'>esset</span> <span class='ocrx_word' id='word_1_39' title='bbox 1213 594 1516 635; x_wconf 87' lang='lat' dir='ltr'>recensere</span> <span class='ocrx_word' id='word_1_40' title='bbox 1541 621 1557 649; x_wconf 74' lang='grc'><em>,</em></span> <span class='ocrx_word' id='word_1_41' title='bbox 1589 596 1833 657; x_wconf 83' lang='lat' dir='ltr'>quaeque</span> <span class='ocrx_word' id='word_1_42' title='bbox 1855 576 1917 633; x_wconf 88' lang='lat' dir='ltr'>in</span> <span class='ocrx_word' id='word_1_43' title='bbox 1948 573 2190 654; x_wconf 81' lang='lat' dir='ltr'>singulis</span> <span class='ocrx_word' id='word_1_44' title='bbox 2231 595 2385 656; x_wconf 90' lang='lat' dir='ltr'>pene</span> 
     </span>
    </p>
   </div>
   <div class='ocr_carea' id='block_1_3' title="bbox 242 669 2391 848">
    <p class='ocr_par' dir='ltr' id='par_1_3' title="bbox 242 669 2391 848">
     <span class='ocr_line' id='line_1_6' title="bbox 242 669 2391 752; baseline -0.001 -21"><span class='ocrx_word' id='word_1_45' title='bbox 242 670 495 731; x_wconf 81' lang='lat' dir='ltr'>dixerim</span> <span class='ocrx_word' id='word_1_46' title='bbox 524 670 959 752; x_wconf 90' lang='lat' dir='ltr'>Scripturarum</span> <span class='ocrx_word' id='word_1_47' title='bbox 988 670 1213 750; x_wconf 82' lang='lat' dir='ltr'>paginis</span> <span class='ocrx_word' id='word_1_48' title='bbox 1249 669 1636 730; x_wconf 83' lang='lat' dir='ltr'>offenduntur</span> <span class='ocrx_word' id='word_1_49' title='bbox 1657 717 1672 743; x_wconf 79' lang='grc'><em>,</em></span> <span class='ocrx_word' id='word_1_50' title='bbox 1717 670 1929 752; x_wconf 90' lang='lat' dir='ltr'>quibus</span> <span class='ocrx_word' id='word_1_51' title='bbox 1959 670 2285 731; x_wconf 87' lang='lat' dir='ltr'>necessario</span> <span class='ocrx_word' id='word_1_52' title='bbox 2324 670 2391 728; x_wconf 85' lang='lat' dir='ltr'>fit</span> 
     </span>
     <span class='ocr_line' id='line_1_7' title="bbox 242 764 1218 848; baseline -0.003 -21"><span class='ocrx_word' id='word_1_53' title='bbox 242 778 311 827; x_wconf 92' lang='lat' dir='ltr'>ut</span> <span class='ocrx_word' id='word_1_54' title='bbox 334 765 592 826; x_wconf 82' lang='lat' dir='ltr'>obscurae</span> <span class='ocrx_word' id='word_1_55' title='bbox 615 765 791 826; x_wconf 86' lang='lat' dir='ltr'>nobis</span> <span class='ocrx_word' id='word_1_56' title='bbox 819 764 1076 827; x_wconf 85' lang='lat' dir='ltr'>evadant</span> <span class='ocrx_word' id='word_1_57' title='bbox 1104 765 1218 848; x_wconf 75' lang='lat'>(4).</span> 
     </span>
    </p>
   </div>
   <div class='ocr_carea' id='block_1_4' title="bbox 244 861 2411 1716">
    <p class='ocr_par' dir='ltr' id='par_1_4' title="bbox 244 861 2411 1716">
     <span class='ocr_line' id='line_1_8' title="bbox 330 861 2391 945; baseline -0 -24"><span class='ocrx_word' id='word_1_58' title='bbox 330 863 466 922; x_wconf 83' lang='lat'>159.</span> <span class='ocrx_word' id='word_1_59' title='bbox 512 865 767 922; x_wconf 92' lang='lat' dir='ltr'>Demum</span> <span class='ocrx_word' id='word_1_60' title='bbox 802 863 928 945; x_wconf 89' lang='lat' dir='ltr'>ipsa</span> <span class='ocrx_word' id='word_1_61' title='bbox 958 861 1430 923; x_wconf 87' lang='lat' dir='ltr'>adversariorum</span> <span class='ocrx_word' id='word_1_62' title='bbox 1454 861 1817 921; x_wconf 87' lang='lat' dir='ltr'>confessione</span> <span class='ocrx_word' id='word_1_63' title='bbox 1839 873 1898 922; x_wconf 90' lang='lat' dir='ltr'>et</span> <span class='ocrx_word' id='word_1_64' title='bbox 1925 862 2132 942; x_wconf 79' lang='lat' dir='ltr'>agendi</span> <span class='ocrx_word' id='word_1_65' title='bbox 2163 862 2391 921; x_wconf 90' lang='lat' dir='ltr'>ratione</span> 
     </span>
     <span class='ocr_line' id='line_1_9' title="bbox 244 958 2395 1040; baseline -0.002 -21"><span class='ocrx_word' id='word_1_66' title='bbox 244 980 338 1019; x_wconf 89' lang='lat' dir='ltr'>res</span> <span class='ocrx_word' id='word_1_67' title='bbox 382 968 582 1018; x_wconf 86' lang='lat' dir='ltr'>nostra</span> <span class='ocrx_word' id='word_1_68' title='bbox 639 959 965 1019; x_wconf 89' lang='lat' dir='ltr'>conficitur.</span> <span class='ocrx_word' id='word_1_69' title='bbox 1022 959 1099 1016; x_wconf 90' lang='lat' dir='ltr'>Ut</span> <span class='ocrx_word' id='word_1_70' title='bbox 1145 959 1305 1017; x_wconf 88' lang='lat' dir='ltr'>enim</span> <span class='ocrx_word' id='word_1_71' title='bbox 1360 961 1881 1040; x_wconf 82' lang='lat' dir='ltr'>praetermittamus</span> <span class='ocrx_word' id='word_1_72' title='bbox 1932 958 2395 1018; x_wconf 84' lang='lat' dir='ltr'>Protestantium</span> 
     </span>
     <span class='ocr_line' id='line_1_10' title="bbox 244 1051 2397 1138; baseline -0.001 -24"><span class='ocrx_word' id='word_1_73' title='bbox 244 1066 557 1138; x_wconf 90' lang='lat' dir='ltr'>parentem</span> <span class='ocrx_word' id='word_1_74' title='bbox 580 1101 595 1130; x_wconf 60' lang='lat' dir='ltr'>a</span> <span class='ocrx_word' id='word_1_75' title='bbox 626 1054 946 1116; x_wconf 87' lang='lat' dir='ltr'>Lutherum</span> <span class='ocrx_word' id='word_1_76' title='bbox 973 1100 989 1129; x_wconf 67' lang='grc'><em>,</em></span> <span class='ocrx_word' id='word_1_77' title='bbox 1015 1055 1114 1136; x_wconf 92' lang='lat' dir='ltr'>qui</span> <span class='ocrx_word' id='word_1_78' title='bbox 1140 1056 1407 1112; x_wconf 90' lang='lat' dir='ltr'>omnium</span> <span class='ocrx_word' id='word_1_79' title='bbox 1433 1055 1660 1135; x_wconf 86' lang='lat' dir='ltr'>primus</span> <span class='ocrx_word' id='word_1_80' title='bbox 1691 1054 2130 1136; x_wconf 88' lang='lat' dir='ltr'>Scripturarum</span> <span class='ocrx_word' id='word_1_81' title='bbox 2158 1051 2397 1112; x_wconf 87' lang='lat' dir='ltr'>clarita—</span> 
     </span>
     <span class='ocr_line' id='line_1_11' title="bbox 244 1147 2398 1234; baseline -0.001 -24"><span class='ocrx_word' id='word_1_82' title='bbox 244 1163 371 1211; x_wconf 85' lang='lat' dir='ltr'>tem</span> <span class='ocrx_word' id='word_1_83' title='bbox 402 1151 790 1234; x_wconf 87' lang='lat' dir='ltr'>proclamavit</span> <span class='ocrx_word' id='word_1_84' title='bbox 809 1196 824 1225; x_wconf 70' lang='grc'><em>,</em></span> <span class='ocrx_word' id='word_1_85' title='bbox 852 1162 1055 1234; x_wconf 82' lang='lat' dir='ltr'>postea</span> <span class='ocrx_word' id='word_1_86' title='bbox 1080 1172 1220 1211; x_wconf 82' lang='lat' dir='ltr'>vero</span> <span class='ocrx_word' id='word_1_87' title='bbox 1255 1172 1470 1232; x_wconf 90' lang='lat' dir='ltr'>parum</span> <span class='ocrx_word' id='word_1_88' title='bbox 1499 1149 1612 1208; x_wconf 88' lang='lat' dir='ltr'>sibi</span> <span class='ocrx_word' id='word_1_89' title='bbox 1645 1150 2021 1210; x_wconf 89' lang='lat' dir='ltr'>consentiens</span> <span class='ocrx_word' id='word_1_90' title='bbox 2053 1147 2253 1231; x_wconf 89' lang='lat' dir='ltr'>(quod</span> <span class='ocrx_word' id='word_1_91' title='bbox 2277 1148 2398 1208; x_wconf 85' lang='lat' dir='ltr'>hae-</span> 
     </span>
     <span class='ocr_line' id='line_1_12' title="bbox 246 1237 2404 1328; baseline -0.002 -20"><span class='ocrx_word' id='word_1_92' title='bbox 246 1248 439 1308; x_wconf 86' lang='lat' dir='ltr'>reticis</span> <span class='ocrx_word' id='word_1_93' title='bbox 467 1269 608 1308; x_wconf 87' lang='lat' dir='ltr'>sane</span> <span class='ocrx_word' id='word_1_94' title='bbox 640 1246 916 1307; x_wconf 89' lang='lat' dir='ltr'>omnibus</span> <span class='ocrx_word' id='word_1_95' title='bbox 945 1237 1309 1327; x_wconf 70' lang='lat' dir='ltr'>contingit),</span> <span class='ocrx_word' id='word_1_96' title='bbox 1337 1245 1695 1328; x_wconf 87' lang='lat' dir='ltr'>profundam</span> <span class='ocrx_word' id='word_1_97' title='bbox 1724 1245 2068 1305; x_wconf 88' lang='lat' dir='ltr'>earumdem</span> <span class='ocrx_word' id='word_1_98' title='bbox 2106 1245 2292 1304; x_wconf 88' lang='lat' dir='ltr'>fassus</span> <span class='ocrx_word' id='word_1_99' title='bbox 2317 1256 2404 1305; x_wconf 91' lang='lat' dir='ltr'>est</span> 
     </span>
     <span class='ocr_line' id='line_1_13' title="bbox 247 1342 2404 1424; baseline -0.002 -21"><span class='ocrx_word' id='word_1_100' title='bbox 247 1343 667 1404; x_wconf 82' lang='lat' dir='ltr'>obscuritatem</span> <span class='ocrx_word' id='word_1_101' title='bbox 701 1344 812 1423; x_wconf 85' lang='lat'>(5).</span> <span class='ocrx_word' id='word_1_102' title='bbox 849 1343 1245 1417; x_wconf 71' lang='lat' dir='ltr'>Francowitz‚</span> <span class='ocrx_word' id='word_1_103' title='bbox 1279 1345 1538 1403; x_wconf 79' lang='lat' dir='ltr'>Flaccus</span> <span class='ocrx_word' id='word_1_104' title='bbox 1570 1345 1865 1424; x_wconf 71' lang='lat' dir='ltr'>Illyricas</span> <span class='ocrx_word' id='word_1_105' title='bbox 1894 1353 2270 1424; x_wconf 90' lang='lat' dir='ltr'>nuncupatus</span> <span class='ocrx_word' id='word_1_106' title='bbox 2292 1387 2308 1416; x_wconf 61' lang='lat' dir='ltr'>a</span> <span class='ocrx_word' id='word_1_107' title='bbox 2340 1342 2404 1399; x_wconf 90' lang='lat' dir='ltr'>in</span> 
     </span>
     <span class='ocr_line' id='line_1_14' title="bbox 253 1439 2406 1522; baseline -0.003 -22"><span class='ocrx_word' id='word_1_108' title='bbox 253 1442 525 1521; x_wconf 72' lang='lat' dir='ltr'>Cataloyo</span> <span class='ocrx_word' id='word_1_109' title='bbox 538 1443 774 1499; x_wconf 79' lang='lat' dir='ltr'>testium</span> <span class='ocrx_word' id='word_1_110' title='bbox 792 1443 1063 1499; x_wconf 75' lang='lat' dir='ltr'>veritatis</span> <span class='ocrx_word' id='word_1_111' title='bbox 1078 1439 1168 1517; x_wconf 84' lang='lat'>(6)</span> <span class='ocrx_word' id='word_1_112' title='bbox 1191 1484 1207 1513; x_wconf 67' lang='lat'>‚</span> <span class='ocrx_word' id='word_1_113' title='bbox 1229 1451 1468 1498; x_wconf 90' lang='lat' dir='ltr'>centum</span> <span class='ocrx_word' id='word_1_114' title='bbox 1494 1439 1924 1522; x_wconf 86' lang='lat' dir='ltr'>quinquaginta</span> <span class='ocrx_word' id='word_1_115' title='bbox 1947 1450 2005 1498; x_wconf 91' lang='lat' dir='ltr'>et</span> <span class='ocrx_word' id='word_1_116' title='bbox 2022 1460 2207 1496; x_wconf 88' lang='lat' dir='ltr'>unum</span> <span class='ocrx_word' id='word_1_117' title='bbox 2230 1458 2406 1517; x_wconf 86' lang='lat' dir='ltr'>argu-</span> 
     </span>
     <span class='ocr_line' id='line_1_15' title="bbox 249 1533 2411 1618; baseline -0.002 -21"><span class='ocrx_word' id='word_1_118' title='bbox 249 1549 454 1599; x_wconf 88' lang='lat' dir='ltr'>menta</span> <span class='ocrx_word' id='word_1_119' title='bbox 468 1537 545 1597; x_wconf 87' lang='lat' dir='ltr'>ad</span> <span class='ocrx_word' id='word_1_120' title='bbox 571 1535 1002 1617; x_wconf 82' lang='lat' dir='ltr'>ostendendam</span> <span class='ocrx_word' id='word_1_121' title='bbox 1026 1536 1461 1617; x_wconf 87' lang='lat' dir='ltr'>Scripturarum</span> <span class='ocrx_word' id='word_1_122' title='bbox 1482 1536 1898 1597; x_wconf 84' lang='lat' dir='ltr'>obscuritatem</span> <span class='ocrx_word' id='word_1_123' title='bbox 1922 1533 2170 1618; x_wconf 91' lang='lat' dir='ltr'>protulit</span> <span class='ocrx_word' id='word_1_124' title='bbox 2194 1534 2256 1593; x_wconf 90' lang='lat' dir='ltr'>in</span> <span class='ocrx_word' id='word_1_125' title='bbox 2288 1555 2411 1593; x_wconf 80' lang='lat' dir='ltr'>me·</span> 
     </span>
     <span class='ocr_line' id='line_1_16' title="bbox 254 1631 2411 1716; baseline -0.002 -23"><span class='ocrx_word' id='word_1_126' title='bbox 254 1633 443 1694; x_wconf 90' lang='lat' dir='ltr'>dium.</span> <span class='ocrx_word' id='word_1_127' title='bbox 472 1632 683 1694; x_wconf 90' lang='lat' dir='ltr'>Irridet</span> <span class='ocrx_word' id='word_1_128' title='bbox 705 1631 895 1693; x_wconf 89' lang='lat' dir='ltr'>editor</span> <span class='ocrx_word' id='word_1_129' title='bbox 918 1637 1042 1711; x_wconf 89' lang='lat' dir='ltr'>ejus</span> <span class='ocrx_word' id='word_1_130' title='bbox 1057 1633 1346 1692; x_wconf 84' lang='lat' dir='ltr'>recentior</span> <span class='ocrx_word' id='word_1_131' title='bbox 1362 1632 1673 1709; x_wconf 74' lang='lat' dir='ltr'>Dallaeum,</span> <span class='ocrx_word' id='word_1_132' title='bbox 1700 1634 1801 1716; x_wconf 90' lang='lat' dir='ltr'>qui</span> <span class='ocrx_word' id='word_1_133' title='bbox 1830 1634 1894 1691; x_wconf 90' lang='lat' dir='ltr'>in</span> <span class='ocrx_word' id='word_1_134' title='bbox 1911 1653 2013 1712; x_wconf 93' lang='lat' dir='ltr'>op.</span> <span class='ocrx_word' id='word_1_135' title='bbox 2036 1637 2121 1691; x_wconf 87' lang='lat' dir='ltr'>De</span> <span class='ocrx_word' id='word_1_136' title='bbox 2142 1631 2411 1691; x_wconf 74' lang='lat' dir='ltr'>Patrum</span> 
     </span>
    </p>
   </div>
   <div class='ocr_carea' id='block_1_5' title="bbox 257 1727 2408 1812">
    <p class='ocr_par' dir='ltr' id='par_1_5' title="bbox 257 1727 2408 1812">
     <span class='ocr_line' id='line_1_17' title="bbox 257 1727 2408 1812; baseline -0.003 -20"><span class='ocrx_word' id='word_1_137' title='bbox 257 1752 376 1792; x_wconf 77' lang='lat' dir='ltr'>usu</span> <span class='ocrx_word' id='word_1_138' title='bbox 391 1774 416 1804; x_wconf 90' lang='lat'><em>,</em></span> <span class='ocrx_word' id='word_1_139' title='bbox 453 1730 886 1812; x_wconf 90' lang='lat' dir='ltr'>Scripturarum</span> <span class='ocrx_word' id='word_1_140' title='bbox 924 1729 1407 1812; x_wconf 82' lang='lat' dir='ltr'>perspicuitatem</span> <span class='ocrx_word' id='word_1_141' title='bbox 1445 1729 1665 1812; x_wconf 92' lang='lat' dir='ltr'>populo</span> <span class='ocrx_word' id='word_1_142' title='bbox 1700 1729 2055 1812; x_wconf 87' lang='lat' dir='ltr'>persuadere</span> <span class='ocrx_word' id='word_1_143' title='bbox 2097 1727 2259 1791; x_wconf 83' lang='lat' dir='ltr'>nisus</span> <span class='ocrx_word' id='word_1_144' title='bbox 2302 1737 2408 1787; x_wconf 91' lang='lat' dir='ltr'>est.</span> 
     </span>
    </p>
   </div>
   <div class='ocr_carea' id='block_1_6' title="bbox 265 1990 2431 3716">
    <p class='ocr_par' dir='ltr' id='par_1_6' title="bbox 331 1990 2417 2056">
     <span class='ocr_line' id='line_1_18' title="bbox 331 1990 2417 2056; baseline 0 -18"><span class='ocrx_word' id='word_1_145' title='bbox 331 1991 403 2055; x_wconf 82' lang='grc'>(1)</span> <span class='ocrx_word' id='word_1_146' title='bbox 441 1990 541 2040; x_wconf 84' lang='lat' dir='ltr'>cfr.</span> <span class='ocrx_word' id='word_1_147' title='bbox 575 1990 777 2056; x_wconf 77' lang='lat' dir='ltr'>Proloq.</span> <span class='ocrx_word' id='word_1_148' title='bbox 807 1990 1139 2041; x_wconf 76' lang='lat' dir='ltr'>ecclesiastici.</span> <span class='ocrx_word' id='word_1_149' title='bbox 1383 1997 1566 2041; x_wconf 74' lang='lat' dir='ltr'>ecimus</span> <span class='ocrx_word' id='word_1_150' title='bbox 1594 1994 1650 2042; x_wconf 83' lang='lat' dir='ltr'><em>A</em></span> <span class='ocrx_word' id='word_1_151' title='bbox 1677 1993 1727 2041; x_wconf 92' lang='lat' dir='ltr'><em>B</em></span> <span class='ocrx_word' id='word_1_152' title='bbox 1757 1992 1824 2050; x_wconf 84' lang='lat' dir='ltr'>C,</span> <span class='ocrx_word' id='word_1_153' title='bbox 1864 2001 1908 2041; x_wconf 76' lang='lat' dir='ltr'>et</span> <span class='ocrx_word' id='word_1_154' title='bbox 1941 1990 2100 2040; x_wconf 78' lang='lat' dir='ltr'>adhuc</span> <span class='ocrx_word' id='word_1_155' title='bbox 2130 2008 2229 2040; x_wconf 88' lang='lat' dir='ltr'>non</span> <span class='ocrx_word' id='word_1_156' title='bbox 2263 1999 2417 2050; x_wconf 79' lang='lat' dir='ltr'>recte;</span> 
     </span>
    </p>

    <p class='ocr_par' dir='ltr' id='par_1_7' title="bbox 265 2071 2425 2805">
     <span class='ocr_line' id='line_1_19' title="bbox 334 2071 2414 2139; baseline 0.001 -20"><span class='ocrx_word' id='word_1_157' title='bbox 334 2072 397 2136; x_wconf 74' lang='lat'>(2)</span> <span class='ocrx_word' id='word_1_158' title='bbox 434 2071 574 2138; x_wconf 84' lang='lat' dir='ltr'>Apud</span> <span class='ocrx_word' id='word_1_159' title='bbox 601 2073 797 2133; x_wconf 89' lang='lat' dir='ltr'>Milner‚</span> <span class='ocrx_word' id='word_1_160' title='bbox 827 2077 962 2139; x_wconf 85' lang='lat' dir='ltr'>epist.</span> <span class='ocrx_word' id='word_1_161' title='bbox 993 2075 1073 2123; x_wconf 88' lang='lat' dir='ltr'>cit.</span> <span class='ocrx_word' id='word_1_162' title='bbox 1101 2073 1294 2139; x_wconf 89' lang='lat' dir='ltr'>Episco-</span> <span class='ocrx_word' id='word_1_163' title='bbox 1385 2085 1430 2123; x_wconf 89' lang='lat' dir='ltr'>et</span> <span class='ocrx_word' id='word_1_164' title='bbox 1460 2075 1540 2124; x_wconf 87' lang='lat' dir='ltr'>fol.</span> <span class='ocrx_word' id='word_1_165' title='bbox 1565 2074 1595 2123; x_wconf 84' lang='lat'>3</span> <span class='ocrx_word' id='word_1_166' title='bbox 1618 2092 1633 2123; x_wconf 71' lang='grc' dir='ltr'><strong><em>ε</em></strong></span> <span class='ocrx_word' id='word_1_167' title='bbox 1655 2073 1757 2123; x_wconf 86' lang='lat' dir='ltr'>Dei</span> <span class='ocrx_word' id='word_1_168' title='bbox 1780 2074 1976 2123; x_wconf 82' lang='lat' dir='ltr'>verbum</span> <span class='ocrx_word' id='word_1_169' title='bbox 1997 2082 2068 2122; x_wconf 78' lang='lat' dir='ltr'>est</span> <span class='ocrx_word' id='word_1_170' title='bbox 2081 2071 2414 2122; x_wconf 72' lang='lat' dir='ltr'>inscrutabile.</span> 
     </span>
     <span class='ocr_line' id='line_1_20' title="bbox 265 2154 2417 2224; baseline -0.001 -20"><span class='ocrx_word' id='word_1_171' title='bbox 265 2158 371 2223; x_wconf 86' lang='lat' dir='ltr'>pius</span> <span class='ocrx_word' id='word_1_172' title='bbox 402 2156 624 2205; x_wconf 83' lang='lat' dir='ltr'>voluisset</span> <span class='ocrx_word' id='word_1_173' title='bbox 658 2167 711 2205; x_wconf 88' lang='lat' dir='ltr'>ut</span> <span class='ocrx_word' id='word_1_174' title='bbox 733 2156 982 2205; x_wconf 83' lang='lat' dir='ltr'>Christiani</span> <span class='ocrx_word' id='word_1_175' title='bbox 1008 2174 1172 2206; x_wconf 85' lang='lat' dir='ltr'>omnes</span> <span class='ocrx_word' id='word_1_176' title='bbox 1208 2154 1295 2205; x_wconf 87' lang='lat' dir='ltr'>ad·</span> <span class='ocrx_word' id='word_1_177' title='bbox 1398 2155 1619 2206; x_wconf 78' lang='lat' dir='ltr'>Unicum</span> <span class='ocrx_word' id='word_1_178' title='bbox 1649 2173 1749 2207; x_wconf 82' lang='lat' dir='ltr'>sac.</span> <span class='ocrx_word' id='word_1_179' title='bbox 1780 2154 2051 2224; x_wconf 72' lang='lat' dir='ltr'>Scripturoe</span> <span class='ocrx_word' id='word_1_180' title='bbox 2085 2157 2281 2206; x_wconf 80' lang='lat' dir='ltr'>verbum</span> <span class='ocrx_word' id='word_1_181' title='bbox 2304 2171 2417 2222; x_wconf 84' lang='lat' dir='ltr'>per-</span> 
     </span>
     <span class='ocr_line' id='line_1_21' title="bbox 268 2239 2421 2306; baseline -0.001 -18"><span class='ocrx_word' id='word_1_182' title='bbox 268 2239 500 2289; x_wconf 88' lang='lat' dir='ltr'>discerent</span> <span class='ocrx_word' id='word_1_183' title='bbox 516 2239 695 2305; x_wconf 89' lang='lat' dir='ltr'>linguas</span> <span class='ocrx_word' id='word_1_184' title='bbox 711 2240 980 2289; x_wconf 84' lang='lat' dir='ltr'>hebraicam</span> <span class='ocrx_word' id='word_1_185' title='bbox 999 2251 1043 2289; x_wconf 91' lang='lat' dir='ltr'>et</span> <span class='ocrx_word' id='word_1_186' title='bbox 1069 2256 1262 2306; x_wconf 85' lang='lat' dir='ltr'>graecam</span> <span class='ocrx_word' id='word_1_187' title='bbox 1281 2276 1298 2300; x_wconf 89' lang='lat'><strong>‚</strong></span> <span class='ocrx_word' id='word_1_188' title='bbox 1386 2241 1630 2301; x_wconf 73' lang='lat' dir='ltr'>scrutari,</span> <span class='ocrx_word' id='word_1_189' title='bbox 1671 2248 1714 2288; x_wconf 77' lang='lat' dir='ltr'>et</span> <span class='ocrx_word' id='word_1_190' title='bbox 1742 2257 1767 2287; x_wconf 90' lang='lat' dir='ltr'>e</span> <span class='ocrx_word' id='word_1_191' title='bbox 1791 2240 2037 2306; x_wconf 82' lang='lat' dir='ltr'>profundo</span> <span class='ocrx_word' id='word_1_192' title='bbox 2075 2255 2272 2298; x_wconf 85' lang='lat' dir='ltr'>eruere,</span> <span class='ocrx_word' id='word_1_193' title='bbox 2318 2254 2421 2286; x_wconf 90' lang='lat' dir='ltr'>om-</span> 
     </span>
     <span class='ocr_line' id='line_1_22' title="bbox 268 2320 2421 2388; baseline -0.001 -17"><span class='ocrx_word' id='word_1_194' title='bbox 268 2333 324 2371; x_wconf 67' lang='grc' dir='ltr'>ιιι</span> <span class='ocrx_word' id='word_1_195' title='bbox 355 2332 541 2388; x_wconf 83' lang='lat' dir='ltr'>possent</span> <span class='ocrx_word' id='word_1_196' title='bbox 569 2340 697 2372; x_wconf 84' lang='lat' dir='ltr'>sacra</span> <span class='ocrx_word' id='word_1_197' title='bbox 732 2323 884 2372; x_wconf 85' lang='lat' dir='ltr'>Biblia</span> <span class='ocrx_word' id='word_1_198' title='bbox 915 2326 966 2372; x_wconf 92' lang='lat' dir='ltr'>in</span> <span class='ocrx_word' id='word_1_199' title='bbox 1000 2323 1171 2388; x_wconf 84' lang='lat' dir='ltr'>linguis</span> <span class='ocrx_word' id='word_1_200' title='bbox 1204 2325 1300 2371; x_wconf 86' lang='lat' dir='ltr'>suis</span> <span class='ocrx_word' id='word_1_201' title='bbox 1389 2324 1508 2372; x_wconf 83' lang='lat' dir='ltr'>nino</span> <span class='ocrx_word' id='word_1_202' title='bbox 1539 2320 1760 2373; x_wconf 68' lang='grc' dir='ltr'>εἰδέναι-ον</span> <span class='ocrx_word' id='word_1_203' title='bbox 1798 2334 1885 2374; x_wconf 79' lang='lat' dir='ltr'>est.</span> <span class='ocrx_word' id='word_1_204' title='bbox 1927 2323 2062 2388; x_wconf 78' lang='lat' dir='ltr'>Neqo</span> <span class='ocrx_word' id='word_1_205' title='bbox 2080 2358 2098 2385; x_wconf 87' lang='lat'><em>,</em></span> <span class='ocrx_word' id='word_1_206' title='bbox 2140 2321 2351 2371; x_wconf 78' lang='lat' dir='ltr'>eruditos</span> <span class='ocrx_word' id='word_1_207' title='bbox 2375 2328 2421 2369; x_wconf 76' lang='lat' dir='ltr'>et</span> 
     </span>
     <span class='ocr_line' id='line_1_23' title="bbox 270 2403 2423 2472; baseline -0.001 -18"><span class='ocrx_word' id='word_1_208' title='bbox 270 2403 583 2472; x_wconf 82' lang='lat' dir='ltr'>originalibus</span> <span class='ocrx_word' id='word_1_209' title='bbox 613 2406 868 2471; x_wconf 85' lang='lat' dir='ltr'>perlegere.</span> <span class='ocrx_word' id='word_1_210' title='bbox 898 2405 998 2455; x_wconf 86' lang='lat' dir='ltr'>Cfr.</span> <span class='ocrx_word' id='word_1_211' title='bbox 1036 2403 1177 2455; x_wconf 84' lang='lat' dir='ltr'>etiam</span> <span class='ocrx_word' id='word_1_212' title='bbox 1207 2405 1300 2455; x_wconf 85' lang='lat' dir='ltr'>Th.</span> <span class='ocrx_word' id='word_1_213' title='bbox 1390 2404 1651 2470; x_wconf 78' lang='lat' dir='ltr'>theoloqos,</span> <span class='ocrx_word' id='word_1_214' title='bbox 1695 2415 1749 2454; x_wconf 80' lang='lat' dir='ltr'>ut</span> <span class='ocrx_word' id='word_1_215' title='bbox 1792 2405 1867 2454; x_wconf 84' lang='lat' dir='ltr'>vel</span> <span class='ocrx_word' id='word_1_216' title='bbox 1899 2408 2112 2456; x_wconf 69' lang='lat' dir='ltr'>maxime</span> <span class='ocrx_word' id='word_1_217' title='bbox 2146 2403 2324 2466; x_wconf 76' lang='lat' dir='ltr'>velint,</span> <span class='ocrx_word' id='word_1_218' title='bbox 2366 2403 2423 2451; x_wconf 84' lang='lat' dir='ltr'>id</span> 
     </span>
     <span class='ocr_line' id='line_1_24' title="bbox 270 2485 2421 2557; baseline -0.002 -19"><span class='ocrx_word' id='word_1_219' title='bbox 270 2488 437 2539; x_wconf 84' lang='lat' dir='ltr'>Moore</span> <span class='ocrx_word' id='word_1_220' title='bbox 454 2527 469 2551; x_wconf 89' lang='lat'>,</span> <span class='ocrx_word' id='word_1_221' title='bbox 502 2492 550 2538; x_wconf 89' lang='lat' dir='ltr'>in</span> <span class='ocrx_word' id='word_1_222' title='bbox 577 2487 637 2538; x_wconf 92' lang='lat' dir='ltr'><em>V</em></span> <span class='ocrx_word' id='word_1_223' title='bbox 629 2506 801 2556; x_wconf 77' lang='lat' dir='ltr'>oyaqes</span> <span class='ocrx_word' id='word_1_224' title='bbox 834 2489 1117 2557; x_wconf 81' lang='lat' dir='ltr'>d&#39;unjeune</span> <span class='ocrx_word' id='word_1_225' title='bbox 1135 2488 1301 2538; x_wconf 85' lang='lat' dir='ltr'>Irlan·</span> <span class='ocrx_word' id='word_1_226' title='bbox 1384 2505 1543 2555; x_wconf 77' lang='lat' dir='ltr'>posse.</span> <span class='ocrx_word' id='word_1_227' title='bbox 1570 2489 1707 2556; x_wconf 76' lang='lat' dir='ltr'>Quia</span> <span class='ocrx_word' id='word_1_228' title='bbox 1727 2491 1858 2538; x_wconf 84' lang='lat' dir='ltr'>enim</span> <span class='ocrx_word' id='word_1_229' title='bbox 1870 2486 2091 2556; x_wconf 75' lang='lat' dir='ltr'>Spiritus</span> <span class='ocrx_word' id='word_1_230' title='bbox 2105 2488 2265 2536; x_wconf 78' lang='lat' dir='ltr'>sancti</span> <span class='ocrx_word' id='word_1_231' title='bbox 2279 2485 2421 2534; x_wconf 79' lang='lat' dir='ltr'>verba</span> 
     </span>
     <span class='ocr_line' id='line_1_25' title="bbox 274 2567 2423 2639; baseline -0.001 -20"><span class='ocrx_word' id='word_1_232' title='bbox 274 2571 418 2634; x_wconf 80' lang='lat' dir='ltr'>dcis,</span> <span class='ocrx_word' id='word_1_233' title='bbox 477 2573 599 2622; x_wconf 85' lang='lat' dir='ltr'>trad.</span> <span class='ocrx_word' id='word_1_234' title='bbox 647 2573 706 2622; x_wconf 91' lang='lat' dir='ltr'>de</span> <span class='ocrx_word' id='word_1_235' title='bbox 751 2571 912 2639; x_wconf 85' lang='lat' dir='ltr'>l&#39;angl.</span> <span class='ocrx_word' id='word_1_236' title='bbox 956 2573 1086 2622; x_wconf 88' lang='lat' dir='ltr'>Paris</span> <span class='ocrx_word' id='word_1_237' title='bbox 1134 2570 1263 2622; x_wconf 83' lang='lat'>1836</span> <span class='ocrx_word' id='word_1_238' title='bbox 1289 2612 1302 2634; x_wconf 88' lang='lat'><strong>,</strong></span> <span class='ocrx_word' id='word_1_239' title='bbox 1394 2581 1539 2634; x_wconf 79' lang='lat' dir='ltr'>sunt,</span> <span class='ocrx_word' id='word_1_240' title='bbox 1573 2572 1679 2620; x_wconf 80' lang='lat' dir='ltr'>ideo</span> <span class='ocrx_word' id='word_1_241' title='bbox 1702 2589 1851 2639; x_wconf 81' lang='lat' dir='ltr'>supra</span> <span class='ocrx_word' id='word_1_242' title='bbox 1875 2570 2089 2620; x_wconf 77' lang='lat' dir='ltr'>homines</span> <span class='ocrx_word' id='word_1_243' title='bbox 2108 2577 2291 2621; x_wconf 76' lang='lat' dir='ltr'>sunt...</span> <span class='ocrx_word' id='word_1_244' title='bbox 2319 2567 2371 2615; x_wconf 87' lang='lat' dir='ltr'><em>V</em></span> <span class='ocrx_word' id='word_1_245' title='bbox 2371 2585 2423 2617; x_wconf 91' lang='lat' dir='ltr'>o-</span> 
     </span>
     <span class='ocr_line' id='line_1_26' title="bbox 275 2651 2425 2722; baseline -0.001 -20"><span class='ocrx_word' id='word_1_246' title='bbox 275 2670 384 2721; x_wconf 85' lang='lat' dir='ltr'>pag.</span> <span class='ocrx_word' id='word_1_247' title='bbox 418 2652 542 2716; x_wconf 85' lang='lat'>380,</span> <span class='ocrx_word' id='word_1_248' title='bbox 569 2673 679 2704; x_wconf 89' lang='lat' dir='ltr'>cum</span> <span class='ocrx_word' id='word_1_249' title='bbox 703 2657 864 2707; x_wconf 88' lang='lat' dir='ltr'>adnot.</span> <span class='ocrx_word' id='word_1_250' title='bbox 900 2674 953 2706; x_wconf 86' lang='lat' dir='ltr'>ex</span> <span class='ocrx_word' id='word_1_251' title='bbox 983 2656 1156 2707; x_wconf 85' lang='lat' dir='ltr'>Jerem.</span> <span class='ocrx_word' id='word_1_252' title='bbox 1186 2655 1308 2722; x_wconf 84' lang='lat' dir='ltr'>Tay·-</span> <span class='ocrx_word' id='word_1_253' title='bbox 1394 2653 1470 2702; x_wconf 91' lang='lat' dir='ltr'>lui</span> <span class='ocrx_word' id='word_1_254' title='bbox 1492 2654 1744 2719; x_wconf 79' lang='lat' dir='ltr'>aliquoties</span> <span class='ocrx_word' id='word_1_255' title='bbox 1768 2652 2057 2718; x_wconf 79' lang='lat' dir='ltr'>Decaloqum</span> <span class='ocrx_word' id='word_1_256' title='bbox 2087 2651 2342 2713; x_wconf 84' lang='lat' dir='ltr'>meditari,</span> <span class='ocrx_word' id='word_1_257' title='bbox 2379 2659 2425 2699; x_wconf 79' lang='lat' dir='ltr'>et</span> 
     </span>
     <span class='ocr_line' id='line_1_27' title="bbox 273 2724 2424 2805; baseline -0.002 -20"><span class='ocrx_word' id='word_1_258' title='bbox 273 2736 382 2797; x_wconf 87' lang='lat' dir='ltr'>lor,</span> <span class='ocrx_word' id='word_1_259' title='bbox 410 2754 515 2802; x_wconf 90' lang='lat' dir='ltr'>pag.</span> <span class='ocrx_word' id='word_1_260' title='bbox 550 2734 652 2799; x_wconf 69' lang='lat'>426</span> <span class='ocrx_word' id='word_1_261' title='bbox 687 2749 730 2787; x_wconf 83' lang='lat' dir='ltr'>et</span> <span class='ocrx_word' id='word_1_262' title='bbox 767 2756 866 2805; x_wconf 84' lang='lat' dir='ltr'>seq.</span> <span class='ocrx_word' id='word_1_263' title='bbox 1394 2724 1588 2803; x_wconf 78' lang='lat' dir='ltr'>quando</span> <span class='ocrx_word' id='word_1_264' title='bbox 1624 2737 1790 2803; x_wconf 80' lang='lat' dir='ltr'>prima</span> <span class='ocrx_word' id='word_1_265' title='bbox 1825 2735 1913 2784; x_wconf 77' lang='lat' dir='ltr'>illa</span> <span class='ocrx_word' id='word_1_266' title='bbox 1949 2735 2091 2785; x_wconf 84' lang='lat' dir='ltr'>verba</span> <span class='ocrx_word' id='word_1_267' title='bbox 2122 2754 2140 2783; x_wconf 87' lang='lat'>.·</span> <span class='ocrx_word' id='word_1_268' title='bbox 2178 2733 2287 2801; x_wconf 75' lang='lat' dir='ltr'>qu</span> <span class='ocrx_word' id='word_1_269' title='bbox 2314 2751 2424 2782; x_wconf 81' lang='lat' dir='ltr'>sum</span> 
     </span>
    </p>

    <p class='ocr_par' dir='ltr' id='par_1_8' title="bbox 279 2816 2431 3219">
     <span class='ocr_line' id='line_1_28' title="bbox 348 2816 2428 2887; baseline -0.002 -18"><span class='ocrx_word' id='word_1_270' title='bbox 348 2817 416 2885; x_wconf 85' lang='lat'>(3)</span> <span class='ocrx_word' id='word_1_271' title='bbox 456 2818 561 2868; x_wconf 89' lang='lat' dir='ltr'>Huc</span> <span class='ocrx_word' id='word_1_272' title='bbox 592 2822 718 2868; x_wconf 88' lang='lat' dir='ltr'>enim</span> <span class='ocrx_word' id='word_1_273' title='bbox 754 2830 966 2886; x_wconf 86' lang='lat' dir='ltr'>spectant</span> <span class='ocrx_word' id='word_1_274' title='bbox 993 2836 1100 2887; x_wconf 82' lang='lat' dir='ltr'>quae</span> <span class='ocrx_word' id='word_1_275' title='bbox 1132 2820 1189 2868; x_wconf 89' lang='lat' dir='ltr'>de</span> <span class='ocrx_word' id='word_1_276' title='bbox 1221 2819 1309 2867; x_wconf 89' lang='lat' dir='ltr'>du·</span> <span class='ocrx_word' id='word_1_277' title='bbox 1398 2816 1638 2867; x_wconf 80' lang='lat' dir='ltr'>Dominus</span> <span class='ocrx_word' id='word_1_278' title='bbox 1679 2817 1810 2868; x_wconf 84' lang='lat' dir='ltr'>Deus</span> <span class='ocrx_word' id='word_1_279' title='bbox 1838 2828 1965 2866; x_wconf 44' lang='lat' dir='ltr'>‘tuus</span> <span class='ocrx_word' id='word_1_280' title='bbox 1985 2856 2000 2875; x_wconf 93' lang='lat'><em>,</em></span> <span class='ocrx_word' id='word_1_281' title='bbox 2044 2818 2226 2885; x_wconf 84' lang='lat' dir='ltr'>offendi</span> <span class='ocrx_word' id='word_1_282' title='bbox 2241 2852 2259 2877; x_wconf 92' lang='lat'><strong><em>,</em></strong></span> <span class='ocrx_word' id='word_1_283' title='bbox 2305 2818 2428 2884; x_wconf 79' lang='lat' dir='ltr'>coepi</span> 
     </span>
     <span class='ocr_line' id='line_1_29' title="bbox 279 2897 2428 2969; baseline -0.003 -17"><span class='ocrx_word' id='word_1_284' title='bbox 279 2904 391 2969; x_wconf 88' lang='lat' dir='ltr'>plici</span> <span class='ocrx_word' id='word_1_285' title='bbox 409 2900 751 2969; x_wconf 84' lang='lat' dir='ltr'>Scripturarum</span> <span class='ocrx_word' id='word_1_286' title='bbox 776 2922 914 2954; x_wconf 84' lang='lat' dir='ltr'>sensu</span> <span class='ocrx_word' id='word_1_287' title='bbox 932 2907 1202 2969; x_wconf 86' lang='lat' dir='ltr'>interpretes</span> <span class='ocrx_word' id='word_1_288' title='bbox 1220 2912 1311 2950; x_wconf 88' lang='lat' dir='ltr'>tra·</span> <span class='ocrx_word' id='word_1_289' title='bbox 1398 2901 1621 2949; x_wconf 75' lang='lat' dir='ltr'>haesitare</span> <span class='ocrx_word' id='word_1_290' title='bbox 1665 2902 1723 2949; x_wconf 84' lang='lat' dir='ltr'>in</span> <span class='ocrx_word' id='word_1_291' title='bbox 1757 2902 2045 2967; x_wconf 82' lang='lat' dir='ltr'>pronomine</span> <span class='ocrx_word' id='word_1_292' title='bbox 2084 2900 2167 2949; x_wconf 87' lang='lat' dir='ltr'>illo</span> <span class='ocrx_word' id='word_1_293' title='bbox 2203 2897 2345 2966; x_wconf 79' lang='lat' dir='ltr'><strong><em>E90,·</em></strong></span> <span class='ocrx_word' id='word_1_294' title='bbox 2383 2907 2428 2947; x_wconf 83' lang='lat' dir='ltr'>et</span> 
     </span>
     <span class='ocr_line' id='line_1_30' title="bbox 283 2979 2428 3054; baseline -0.003 -20"><span class='ocrx_word' id='word_1_295' title='bbox 283 2986 437 3049; x_wconf 88' lang='lat' dir='ltr'>dunt,</span> <span class='ocrx_word' id='word_1_296' title='bbox 478 2987 536 3036; x_wconf 92' lang='lat' dir='ltr'>de</span> <span class='ocrx_word' id='word_1_297' title='bbox 577 3005 672 3054; x_wconf 90' lang='lat' dir='ltr'>quo</span> <span class='ocrx_word' id='word_1_298' title='bbox 711 2998 983 3054; x_wconf 88' lang='lat' dir='ltr'>argumento</span> <span class='ocrx_word' id='word_1_299' title='bbox 1027 2987 1166 3052; x_wconf 87' lang='lat' dir='ltr'>paulo</span> <span class='ocrx_word' id='word_1_300' title='bbox 1212 2997 1313 3051; x_wconf 87' lang='lat' dir='ltr'>post</span> <span class='ocrx_word' id='word_1_301' title='bbox 1400 2983 1486 3032; x_wconf 75' lang='lat' dir='ltr'>hoc</span> <span class='ocrx_word' id='word_1_302' title='bbox 1510 2982 1613 3049; x_wconf 78' lang='lat' dir='ltr'>qu</span> <span class='ocrx_word' id='word_1_303' title='bbox 1648 2982 1864 3031; x_wconf 86' lang='lat' dir='ltr'>nondum</span> <span class='ocrx_word' id='word_1_304' title='bbox 1898 2992 2021 3032; x_wconf 80' lang='lat' dir='ltr'>recte</span> <span class='ocrx_word' id='word_1_305' title='bbox 2051 2999 2252 3050; x_wconf 78' lang='lat' dir='ltr'>possum</span> <span class='ocrx_word' id='word_1_306' title='bbox 2284 2979 2428 3030; x_wconf 84' lang='lat' dir='ltr'>intel-</span> 
     </span>
     <span class='ocr_line' id='line_1_31' title="bbox 283 3065 2428 3133; baseline -0.002 -17"><span class='ocrx_word' id='word_1_307' title='bbox 283 3085 491 3132; x_wconf 73' lang='lat' dir='ltr'>agemuS.</span> <span class='ocrx_word' id='word_1_308' title='bbox 539 3069 733 3119; x_wconf 83' lang='lat' dir='ltr'>Interim</span> <span class='ocrx_word' id='word_1_309' title='bbox 776 3071 864 3119; x_wconf 84' lang='lat' dir='ltr'>cfr.</span> <span class='ocrx_word' id='word_1_310' title='bbox 911 3068 1184 3119; x_wconf 86' lang='lat' dir='ltr'>Bonfrerius</span> <span class='ocrx_word' id='word_1_311' title='bbox 1205 3105 1219 3132; x_wconf 87' lang='lat'>‚</span> <span class='ocrx_word' id='word_1_312' title='bbox 1262 3071 1314 3117; x_wconf 87' lang='lat' dir='ltr'>in</span> <span class='ocrx_word' id='word_1_313' title='bbox 1401 3066 1652 3133; x_wconf 78' lang='lat' dir='ltr'>liqere.Ex</span> <span class='ocrx_word' id='word_1_314' title='bbox 1670 3065 1863 3115; x_wconf 86' lang='lat' dir='ltr'>Lutheri</span> <span class='ocrx_word' id='word_1_315' title='bbox 1882 3066 2188 3116; x_wconf 84' lang='lat' dir='ltr'>sectatoribus</span> <span class='ocrx_word' id='word_1_316' title='bbox 2206 3065 2285 3114; x_wconf 84' lang='lat' dir='ltr'>alii</span> <span class='ocrx_word' id='word_1_317' title='bbox 2304 3067 2428 3130; x_wconf 88' lang='lat' dir='ltr'>prio-</span> 
     </span>
     <span class='ocr_line' id='line_1_32' title="bbox 286 3146 2431 3219; baseline -0.001 -23"><span class='ocrx_word' id='word_1_318' title='bbox 286 3149 585 3216; x_wconf 77' lang='lat' dir='ltr'>Praeloquiis</span> <span class='ocrx_word' id='word_1_319' title='bbox 603 3189 618 3214; x_wconf 90' lang='lat'>‚</span> <span class='ocrx_word' id='word_1_320' title='bbox 653 3171 757 3219; x_wconf 88' lang='lat' dir='ltr'>cap.</span> <span class='ocrx_word' id='word_1_321' title='bbox 790 3169 846 3201; x_wconf 78' lang='lat'>21</span> <span class='ocrx_word' id='word_1_322' title='bbox 875 3191 888 3214; x_wconf 88' lang='lat'><strong>‚</strong></span> <span class='ocrx_word' id='word_1_323' title='bbox 924 3163 1037 3202; x_wconf 89' lang='lat' dir='ltr'>sect.</span> <span class='ocrx_word' id='word_1_324' title='bbox 1066 3169 1082 3200; x_wconf 86' lang='grc' dir='ltr'>ι</span> <span class='ocrx_word' id='word_1_325' title='bbox 1111 3160 1156 3201; x_wconf 88' lang='lat' dir='ltr'>et</span> <span class='ocrx_word' id='word_1_326' title='bbox 1181 3170 1313 3219; x_wconf 89' lang='lat' dir='ltr'>seqq.</span> <span class='ocrx_word' id='word_1_327' title='bbox 1402 3168 1502 3199; x_wconf 87' lang='lat' dir='ltr'>rem</span> <span class='ocrx_word' id='word_1_328' title='bbox 1518 3152 1617 3217; x_wconf 88' lang='lat' dir='ltr'>ejus</span> <span class='ocrx_word' id='word_1_329' title='bbox 1645 3152 1922 3199; x_wconf 85' lang='lat' dir='ltr'>sententiam</span> <span class='ocrx_word' id='word_1_330' title='bbox 1950 3150 2009 3198; x_wconf 89' lang='lat' dir='ltr'>de</span> <span class='ocrx_word' id='word_1_331' title='bbox 2042 3149 2247 3197; x_wconf 87' lang='lat' dir='ltr'>claritate</span> <span class='ocrx_word' id='word_1_332' title='bbox 2274 3146 2431 3212; x_wconf 87' lang='lat' dir='ltr'>Scrip-</span> 
     </span>
    </p>

    <p class='ocr_par' dir='ltr' id='par_1_9' title="bbox 289 3231 2430 3549">
     <span class='ocr_line' id='line_1_33' title="bbox 357 3231 2428 3300; baseline -0.002 -20"><span class='ocrx_word' id='word_1_333' title='bbox 357 3231 424 3295; x_wconf 71' lang='grc'>(14)</span> <span class='ocrx_word' id='word_1_334' title='bbox 462 3233 562 3283; x_wconf 78' lang='lat' dir='ltr'>Cfr.</span> <span class='ocrx_word' id='word_1_335' title='bbox 588 3235 750 3285; x_wconf 88' lang='lat' dir='ltr'>Bonfr.</span> <span class='ocrx_word' id='word_1_336' title='bbox 778 3236 897 3284; x_wconf 89' lang='lat' dir='ltr'>ibid.</span> <span class='ocrx_word' id='word_1_337' title='bbox 926 3253 1029 3300; x_wconf 87' lang='lat' dir='ltr'>cap.</span> <span class='ocrx_word' id='word_1_338' title='bbox 1061 3249 1090 3282; x_wconf 80' lang='lat'><strong>2</strong></span> <span class='ocrx_word' id='word_1_339' title='bbox 1108 3272 1121 3295; x_wconf 90' lang='lat'>‚</span> <span class='ocrx_word' id='word_1_340' title='bbox 1149 3245 1263 3284; x_wconf 84' lang='lat' dir='ltr'>sect.</span> <span class='ocrx_word' id='word_1_341' title='bbox 1290 3250 1307 3282; x_wconf 83' lang='lat'>1</span> <span class='ocrx_word' id='word_1_342' title='bbox 1404 3244 1612 3282; x_wconf 86' lang='lat' dir='ltr'>turarum</span> <span class='ocrx_word' id='word_1_343' title='bbox 1652 3235 1794 3281; x_wconf 85' lang='lat' dir='ltr'>secuti</span> <span class='ocrx_word' id='word_1_344' title='bbox 1831 3243 1939 3280; x_wconf 83' lang='lat' dir='ltr'>sunt</span> <span class='ocrx_word' id='word_1_345' title='bbox 1961 3268 1975 3292; x_wconf 90' lang='lat'><strong>,</strong></span> <span class='ocrx_word' id='word_1_346' title='bbox 2019 3231 2097 3280; x_wconf 86' lang='lat' dir='ltr'>alii</span> <span class='ocrx_word' id='word_1_347' title='bbox 2130 3231 2428 3296; x_wconf 84' lang='lat' dir='ltr'>posteriorem</span> 
     </span>
     <span class='ocr_line' id='line_1_34' title="bbox 291 3315 2430 3383; baseline -0.002 -18"><span class='ocrx_word' id='word_1_348' title='bbox 291 3326 338 3365; x_wconf 87' lang='lat' dir='ltr'>et</span> <span class='ocrx_word' id='word_1_349' title='bbox 368 3334 524 3383; x_wconf 84' lang='lat' dir='ltr'>seqq.;</span> <span class='ocrx_word' id='word_1_350' title='bbox 558 3316 793 3377; x_wconf 74' lang='lat' dir='ltr'>Semi-ius,</span> <span class='ocrx_word' id='word_1_351' title='bbox 831 3321 883 3366; x_wconf 88' lang='lat' dir='ltr'>in</span> <span class='ocrx_word' id='word_1_352' title='bbox 917 3317 1185 3383; x_wconf 77' lang='lat' dir='ltr'>Proleqom.</span> <span class='ocrx_word' id='word_1_353' title='bbox 1225 3316 1319 3365; x_wconf 89' lang='lat' dir='ltr'>Bi·</span> <span class='ocrx_word' id='word_1_354' title='bbox 1405 3316 1462 3366; x_wconf 90' lang='lat' dir='ltr'>de</span> <span class='ocrx_word' id='word_1_355' title='bbox 1487 3315 1754 3365; x_wconf 86' lang='lat' dir='ltr'>earumdem</span> <span class='ocrx_word' id='word_1_356' title='bbox 1786 3315 2092 3378; x_wconf 79' lang='lat' dir='ltr'>obscuritate3</span> <span class='ocrx_word' id='word_1_357' title='bbox 2122 3324 2430 3380; x_wconf 86' lang='lat' dir='ltr'>utrorumque</span> 
     </span>
     <span class='ocr_line' id='line_1_35' title="bbox 290 3394 2428 3465; baseline -0.001 -19"><span class='ocrx_word' id='word_1_358' title='bbox 290 3398 406 3448; x_wconf 75' lang='lat' dir='ltr'>blic.</span> <span class='ocrx_word' id='word_1_359' title='bbox 437 3417 540 3465; x_wconf 87' lang='lat' dir='ltr'>cap.</span> <span class='ocrx_word' id='word_1_360' title='bbox 576 3416 639 3447; x_wconf 82' lang='lat'>22</span> <span class='ocrx_word' id='word_1_361' title='bbox 661 3418 676 3464; x_wconf 81' lang='lat'><em>3</em></span> <span class='ocrx_word' id='word_1_362' title='bbox 700 3401 921 3451; x_wconf 74' lang='lat' dir='ltr'>bellarm.</span> <span class='ocrx_word' id='word_1_363' title='bbox 948 3401 1019 3452; x_wconf 87' lang='lat' dir='ltr'>De</span> <span class='ocrx_word' id='word_1_364' title='bbox 1036 3402 1176 3451; x_wconf 81' lang='lat' dir='ltr'>verbo</span> <span class='ocrx_word' id='word_1_365' title='bbox 1194 3398 1290 3451; x_wconf 83' lang='lat' dir='ltr'>Dei</span> <span class='ocrx_word' id='word_1_366' title='bbox 1298 3437 1313 3463; x_wconf 90' lang='lat'>‚</span> <span class='ocrx_word' id='word_1_367' title='bbox 1405 3399 1664 3464; x_wconf 81' lang='lat' dir='ltr'>catalogum</span> <span class='ocrx_word' id='word_1_368' title='bbox 1706 3397 1896 3447; x_wconf 83' lang='lat' dir='ltr'>exhibet</span> <span class='ocrx_word' id='word_1_369' title='bbox 1923 3397 2033 3447; x_wconf 91' lang='lat' dir='ltr'>Nic.</span> <span class='ocrx_word' id='word_1_370' title='bbox 2076 3394 2283 3447; x_wconf 85' lang='lat' dir='ltr'>Serarius</span> <span class='ocrx_word' id='word_1_371' title='bbox 2301 3434 2315 3458; x_wconf 88' lang='lat'>,</span> <span class='ocrx_word' id='word_1_372' title='bbox 2348 3413 2428 3462; x_wconf 90' lang='lat' dir='ltr'>op.</span> 
     </span>
     <span class='ocr_line' id='line_1_36' title="bbox 289 3478 1949 3549; baseline -0.002 -19"><span class='ocrx_word' id='word_1_373' title='bbox 289 3482 381 3543; x_wconf 84' lang='lat' dir='ltr'>lib.</span> <span class='ocrx_word' id='word_1_374' title='bbox 409 3500 459 3531; x_wconf 89' lang='grc' dir='ltr'>ιιι</span> <span class='ocrx_word' id='word_1_375' title='bbox 477 3518 493 3546; x_wconf 86' lang='grc'><em>,</em></span> <span class='ocrx_word' id='word_1_376' title='bbox 523 3500 627 3549; x_wconf 87' lang='lat' dir='ltr'>cap.</span> <span class='ocrx_word' id='word_1_377' title='bbox 666 3499 707 3531; x_wconf 87' lang='lat'>1.</span> <span class='ocrx_word' id='word_1_378' title='bbox 1406 3492 1451 3531; x_wconf 86' lang='lat' dir='ltr'>et</span> <span class='ocrx_word' id='word_1_379' title='bbox 1478 3480 1570 3531; x_wconf 90' lang='lat' dir='ltr'>loc.</span> <span class='ocrx_word' id='word_1_380' title='bbox 1604 3483 1681 3529; x_wconf 83' lang='lat' dir='ltr'>cit.</span> <span class='ocrx_word' id='word_1_381' title='bbox 1706 3490 1872 3546; x_wconf 87' lang='lat' dir='ltr'>quaest.</span> <span class='ocrx_word' id='word_1_382' title='bbox 1898 3478 1949 3528; x_wconf 90' lang='lat'>6.</span> 
     </span>
    </p>

    <p class='ocr_par' dir='ltr' id='par_1_10' title="bbox 289 3553 2054 3716">
     <span class='ocr_line' id='line_1_37' title="bbox 363 3553 2054 3634; baseline -0.001 -21"><span class='ocrx_word' id='word_1_383' title='bbox 363 3563 428 3628; x_wconf 80' lang='lat'>(5)</span> <span class='ocrx_word' id='word_1_384' title='bbox 466 3553 652 3614; x_wconf 88' lang='lat' dir='ltr'>Etenim</span> <span class='ocrx_word' id='word_1_385' title='bbox 682 3569 730 3614; x_wconf 91' lang='lat' dir='ltr'>in</span> <span class='ocrx_word' id='word_1_386' title='bbox 749 3566 1111 3634; x_wconf 74' lang='lat' dir='ltr'>Symposiacis,</span> <span class='ocrx_word' id='word_1_387' title='bbox 1134 3584 1237 3633; x_wconf 90' lang='lat' dir='ltr'>cap.</span> <span class='ocrx_word' id='word_1_388' title='bbox 1264 3583 1277 3615; x_wconf 85' lang='lat'>1</span> <span class='ocrx_word' id='word_1_389' title='bbox 1302 3605 1315 3628; x_wconf 91' lang='lat'>,</span> <span class='ocrx_word' id='word_1_390' title='bbox 1476 3562 1541 3629; x_wconf 82' lang='grc'>(6)</span> <span class='ocrx_word' id='word_1_391' title='bbox 1582 3563 1871 3612; x_wconf 79' lang='lat' dir='ltr'>Francosurti</span> <span class='ocrx_word' id='word_1_392' title='bbox 1911 3558 2054 3629; x_wconf 81' lang='lat'>1672.</span> 
     </span>
     <span class='ocr_line' id='line_1_38' title="bbox 289 3643 1320 3716; baseline 0.005 -24"><span class='ocrx_word' id='word_1_393' title='bbox 289 3645 373 3695; x_wconf 86' lang='lat' dir='ltr'>fol.</span> <span class='ocrx_word' id='word_1_394' title='bbox 418 3664 478 3710; x_wconf 87' lang='lat'>2,</span> <span class='ocrx_word' id='word_1_395' title='bbox 525 3643 559 3694; x_wconf 88' lang='lat'>6</span> <span class='ocrx_word' id='word_1_396' title='bbox 597 3665 611 3695; x_wconf 90' lang='lat'>:</span> <span class='ocrx_word' id='word_1_397' title='bbox 653 3649 718 3697; x_wconf 88' lang='lat' dir='ltr'>In</span> <span class='ocrx_word' id='word_1_398' title='bbox 756 3648 1055 3716; x_wconf 76' lang='lat' dir='ltr'>Scripturis,</span> <span class='ocrx_word' id='word_1_399' title='bbox 1093 3651 1196 3711; x_wconf 88' lang='lat' dir='ltr'>ait,</span> <span class='ocrx_word' id='word_1_400' title='bbox 1234 3650 1320 3697; x_wconf 69' lang='lat' dir='ltr'>vix</span> 
     </span>
    </p>
   </div>
  </div>
 </body>
</html>
