2502 4134
249 188 410 225 nm.
456 189 522 225 11.
571 186 719 224 secr.
763 186 831 222 11.
881 183 1005 224 cAP.
1047 186 1086 223 1.
1138 186 1207 222 nn
1255 185 1446 222 uncus.
1495 184 1563 222 ΕΤ
1612 183 1791 221 Exls'r.
1843 182 2010 220 TRAD.
2067 161 2192 220 265

78 339 348 400 testatur,
391 347 663 406 quanam
708 329 936 384 ratione
987 327 1411 397 admittemus,
1456 336 1630 406 atque
1665 345 1779 402 pro
1816 327 1972 383 veris
2007 325 2197 383 habe-

79 427 277 483 bimus
302 421 438 503 (l)'?
462 422 530 479 20
557 420 773 479 Eadem
804 433 927 480 erat
954 421 1096 481 fides
1127 420 1506 491 Ecclesiarum
1530 419 1921 480 orientalium.
1955 419 2195 479 Basilius

78 519 237 579 enim
264 540 277 575 :
319 518 531 587 Crede,
561 516 751 596 inquit
771 561 787 590 7
820 538 950 594 quw
975 522 1201 595 scripta
1242 526 1420 582 sunt5
1453 537 1584 593 quoe
1625 536 1743 572 non
1770 525 1914 573 sunt
1939 520 2195 594 scripta,

81 635 152 671 ne
174 617 465 691 investiqa
489 611 575 690 (2)
601 636 616 684 ς
650 622 708 670 et
738 610 875 669 alibi
911 633 923 669 :
954 613 1320 689 ffIanifestus
1345 632 1384 666 a
1417 610 1533 688 fide
1556 611 1759 686 lapsus
1780 621 1865 669 est
1885 631 1958 668 ac
1982 632 2195 689 super-

77 710 189 768 hioe
230 710 490 775 crimen,
524 711 581 764 si
615 710 751 784 quis
787 717 898 780 aut
932 707 1270 785 quidquam
1303 725 1548 774 eorum,
1589 725 1722 781 quae
1761 709 1984 783 scripta
2012 716 2194 778 sunt,

76 804 373 882 reprobet,
407 813 519 859 aut
545 802 788 880 aliqu-id
816 823 886 859 ea·
923 804 1039 871 iis,
1081 822 1216 879 quoe
1248 803 1489 878 scriptis
1523 799 1817 857 mandata
1860 821 1982 858 uon
2022 811 2197 870 sunt,

79 899 425 956 introducat
454 896 560 975 (3).
607 895 898 976 Nyssenus
933 916 1120 966 verost
1173 896 1322 958 Cum
1362 896 1434 952 id
1464 894 1627 952 nullo
1665 895 1997 972 Scripturae
2031 899 2197 954 testi·-

84 997 278 1051 monio
306 994 536 1070 fultum
569 994 679 1062 sit,
715 1001 780 1049 ut
803 990 1040 1068 falsum
1071 990 1560 1068 improhahimus
1582 987 1694 1068 (4).
1729 989 1972 1067 Cyrillus
1999 991 2196 1048 Hiero-

81 1087 284 1166 solym.
328 1108 342 1143 ε
395 1086 669 1165 Oportet,
704 1084 895 1164 inquit
921 1128 938 1157 7
982 1088 1147 1142 circa
1186 1085 1402 1141 divina
1451 1093 1505 1140 et
1549 1093 1758 1141 sancta
1797 1085 1939 1161 fidei
1978 1096 2194 1164 myste-

80 1188 182 1240 ria
225 1204 298 1240 ne
332 1184 660 1259 minimum
707 1179 946 1256 quidem
982 1180 1201 1256 absque
1239 1178 1453 1236 divina
1502 1178 1825 1257 Scriptura
1872 1181 2036 1238 tradi
2080 1180 2189 1260 (5).

83 1275 521 1356 Chrysostomus
547 1270 799 1351 denique
817 1270 890 1330 de
913 1272 1218 1353 Scripturis
1241 1273 1323 1330 ait
1351 1294 1365 1330 ;
1405 1273 1728 1349 Tanquam
1750 1283 1950 1331 tutum
1978 1279 2196 1334 ostium

79 1372 375 1429 haereticos·
402 1369 480 1435 ab
503 1370 776 1445 itzyressu
806 1376 1036 1436 arcent,
1069 1387 1283 1445 nosque
1319 1370 1389 1425 in
1416 1372 1734 1426 securitate
1765 1390 1891 1447 qua
1923 1371 2196 1428 volumus

76 1466 480 1532 constituunt,
517 1482 623 1519 nec
651 1463 864 1519 sinunt
901 1483 1172 1521 errare...
1212 1465 1335 1539 Qui
1364 1465 1528 1520 euim
1566 1465 1891 1542 Scriptura
1919 1485 2039 1522 uon
2067 1466 2197 1523 uti-

81 1569 217 1630 tur,
244 1557 345 1614 sed
365 1557 611 1613 aliunde
641 1557 909 1614 ascendit
919 1598 941 1626 ,
967 1557 1040 1614 id
1054 1566 1173 1628 est,
1198 1562 1308 1634 qui
1322 1559 1448 1616 sibi
1466 1560 1656 1616 aliam
1685 1569 1740 1616 et
1760 1580 1881 1617 non
1909 1569 2196 1618 statutam

78 1655 242 1709 viam
281 1655 513 1729 aperit,
550 1651 647 1709 hio
671 1655 787 1730 fur
821 1663 905 1710 est
947 1653 1057 1731 (6).
1107 1651 1172 1710 30
1209 1652 1425 1710 Eadem
1462 1664 1587 1711 erat
1623 1653 2003 1712 Ecclesiarum
2047 1653 2198 1711 occi-

81 1745 402 1805 dentalium
425 1745 685 1804 doctrina
703 1771 719 1820 ς
743 1747 955 1805 omisso
974 1748 1130 1806 enim
1147 1750 1367 1807 Irenaeo
1386 1748 1498 1824 (7),
1524 1748 1914 1807 Tertullianus
1935 1771 1948 1806 ε
1969 1749 2197 1818 Adora,

79 1842 303 1922 inquit,
345 1843 673 1920 Scripturoe
700 1844 1181 1922 plenitudinem,
1223 1866 1354 1922 quoe
1388 1846 1544 1902 mihi
1584 1856 1637 1902 et
1666 1847 1957 1922 factorem
1990 1847 2195 1901 mani-

75 1940 256 2015 festat
288 1949 341 1995 et
366 1941 556 2016 facta.
598 1938 679 1997 In
714 1938 1050 2018 Evangelio.
1075 1951 1205 1998 vero
1250 1942 1518 2018 amplius
1545 1951 1600 1998 et
1623 1943 1980 1997 ministrum
2019 1950 2197 2017 atque

80 2033 387 2090 arbitrum
423 2037 663 2092 rectoris
701 2036 937 2092 invenio
975 2055 1322 2092 sermonem.
1354 2037 1455 2094 An
1484 2046 1685 2094 autem
1714 2037 1784 2093 de
1816 2037 2025 2113 aliqua
2049 2035 2195 2092 suh-

61 2131 302 2208 jace-nti
314 2131 570 2186 materia
588 2132 757 2206 facta
780 2133 907 2186 sint
920 2134 1155 2204 omnia,
1180 2152 1484 2209 nusquam
1508 2131 1708 2189 adhuc
1731 2132 1866 2210 leyi.
1888 2131 2193 2209 Scriptum

84 2242 224 2289 esse,
248 2223 445 2280 doceat
467 2223 533 2280 H
534 2226 856 2301 ermoyenis
885 2225 1132 2301 officina.
1166 2227 1238 2283 Si
1270 2246 1388 2283 non
1412 2236 1495 2282 est
1520 2230 1813 2303 scriptum
1827 2233 2086 2296 ,timeat
2110 2246 2196 2282 voe

83 2317 273 2385 illud,
299 2317 722 2394 adjicientibus
750 2328 863 2375 aut
889 2319 1335 2377 detrahentibus
1363 2321 1728 2378 destinatum
1759 2320 1885 2398 (8);
1929 2331 1989 2378 et
2014 2317 2154 2377 alibi
2176 2342 2192 2378 ε

83 2410 226 2470 Nou
260 2415 481 2489 recipio
493 2454 516 2482 ,
543 2413 702 2490 quod
719 2423 885 2470 extra
915 2414 1300 2491 Scripturam
1325 2415 1394 2471 de
1422 2424 1519 2472 tuo
1535 2417 1772 2492 profers
1799 2413 1912 2492 (9).
1947 2412 2193 2472 Ambro-

83 2505 199 2562 sius
230 2526 245 2562 ε
276 2506 421 2584 Leyc
434 2549 457 2578 ,
494 2512 644 2584 quia
669 2511 917 2584 primus
943 2519 1025 2566 est
1041 2528 1061 2576 ‚·
1092 2510 1210 2587 leyo
1225 2552 1248 2580 ,
1273 2513 1422 2587 quia
1458 2529 1578 2567 uon
1602 2520 1686 2568 est
1703 2511 2017 2568 secundus,
2047 2509 2191 2579 Illi,

81 2604 196 2677 qui
221 2602 541 2659 secundum
566 2606 774 2677 aiunt,
809 2603 1055 2661 doceant
1076 2604 1313 2662 lectione
1330 2602 1478 2683 (10).
1501 2604 1888 2685 Hieronymus
1915 2626 1930 2662 ε
1968 2606 2045 2664 Ut
2071 2606 2194 2664 hoec

82 2715 214 2772 quoe
238 2699 466 2774 scripta
492 2707 638 2754 sunt
659 2718 775 2755 non
794 2719 1080 2777 neyamus
1099 2743 1114 2771 ,
1146 2704 1233 2757 ita
1253 2709 1308 2757 et
1332 2721 1434 2771 ea,
1464 2721 1598 2778 quoe
1621 2721 1739 2759 non
1757 2712 1901 2759 sunt
1922 2704 2190 2780 scripta,

83 2793 418 2849 renuimus.
446 2790 683 2850 Natum
707 2793 904 2850 Deum
941 2814 1057 2852 esse
1085 2795 1154 2852 de
1187 2795 1432 2874 Virgine
1449 2838 1470 2866 ,
1496 2796 2011 2875 credimu3,.quia
2045 2798 2192 2875 leyi-
2272 2876 2275 2879 Δ

153 2993 220 3058 (l)
261 2994 493 3060 Glaphyr.
543 2997 602 3043 in
651 2994 829 3046 Genes.
880 2998 968 3047 lib.
1024 3006 1090 3057 11,
1178 3007 1294 3046 tom.
1327 3014 1447 3058 vm,
1479 3017 1582 3064 pag.
1618 2997 1749 3064 546,
1783 3000 1893 3052 edit.
1924 3000 2098 3050 Bened.

87 3089 195 3146 psg.
225 3093 320 3143 29,
350 3088 462 3126 tom.
497 3095 512 3125 1
531 3115 543 3138 ‚
580 3095 658 3143 op.
693 3076 831 3127 1638.
1241 3081 1307 3144 (7)
1329 3080 1579 3129 Omisimus
1594 3086 1719 3130 enim
1733 3082 2049 3141 difficultates,
2069 3102 2187 3150 quas

158 3156 216 3216 (⁴2)
254 3158 400 3207 Hom.
417 3159 752 3210 admcalumn.
773 3157 873 3211 SS.
905 3161 1090 3211 Trinit.
1174 3161 1353 3211 Palmer
1378 3181 1652 3212 communes
1677 3165 1815 3214 habet
1843 3183 1950 3214 cum
1982 3165 2189 3214 Shuttle-

92 3250 168 3298 op.
199 3246 310 3286 tom.
343 3256 375 3286 n
396 3277 410 3299 ‚
442 3259 547 3305 pag.
576 3239 668 3289 611
690 3279 701 3301 ‚
737 3243 847 3290 edit.
874 3242 1051 3292 Bened.
1174 3246 1353 3303 worth,
1390 3264 1596 3311 quasque
1633 3247 1772 3295 modo
1809 3249 2096 3296 excussimus
2132 3265 2187 3297 ac

161 3310 224 3379 (3)
250 3317 451 3382 Belide,
470 3340 624 3386 capa,
648 3334 757 3371 tom.
774 3341 809 3371 11
826 3361 838 3384 ‚
862 3322 1094 3388 pag.224.
1175 3326 1485 3376 dissolvimus,

156 3396 225 3459 (4)
247 3397 350 3447 Lib.
380 3401 457 3450 De
471 3406 650 3469 coquit.
682 3405 811 3465 Dei,
848 3408 973 3471 apud
995 3406 1095 3454 Eu·
1244 3408 1308 3472 (8)
1344 3408 1547 3456 Advers.
1573 3407 1806 3474 Hermoq.
1840 3427 1945 3475 cap.
1979 3426 2062 3461 22.

87 3487 199 3537 tym.
217 3479 264 3524 in
283 3479 547 3547 panoplia,
567 3498 684 3550 part.
702 3504 741 3546 ι,
759 3490 830 3536 tit.
847 3505 948 3547 vm,
969 3507 1017 3538 n.
1034 3487 1083 3553 4.
1236 3490 1301 3552 (9)
1341 3490 1420 3538 De
1452 3506 1596 3538 carne
1624 3490 1808 3539 Christi
1836 3510 1940 3558 cap.
1970 3491 2022 3542 8.

154 3557 218 3621 (5)
256 3558 356 3609 Cat.
389 3578 465 3622 nv,
496 3564 638 3631 356,
671 3568 785 3618 edit.
816 3570 987 3619 Milles.
1236 3572 1332 3636 (10)
1372 3572 1452 3621 De
1503 3574 1644 3621 instit
1701 3572 1755 3620 V
1754 3576 1901 3640 irqin.
1954 3592 2056 3640 cap.
2117 3589 2144 3621 2
2167 3609 2182 3634 ,

153 3638 221 3702 (6)
258 3639 408 3694 Hom.
440 3659 508 3692 ux
528 3681 542 3706 ,
567 3648 632 3698 al.
674 3666 812 3710 tvm,
832 3653 887 3698 in
927 3649 1074 3701 Joan.
1170 3662 1282 3702 tom.
1309 3671 1374 3716 u,
1409 3672 1511 3721 pag.
1538 3652 1656 3707 265.
