2502 4134
248 103 366 162 356

881 119 1077 156 TRAc'r.
1127 120 1193 155 1)ss
1238 119 1386 157 touls
1431 122 1805 162 THEOLosslcls.

246 286 466 324 nexum
493 261 896 344 persequitur3
938 258 1236 339 quomodo
1261 280 1379 318 una
1409 281 1482 319 ex
1505 260 1617 320 alia
1641 265 1930 344 pendeat7
1966 288 2083 326 una
2111 267 2173 326 in
2195 267 2376 328 altera

248 362 617 421 contineatur
638 401 653 430 7
679 346 933 429 ‘edocet3
969 376 1034 415 ac
1064 355 1342 438 proinde,
1374 378 1451 415 an
1476 368 1536 417 et
1560 362 1855 440 quomodo
1889 385 1961 424 ex
1993 366 2110 424 suis
2137 385 2378 448 quaeque

247 457 458 519 veritas
482 451 781 534 principiis
813 450 1207 512 demonstrari
1239 451 1423 533 possit
1441 497 1457 527 7
1489 453 1771 514 ostendit.
1800 457 1959 518 Ordo
1987 470 2183 520 autem
2205 462 2377 520 chro-

248 554 547 630 nologicus
569 545 812 608 exhibet
836 546 1169 607 naturalem
1199 534 1439 627 genesin
1474 550 1876 631 cognitionum
1899 597 1915 626 7
1956 555 2169 616 scilicet
2198 556 2377 617 unde.-

246 668 386 705 nam
425 644 661 704 illarum
692 644 980 704 derivatio
1019 643 1331 725 incoeperit
1351 690 1366 718 7
1407 655 1467 704 et
1502 645 1798 726 quomodo
1830 646 2091 728 ipsarum
2125 651 2378 714 evolutio

245 740 533 822 gradatim
563 761 628 799 ac
656 762 757 799 sua
797 739 980 801 veluti
1009 750 1220 822 sponte
1244 738 1398 798 facta
1431 740 1627 800 fuerit.
1658 742 1884 802 Primus
1907 754 1991 803 est
2013 744 2156 805 ordo
2179 749 2378 828 cogni-

241 839 472 897 tionum
508 834 946 918 philosophicus
983 856 1048 894 ac
1080 834 1406 895 abstractus
1427 881 1443 911 7
1485 834 1635 895 alter
1668 836 1811 897 ordo
1850 839 1984 898 facti
2029 851 2206 922 atque
2241 861 2382 901 con-

240 944 451 994 cretuS.
499 932 661 992 Ordo
717 953 856 993 vero
913 932 1199 991 factorum
1257 932 1579 991 historicus
1640 955 1763 992 non
1825 935 2060 1017 respicit
2113 935 2384 997 ordinem

240 1033 650 1111 coynitionum
687 1029 752 1087 in
797 1039 1035 1103 mente7
1091 1027 1194 1087 sed
1236 1027 1385 1088 facta
1421 1029 1781 1108 generatim,
1826 1052 1962 1112 'quae
2003 1031 2064 1089 in
2104 1030 2385 1091 humani·

247 1127 381 1186 tatis
423 1125 664 1187 historia
705 1125 1025 1185 successive
1062 1123 1440 1186 evolvuntur.
1490 1126 1715 1185 Harum
1760 1148 1897 1187 vero
1940 1126 2385 1190 distinctionum

243 1245 380 1282 usus
412 1244 484 1283 ex
525 1221 788 1282 dicendis
827 1220 1154 1280 luculenter
1199 1220 1448 1303 patebit.

328 1319 427 1380 37.
453 1320 591 1379 Haec
615 1340 721 1377 nos
747 1317 1130 1400 praenotanda
1154 1338 1219 1377 ac
1243 1317 1554 1378 statuenda
1585 1339 1708 1379 esse
1731 1316 2006 1378 duximus
2022 1365 2038 1394 7
2068 1331 2134 1379 ut
2155 1331 2385 1381 rectum

247 1416 487 1475 rationis
522 1436 696 1474 usum
734 1425 871 1473 ante
908 1413 1086 1473 fidem
1111 1459 1126 1489 7
1180 1413 1242 1472 id
1285 1425 1374 1473 est
1397 1460 1413 1489 7
1461 1414 1536 1472 ad
1570 1414 1933 1495 Religionem
1975 1415 2387 1498 inquirendam

244 1533 310 1572 ac
350 1510 765 1593 capessendam
802 1509 1293 1592 expenderemus,
1338 1510 1506 1584 Quod
1553 1511 1793 1593 quidem
1821 1532 1980 1571 nunc
2015 1511 2383 1592 aggredimur

248 1629 355 1690 per
384 1607 788 1666 continentem
817 1605 1029 1667 seriem
1049 1605 1519 1687 propositionum
1537 1652 1554 1677 7
1582 1618 1648 1665 ut
1687 1607 1899 1668 veritas
1931 1628 2035 1683 suo
2066 1608 2130 1665 in
2158 1607 2380 1668 lumine

248 1701 593 1776 collocetur7
635 1713 811 1783 atque
842 1700 917 1761 ab
943 1701 1202 1761 erroneis
1233 1700 1372 1760 hinc
1404 1700 1543 1762 inde
1578 1700 1859 1761 doctrinis
1890 1701 2256 1764 defendatur.

1070 1853 1481 1947 PROPOSITIO
1522 1847 1565 1945 1⁵.

260 2067 477 2126 Plures
513 2070 786 2124 veritates
828 2065 1134 2122 naturalis
1177 2064 1448 2135 ordinis,
1484 2083 1620 2142 quae
1662 2073 1957 2142 tanquam
1995 2065 2386 2143 praeambula

330 2162 481 2239 fidei
523 2163 788 2239 spectari
827 2169 1087 2238 possunt
1107 2202 1128 2231 ,
1184 2160 1407 2238 absque
1460 2160 1957 2237 supernaturalis
2010 2161 2388 2219 revelationis

335 2257 611 2315 subsidio
622 2298 643 2327 ,
673 2265 835 2314 reeta
866 2257 1023 2313 ratio
1052 2255 1398 2314 omnimoda
1432 2254 1793 2313 certitudine
1828 2273 2163 2335 coquoscere
2178 2265 2386 2335 potest.

344 2459 442 2519 38.
488 2456 853 2519 Praeambula
888 2456 1026 2517 fidei
1062 2479 1197 2518 cum
1226 2458 1284 2518 S.
1308 2457 1530 2518 Thoma
1553 2457 1643 2540 (l)
1671 2479 1736 2518 ac
1764 2459 2063 2518 communi
2086 2458 2386 2519 saniorum

267 2554 671 2635 theologorum
716 2574 999 2613 consensu
1046 2575 1318 2615 vocamus
1360 2555 1680 2637 praecipuas
1727 2553 1856 2613 illas
1905 2555 2215 2630 veritates7
2260 2575 2392 2636 quae

267 2662 397 2710 tum
436 2650 619 2708 animi
661 2649 904 2708 humani
941 2661 1216 2709 naturam
1260 2649 1703 2731 spiritualitate7
1739 2648 2047 2725 libertate7
2089 2649 2394 2708 immorta-

268 2746 434 2807 litate
470 2744 781 2828 praeditam
820 2744 1143 2804 ostendunt
1166 2791 1181 2819 7
1220 2755 1351 2804 tum
1391 2746 1494 2805 Dei
1531 2745 1939 2819 existentiam7
1982 2749 2219 2826 ejusque
2255 2763 2394 2825 per-

268 2984 324 3016 ac
349 2967 604 3016 humanam
636 2964 946 3029 cognoscendi
976 2967 1090 3014 vim.
1132 2964 1293 3031 Itaque

268 3053 453 3100 etiamsi
479 3069 553 3100 ex.
573 3069 642 3116 gr.
678 3049 947 3115 probaretur
965 3086 979 3109 7
1005 3049 1219 3099 homines
1241 3064 1295 3099 ex

272 3136 393 3183 facto
424 3151 507 3199 per
538 3135 624 3183 alia
654 3134 808 3182 media
838 3132 899 3181 ad
922 3150 1031 3182 eam
1057 3133 1297 3182 veritatem

270 3227 394 3266 certo
444 3217 811 3281 cognoscendam
859 3218 1121 3280 pervenisse
1145 3251 1158 3274 ‚
1207 3215 1298 3264 hoc

271 3318 371 3351 non
398 3300 644 3347 conficeret
670 3316 771 3347 eam
798 3298 979 3348 ratione
1000 3300 1215 3364 cognosci
1245 3315 1299 3347 ac

271 3381 457 3449 probari
486 3380 696 3429 absolute
731 3398 829 3428 non
859 3399 992 3446 posse
1010 3418 1024 3442 ,
1055 3398 1170 3429 cum
1202 3381 1299 3429 haec

272 3465 463 3530 quaestio
494 3461 678 3510 alterius
707 3463 884 3511 ordinis
914 3465 972 3511 sit
996 3501 1010 3523 7
1039 3473 1089 3512 et
1117 3478 1172 3510 ex
1201 3464 1299 3526 ipsa

271 3548 336 3595 rei
366 3555 530 3594 natura
548 3543 747 3609 pendere
764 3544 945 3593 debeat.
965 3545 1091 3594 Hinc
1115 3545 1297 3593 traditio

267 3628 487 3677 historica
509 3642 563 3675 ac
585 3627 697 3675 ratio
725 3637 832 3674 sunt
859 3626 1003 3679 veluti
1024 3627 1132 3676 duae
1162 3625 1297 3675 lineae

1376 2961 1596 3029 parallelae
1615 2996 1630 3022 ,
1662 2978 1765 3028 quae
1793 2961 2018 3011 confundi
2046 2977 2141 3008 non
2165 2968 2357 3025 possunt
2378 2995 2392 3019 7

1381 3046 1460 3096 sed
1480 3062 1692 3112 quamam
1717 3062 1823 3093 vera
1841 3047 1961 3093 inter
1986 3045 2104 3109 ipsas
2131 3043 2289 3091 relatio
2307 3041 2391 3091 de-

1380 3140 1454 3178 tur
1471 3165 1486 3188 ,
1523 3136 1733 3176 accurate
1759 3125 2070 3175 statuendum.
2100 3123 2210 3172 Haec
2237 3126 2288 3172 in
2310 3140 2395 3173 an-

1382 3221 1605 3260 tecessum
1641 3210 1733 3256 sint
1761 3208 1902 3257 dicta.

1452 3293 1522 3357 (1)
1557 3291 1576 3338 1
1610 3308 1655 3356 p.
1695 3309 1745 3356 q.
1786 3305 1848 3350 2,
1883 3289 1944 3338 ad
1982 3305 1999 3336 1
2039 3307 2051 3336 :
2086 3287 2251 3336 Deum
2297 3303 2396 3336 esse

1382 3385 1426 3425 et
1452 3374 1554 3423 alia
1583 3371 1890 3440 hujusmodi,
1920 3389 2028 3437 quoe
2054 3388 2142 3438 per
2159 3373 2394 3421 rationem

1382 3455 1648 3505 naturalem
1676 3462 1791 3502 nola
1812 3463 2016 3520 possunt
2050 3470 2147 3502 esse
2173 3453 2229 3501 de
2260 3452 2391 3513 Deo,

1383 3547 1438 3587 ut
1462 3538 1644 3587 dicitur
1676 3538 1815 3585 Rom.
1850 3555 1895 3597 ι,
1925 3553 2022 3584 non
2057 3544 2169 3585 oum
2197 3533 2399 3583 articuli

1376 3620 1520 3685 fidei,
1554 3619 1636 3669 sed
1657 3618 1961 3685 praeambula
1988 3618 2053 3668 ad
2078 3615 2323 3667 articulos.
