2502 4134
2065 168 2183 228 285

356 198 516 234 PART.
568 193 831 250 IL'SECT.
883 194 946 230 11.
997 194 1121 229 CAP.
1171 190 1231 230 11.
1280 194 1348 230 ΒΕ
1393 195 1521 230 mm).
1569 192 1698 231 GEN.
1749 193 1912 228 Tuan.

156 341 294 398 4⁶29.
343 339 410 396 2⁰
454 336 597 395 Inde
625 346 899 417 praeterea
931 336 998 393 fit
1022 380 1037 408 .‚
1069 346 1137 393 ut
1163 333 1422 394 Traditio
1452 335 1774 414 dogmatica
1798 334 2185 393 identificetur
2227 392 2230 397 Δ

19 500 23 502 ,
73 457 205 496 cum
235 434 357 516 ipsa
396 430 654 491 Ecclesiae
691 431 949 489 doctrina
973 475 988 500 .‚
1027 451 1057 487 a
1099 450 1211 511 qua
1241 431 1492 511 separari
1522 430 1758 511 nequit3
1795 440 2187 510 quapropter,

74 531 179 589 etsi
211 529 557 588 documenta
594 524 908 584 deficerent
936 525 1132 583 omnia
1154 569 1170 597 ‚
1203 523 1390 582 solum
1433 523 1541 582 hoc
1578 525 1780 582 vivum
1810 544 1874 583 ac
1898 528 2034 603 juge
2062 545 2191 582 ma-

72 625 371 706 gisterium
402 622 538 680 satis
576 633 725 680 esset
755 620 828 679 ad
861 618 1318 701 cognoscendam
1344 617 1669 676 doctrinam
1692 618 1973 678 divinitus
2005 616 2196 676 tradi-

73 730 194 777 tam
211 763 228 793 ,
250 716 449 777 habito
479 715 799 797 praesertim
821 724 1084 796 respectu
1103 711 1178 771 ad
1201 710 1489 770 solemnes
1515 710 1728 768 Christi
1755 713 2190 792 promissiones·

157 812 297 871 430.
346 812 411 870 30
455 809 673 868 Exinde
722 811 963 891 insuper
1019 818 1183 890 patet
1209 852 1226 881 ‚
1287 827 1410 864 non
1467 825 1666 865 vocem
1716 818 2011 866 mortuam
2063 828 2194 866 ma-

77 907 505 988 nuscriptorum
538 904 831 977 codicum,
879 902 982 962 sed
1029 905 1222 962 vivam
1263 922 1328 960 ac
1365 897 1658 982 publicam
1697 900 1955 962 Ecclesiae
1990 922 2194 961 vocem

78 1024 309 1084 semper
336 1002 588 1082 primam
619 1020 684 1058 ac
710 999 1037 1080 proximam
1067 996 1200 1056 fidei
1225 995 1494 1075 regulam>
1512 1016 1668 1064 esse,
1700 995 1820 1054 sive
1845 997 2035 1078 quoad
2065 998 2194 1057 infi-

78 1097 236 1157 deles
267 1094 689 1156 convertendos
708 1138 723 1165 ,
754 1094 877 1152 sive
910 1090 1101 1172 quoad
1135 1089 1337 1150 fideles
1370 1111 1701 1151 conversos,

162 1192 298 1251 431.
344 1191 411 1248 40
452 1188 731 1269 Quodque
771 1197 1079 1268 propterea
1115 1205 1476 1265 consequens
1513 1196 1634 1259 est,
1670 1207 1739 1244 ex
1769 1186 1878 1245 hoc
1906 1189 2188 1270 principio

81 1287 324 1346 Ecclesia
355 1295 689 1344 constanter
711 1281 1015 1340 damnavit
1043 1280 1338 1339 haereticos
1368 1301 1603 1354 omnesa
1636 1302 1704 1340 eo
1728 1280 1884 1362 quod
1909 1283 2190 1342 innovare

79 1379 375 1462 quidpiam
401 1378 690 1439 voluerint
712 1388 911 1435 contra
936 1398 1063 1436 eam
1086 1375 1263 1434 fidem
1282 1420 1297 1446 a
1322 1397 1498 1456 quam
1521 1387 1649 1435 actu
1669 1377 1792 1457 ipsa
1816 1377 2187 1458 praedicabat‚

77 1486 141 1532 ut
166 1496 236 1533 ex
265 1474 424 1532 omni
454 1484 610 1532 retro
636 1472 984 1553 antiquitate
1014 1481 1381 1552 compertum
1409 1481 1530 1544 θεῖς
1567 1493 1760 1552 neque
1781 1493 2038 1553 unquam
2066 1474 2191 1554 ipsa

77 1570 392 1653 disputavit
426 1593 560 1629 cum
585 1570 868 1630 haereticis
896 1568 1217 1628 temerariis
1237 1613 1252 1641 ,
1287 1568 1386 1648 qui
1417 1589 1544 1627 eam
1577 1569 1787 1648 insigni
1813 1590 1953 1627 ausu
1986 1570 2192 1628 erroris

77 1687 312 1745 arguere
334 1667 394 1725 in
421 1688 521 1724 sua
538 1664 947 1747 praedicatione
965 1664 1135 1723 veriti
1157 1685 1279 1721 non
1302 1675 1468 1735 sunt3
1498 1663 1600 1723 sed
1622 1685 1800 1721 unam
1825 1665 1905 1723 eis
1922 1665 2193 1745 opposuit

77 1763 480 1821 auctoritatem
507 1783 697 1836 suam,
720 1760 1039 1840 eademque
1061 1779 1176 1816 una
1200 1757 1328 1816 illos
1352 1758 1628 1839 protrivit
1646 1758 1753 1838 (1).
1782 1757 1948 1831 Quod
1976 1762 2021 1816 si
2047 1758 2195 1818 solet

78 1856 252 1915 etiam
287 1856 531 1934 adjicere
567 1856 661 1915 vel
697 1858 1008 1937 Scripturae
1039 1853 1267 1912 oracula
1302 1852 1396 1913 vel
1424 1852 1771 1912 Traditionis
1810 1852 2190 1929 documenta,

77 1951 156 2010 ita
195 1972 256 2009 se
292 1953 435 2030 gerit
462 1951 535 2011 ad
571 1950 911 2033 pusillorum
934 1950 1375 2009 instructionem
1399 1994 1414 2023 ,
1441 1970 1564 2006 non
1601 1960 1796 2009 autem
1821 1948 1980 2031 quod
2001 1949 2194 2031 aliqua

78 2044 151 2103 ad
174 2046 234 2104 id
257 2049 595 2107 necessitate
620 2046 901 2127 adigatur.

164 2140 302 2199 432.
351 2145 418 2200 5⁰
460 2145 709 2202 Demum
746 2142 1066 2221 colligitur,
1105 2140 1484 2199 novatoribus
1517 2139 1789 2200 omnibus
1814 2144 1947 2218 jure
1983 2141 2194 2200 merito

83 2254 248 2314 posse
282 2235 613 2318 theologum
657 2237 946 2316 vigentem
996 2235 1254 2295 Ecclesiae
1297 2235 1623 2294 doctrinam
1677 2256 1974 2317 opponere
1992 2281 2006 2307 ,
2058 2257 2195 2295 cum

85 2327 506 2410 perabsurdum
540 2331 712 2412 plane
746 2332 817 2389 sit
838 2376 853 2403 a
896 2342 1071 2412 atque
1100 2352 1131 2388 a
1171 2329 1327 2387 bono
1355 2350 1560 2402 sensu7
1604 2342 1667 2388 ut
1700 2331 1898 2403 aiunt,
1935 2330 2193 2388 alienum

15 2501 18 2504 ,
85 2421 403 2499 affirmare,
429 2426 515 2484 uti
538 2425 784 2484 haeretici
803 2424 1021 2498 solent7
1046 2423 1312 2483 Ecclesiae*
1329 2425 1730 2483 auctoritatem
1746 2423 1939 2486 valere
1955 2423 2195 2506 quidem

84 2517 274 2596 quoad
304 2519 494 2600 priora
532 2532 763 2579 tantum
806 2518 994 2578 secula
1016 2563 1032 2593 ,
1062 2540 1183 2577 non
1210 2530 1407 2577 autem
1445 2517 1637 2600 quoad
1662 2519 1998 2601 posteriora.
2043 2521 2195 2579 Nam

83 2783 213 2828 mina
233 2783 480 2839 doctrinm,
503 2789 658 2828 ceteroe
693 2782 858 2828 excinde
890 2781 1100 2827 Ecclesiae

84 2862 304 2903 mutuatae
319 2864 446 2914 sunt,
464 2863 506 2903 et
527 2858 732 2918 quotidie
752 2860 1030 2901 mutuantur
1047 2860 1101 2900 ut

1184 2778 1268 2828 elle
1291 2779 1416 2827 croit
1439 2795 1552 2826 sam
1580 2778 1850 2845 dispater...
1869 2783 2014 2830 Mais
2033 2784 2080 2829 si
2099 2782 2195 2832 l’on

85 2931 291 2978 Ecclesioe
309 2935 448 2990 fiant5
466 2947 519 2978 ac
534 2947 620 2991 per
638 2933 717 2978 hoc
734 2936 776 2976 et
793 2933 901 2990 ipsoe
919 2934 1101 2989 aposto-

88 3007 182 3052 licae
198 3008 542 3066 deputanturut
558 3008 725 3053 soboles
741 3007 1100 3066 apostolicarum

88 3082 407 3130 Ecclesiarwm.
441 3085 580 3132 Omne
608 3098 749 3143 genus
779 3085 841 3129 ad
872 3084 1099 3142 oriqinem

90 3170 218 3204 suam
230 3165 464 3206 censeatur
478 3174 649 3206 necesse
664 3165 743 3205 est.
753 3161 818 3206 De
829 3160 1095 3217 Praescript.

93 3247 195 3295 cap.
233 3232 320 3292 18,
363 3252 446 3302 19,
490 3253 553 3284 20
574 3273 588 3295 ‚
625 3247 671 3284 et
703 3235 816 3284 alibi
849 3238 1015 3301 passim
1048 3239 1097 3282 in

93 3321 182 3358 toto
210 3314 294 3363 hoc
326 3318 461 3372 libro.

161 3395 224 3457 (l)
258 3395 540 3465 Quapropter
576 3402 740 3451 Comes
780 3402 837 3449 de
877 3400 1090 3455 Maistre‚

92 3478 141 3522 in
161 3492 237 3539 op.
257 3475 335 3525 Du
351 3479 507 3545 Papo,
527 3483 606 3531 liv.
626 3501 663 3540 i,
681 3485 815 3548 chap.
839 3501 878 3541 ι,
905 3485 1088 3546 sapien·

90 3566 159 3602 ter
184 3558 403 3607 scribebat
421 3562 669 3639 :JL’quise
684 3563 947 3629 catloolique
962 3562 1090 3611 'n'est

80 3642 221 3702 poi-nt
258 3646 651 3703 argumentatum
693 3648 749 3694 de
791 3663 848 3695 sa
882 3654 1089 3707 nature,-

1184 2864 1315 2910 viem
1341 2862 1372 2909 ὰ
1399 2870 1625 2909 contester
1660 2862 1856 2927 quelque
1891 2864 2083 2929 doqme,
2111 2866 2196 2914 elle

1182 2951 1277 2990 sort
1309 2942 1367 2989 de
1394 2959 1481 2990 son
1512 2946 1607 2991 etat
1640 2943 1862 3002 naturel;
1893 2948 2137 3011 eeranqere
2163 2948 2196 2996 ὰ

1182 3033 1307 3073 toute
1349 3024 1452 3072 ideo
1489 3027 1833 3088 contentieuse,
1881 3026 1967 3076 elle
2003 3028 2196 3078 cherohe

1181 3104 1245 3154 les
1266 3106 1549 3171 fundentem
1581 3105 1649 3154 du
1678 3105 1842 3172 doqme
1870 3111 1963 3156 mio
1991 3128 2048 3157 en
2077 3128 2192 3177 pro-

1179 3187 1359 3250 bleme,·
1391 3187 1476 3236 elle
1512 3190 1748 3253 interroqe
1776 3189 2075 3255 l'antiquz'th;
2112 3193 2196 3241 elle

1179 3274 1281 3318 eree
1316 3270 1395 3318 des
1426 3279 1544 3318 mot-3
1571 3280 1788 3332 summat,
1821 3272 1936 3320 dom
1960 3290 2014 3321 sa
2039 3274 2196 3323 bonne

1172 3351 1250 3416 sbi
1275 3349 1466 3400 n'avait
1493 3350 1582 3399 nul
1607 3352 1796 3414 besoin,
1834 3357 1957 3403 mais
1981 3358 2070 3420 qui
2091 3367 2195 3406 sont

1176 3435 1384 3485 deventus
1415 3438 1709 3485 necessaires
1728 3454 1859 3503 pour
1886 3443 2196 3489 caracter-iser

1172 3516 1214 3565 le
1236 3518 1428 3583 doqme,
1459 3527 1505 3566 et
1523 3526 1682 3566 mettre
1701 3529 1831 3569 entre
1855 3520 1919 3569 les
1937 3533 2187 3571 novateurs

1171 3609 1216 3647 et
1243 3617 1364 3649 nom
1388 3616 1480 3649 une
1507 3591 1716 3651 harridre
1736 3603 1965 3653 eternelte.
