2502 4134
312 69 431 130 434

872 87 1105 126 “miter
1158 89 1225 124 DE
1270 88 1417 127 mels
1463 90 1845 130 THEOLOGICIS.

398 234 534 293 145.
588 230 750 290 Idem
794 228 1036 309 contigit
1086 229 1399 289 recentiori
1433 229 1600 291 alteri
1640 233 1852 296 scholae
1883 242 2455 303 sentimentalistz'coe

312 327 614 400 sectatori,
659 324 1155 385 Schleiermacher
1175 370 1191 399 ‚
1232 324 1333 407 qui
1362 346 1434 385 ex
1467 327 1582 385 suis
1614 328 1915 411 principiis
1950 333 2227 396 inductus
2264 350 2354 397 est
2380 340 2453 399 ad

311 421 730 495 affirmandum
753 467 767 494 a
818 420 1160 502 religionem
1202 442 1326 480 esse
1363 423 1705 501 infinitam,
1747 446 1856 484 nec
1898 427 2005 487 sub
2042 431 2233 514 aliqua
2265 434 2451 495 forma

308 519 701 582 determinata
744 518 971 600 concipi
1019 528 1333 599 oportere7
1395 517 1499 577 sed
1555 517 1663 577 sub
1721 542 2087 605 quacumque
2128 528 2303 601 ‚nobis
2357 531 2454 590 illa

311 616 555 676 demum
579 625 861 696 appareat
883 659 897 688 a
927 613 1273 694 religionem
1295 614 1549 691 cujusvis
1566 615 1860 675 individui
1875 622 2307 700 expressionem
2332 648 2455 687 esse

314 710 579 772 sublimis
609 710 902 785 veritatis,
929 731 998 769 eo
1022 709 1181 792 quod
1214 719 1435 768 statum
1464 712 1754 771 actualem
1784 732 1987 773 sensus
2033 716 2248 778 interni
2270 723 2458 804 expri-

313 820 439 867 mat
477 810 538 867 in
569 807 808 867 homine
844 806 1108 886 religioso
1135 806 1249 885 (1)
1298 808 1415 866 Nec
1455 806 1627 868 aliter
1668 809 1868 868 evenit
1907 812 1991 870 De
2022 812 2255 889 Wette‚
2291 817 2458 878 alteri

309 905 855 975 sentimentalz'stoe,
912 906 1084 981 juxta
1137 923 1313 984 quem
1352 905 1639 963 revelatio
1679 906 2003 966 universim
2053 930 2175 967 non
2223 922 2311 970 est
2345 914 2458 973 nisi

309 1005 636 1080 praesensio
670 998 936 1082 quaedam
964 998 1263 1081 regiminis
1291 997 1447 1058 illius
1468 1043 1485 1076 ‚
1518 983 1642 1081 quo'
1664 1002 1818 1060 Deus
1847 1002 2138 1083 gubernat
2167 1006 2457 1069 mundum

312 1100 375 1156 in
415 1096 759 1159 evolutione
802 1095 1078 1155 historica
1123 1094 1447 1176 religioni53
1495 1095 1654 1178 quod
1699 1118 1840 1157 vero
1884 1098 2352 1162 christianismus
2386 1104 2461 1163 sit

314 1193 715 1254 manifestatio
744 1191 1012 1274 religiosa
1054 1190 1254 1252 divina
1292 1202 1380 1252 est
1412 1213 1572 1252 mere
1603 1205 1872 1276 receptus
1901 1195 2036 1257 fidei
2061 1198 2337 1259 articulus
2358 1246 2374 1274 ,
2401 1199 2462 1259 id

318 1303 445 1367 est,
484 1291 808 1372 judicium
847 1311 1009 1370 pure
1056 1290 1283 1362 ideale,
1336 1290 1497 1371 quod
1548 1289 1700 1349 nulli
1751 1293 2019 1352 rationali
2072 1295 2462 1357 fundamento

321 1400 517 1471 potest
555 1387 734 1446 inniti
771 1384 882 1467 (2).
929 1385 1053 1445 Alia
1088 1385 1487 1444 recentiorum
1511 1388 1844 1447 Germaniae
1868 1389 2218 1471 scriptorum
2251 1391 2460 1451 adduci

314 1497 552 1567 possent
585 1481 855 1565 exempla
878 1527 893 1555 ,
932 1482 1032 1563 qui
1066 1480 1366 1539 Christum
1394 1482 1764 1541 historicum
1790 1485 2025 1543 nonnisi
2060 1486 2120 1543 in
2150 1508 2326 1546 sensu
2361 1488 2457 1547 in-

315 1593 485 1640 terno
518 1580 761 1661 mystico
791 1588 1098 1661 quaerunt,
1137 1586 1314 1658 atque
1343 1577 1424 1636 ita
1462 1577 1523 1635 in
1555 1578 2025 1639 rationalismum
2068 1580 2460 1663 theologicum

316 1678 644 1760 praecipites
682 1686 866 1735 ruunt
899 1674 1012 1754 (3).

398 1772 537 1833 146.
590 1772 677 1831 Ad
714 1771 868 1829 hanc
890 1771 1546 1829 sentimentalistarum
1575 1768 1854 1845 classem,
1884 1782 2097 1853 praeter
2120 1775 2290 1833 Joan.
2326 1777 2455 1836 Jac.

320 1871 613 1929 Rousseau
642 1866 1019 1927 revelationis
1064 1865 1298 1925 hostem
1345 1866 1734 1940 acerrimum,
1784 1867 2069 1947 pertinuit
2112 1869 2288 1928 etiam
2310 1871 2464 1930 Ben-

312 1965 574 2045 jaminus
619 1965 909 2024 Constant
930 2009 945 2037 ,
982 1964 1085 2045 qui
1116 1961 1456 2021 conflictum
1495 1972 1854 2044 perpetuum
1889 1963 2145 2023 instituit
2173 1966 2463 2026 rationem

318 2063 478 2135 inter
528 2071 587 2123 et
627 2060 972 2121 interiorem
1020 2059 1332 2140 mysticum
1375 2079 1614 2119 sensum
1665 2057 1790 2137 (lt),
1834 2058 2292 2142 contenditque,
2331 2084 2463 2122 sen-

1438 2290 1484 2340 la
1514 2289 1750 2339 certitudo
1776 2292 2088 2358 seientifique.

1510 2374 1578 2440 (3)
1616 2375 1712 2425 Cfr.
1747 2394 1826 2440 op.
1860 2379 1940 2426 cit.
1971 2376 2194 2426 Histoire
2222 2379 2460 2443 critique,

393 2296 456 2359 (l)
495 2295 594 2344 Csr.
627 2295 781 2361 quoad
803 2293 1234 2354 Schleiermacher‚
1267 2310 1348 2358 op.

320 2381 403 2428 cit.
422 2377 643 2426 Histoire
668 2379 874 2442 critique
899 2375 967 2425 du
989 2374 1347 2436 rationalium,

326 2477 435 2528 pag.
480 2458 581 2524 364
625 2471 669 2508 et
715 2476 845 2527 seqq.
886 2460 967 2508 ubi
1004 2469 1164 2508 auctor
1205 2461 1354 2507 varias

328 2545 622 2610 persequitur
642 2543 804 2609 phases
819 2581 832 2603 ,
858 2560 969 2609 quas
995 2542 1121 2590 illins
1144 2541 1356 2590 doctrina

333 2627 501 2688 subiit,
528 2645 610 2676 seu
632 2630 757 2676 varia
778 2628 931 2693 potius
953 2625 1223 2685 velamina,
1251 2628 1360 2691 qui-

331 2710 420 2759 bus
459 2708 869 2759 Schleiermacher
917 2727 1047 2758 suam
1097 2709 1357 2757 doctrinam

334 2796 551 2845 obduxit.

403 2876 472 2940 (2)
511 2878 611 2927 Cfr.
634 2876 855 2925 Histoire
886 2876 1093 2941 critique
1117 2874 1184 2923 du
1204 2876 1358 2924 ratio-

335 2960 571 3023 nahsme,
611 2979 715 3026 pag.
750 2958 848 3010 382
884 2970 930 3009 et
966 2977 1096 3026 seqq.
1135 2958 1218 3006 ubi
1248 2959 1361 3007 doc·

339 3049 456 3095 trina
482 3046 805 3095 rationalistica
834 3045 979 3109 ipsius
1006 3042 1075 3092 De
1095 3042 1249 3092 Wette
1279 3060 1361 3090 ex-

341 3127 560 3194 penditur
578 3166 592 3189 ,
637 3145 692 3177 ac
733 3128 982 3176 adnotatur
1002 3164 1015 3185 ‚
1068 3143 1177 3174 eum
1226 3125 1365 3174 fuisse

343 3211 623 3275 discipulum
642 3210 902 3276 philosophi
925 3209 1050 3258 Fries
1067 3245 1081 3266 ‚
1109 3211 1243 3274 cujus
1267 3208 1365 3273 pla-

345 3294 436 3341 cita
454 3292 765 3357 philosophica
777 3308 826 3339 se
840 3289 1160 3358 rapprochent
1172 3288 1230 3337 de
1243 3304 1365 3336 ceux

344 3375 401 3423 de
417 3375 591 3423 Jacobi
604 3392 702 3440 par
727 3375 775 3423 la
805 3375 972 3429 valeur
986 3373 1106 3440 qu'il
1121 3371 1368 3422 accordait

345 3460 376 3508 ὰ
404 3457 450 3505 la
472 3458 548 3523 foi
573 3465 618 3505 et
641 3474 708 3506 au
726 3459 1095 3523 pressentiment
1128 3455 1184 3504 de
1213 3454 1368 3503 Peter-

347 3539 466 3590 nelle
491 3541 655 3589 verite.
689 3540 918 3589 Subditur
943 3557 1079 3606 porro
1098 3576 1112 3600 ‚
1147 3538 1275 3606 quod
1299 3537 1367 3587 De

347 3623 508 3673 Wette
526 3622 663 3690 place
690 3621 731 3671 Ie
755 3627 1011 3672 sentiment
1035 3620 1292 3671 ato-denus
1310 3620 1367 3668 de

1441 2471 1525 2508 etc.
1555 2476 1657 2524 cap.
1698 2475 1755 2507 21
1780 2497 1793 2519 ‚
1831 2476 1893 2507 22
1914 2496 1926 2518 ‚
1968 2458 2222 2525 Theoloqie
2243 2461 2468 2527 specula-

1441 2543 1535 2590 tive
1565 2540 1737 2607 fondee
1768 2558 1855 2590 sur
1884 2542 1924 2590 le
1955 2545 2248 2606 sentiment5
2289 2561 2343 2592 ex
2374 2560 2468 2610 quo

1445 2626 1648 2691 patebit,
1690 2644 1786 2674 non
1825 2627 1977 2675 solum
2021 2645 2074 2675 ex
2115 2630 2259 2676 nimia
2300 2630 2465 2676 virium

1447 2711 1639 2758 rationis
1685 2712 2060 2774 exaggeratione,
2107 2710 2189 2759 sed
2232 2711 2370 2758 etiam
2410 2726 2465 2756 ex

1446 2794 1590 2840 nimia
1629 2791 1816 2840 illarum
1842 2793 2136 2858 depressione
2169 2794 2289 2840 viam
2315 2790 2374 2838 ad
2393 2807 2466 2838 ra-

1446 2875 1764 2924 tionalismum
1798 2885 1974 2941 patere.

1517 2957 1579 3022 (4)
1619 2957 1672 3006 In
1697 2976 1774 3022 op.
1801 2955 1872 3007 De
1895 2958 1943 3005 Ia
1969 2956 2171 3021 reliqion
2195 2956 2468 3004 consideree

1446 3038 1569 3087 dans
1603 3055 1658 3086 aa
1700 3056 1898 3102 source,
1939 3039 2062 3087 dam
2101 3053 2173 3084 ses
2211 3037 2390 3102 formes
2423 3047 2471 3086 et

1446 3137 1522 3171 seo
1546 3119 1959 3187 developpemem‚
1991 3120 2071 3169 ubi
2103 3120 2263 3168 scribit
2294 3135 2308 3169 z
2343 3120 2472 3169 Tout

1448 3222 1499 3253 ce
1521 3206 1609 3270 qui
1636 3213 1706 3253 est
1730 3204 1797 3253 du
1820 3212 1991 3253 ressort
2013 3203 2081 3252 du
2109 3206 2473 3253 raisonnement

1448 3295 1518 3335 est
1542 3286 1757 3336 variable
1785 3294 1830 3334 et
1859 3285 2140 3334 conte-'table
2159 3304 2256 3351 par
2283 3303 2369 3335 son
2402 3301 2472 3334 es-

1446 3385 1601 3418 sence.
1638 3368 1714 3417 La
1754 3367 1940 3434 loqique
1973 3369 2166 3433 fournit
2205 3368 2287 3417 des
2328 3366 2470 3433 syllo-

1444 3454 1620 3519 gismos
1652 3468 1777 3517 pour
1812 3462 1857 3501 et
1894 3461 2052 3502 contre
2085 3461 2235 3503 touton
2268 3451 2333 3500 les
2358 3467 2469 3517 pro-

1442 3534 1698 3601 positione.
2441 3527 2444 3531 ⁴
