2502 4134
300 116 383 176 74
931 143 1129 182 Tnac'r.
1179 146 1246 182 na
1291 144 1439 184 roms
1481 148 1848 188 THEOtomffls.

300 283 545 365 quaestio
591 283 689 343 hic
732 297 1000 347 versatur
1043 287 1115 348 de
1164 289 1370 349 ordine
1432 292 1772 371 cognitionis
1812 295 2004 377 quoad
2049 317 2187 370 ηοε,
2229 308 2431 358 utrum

304 401 521 462 nempe
541 402 648 462 per
675 379 981 442 Ecclesiam
1002 386 1342 446 noverimus
1365 384 1627 449 divinam
1651 392 2058 451 auctoritatem
2076 391 2393 453 Bibliorum
2411 439 2427 468 ,

300 498 380 534 an
407 497 544 535 vero
567 497 674 557 per
699 476 882 537 Biblia
913 481 1358 562 cognoverimus
1382 482 1711 544 Ecclesiam.
1741 488 1776 545 J
1780 509 1875 545 am
1906 509 2045 547 vero
2068 488 2189 547 ullo
2213 488 2432 571 absque

301 569 481 629 dubio
513 573 673 652 prius
699 572 868 632 nobis
895 575 1158 634 innotuit
1190 576 1437 636 Ecclesia
1459 623 1475 652 ,
1507 601 1538 638 a
1567 602 1681 662 qua
1714 582 1895 642 Biblia
1927 584 2050 666 ipsa
2075 585 2431 666 accepimUS.,

298 687 546 749 quaeque
574 667 741 727 nobis
759 671 1148 731 annunciavit
1172 672 1470 732 Christum
1490 719 1504 748 ,
1525 678 1703 755 quam
1722 677 1985 738 Christus
2007 680 2131 761 ipse
2153 692 2212 739 et
2234 679 2433 741 Biblia.

299 762 563 823 Christus
591 766 895 847 Apostolus
924 767 1082 824 misit
1110 765 1185 824 ad
1218 789 1279 826 se
1314 766 1761 852 doctrinamque
1784 793 1950 832 suam
1970 775 2433 855 praedicandam3

297 859 459 940 prius
507 860 686 939 igitur
728 860 897 920 nobis
950 874 1253 944 comperta
1299 864 1549 924 Ecclesia
1594 866 1735 940 fuit,
1799 889 1978 949 quam
2024 870 2285 930 Christus
2328 871 2436 931 do-

296 956 601 1038 ctrinaque
644 961 765 1036 ejus
786 1003 801 1032 ,
850 980 980 1040 quae
1006 957 1302 1037 objectum
1337 961 1669 1042 apostolicae
1708 962 1964 1023 Ecclesiae
2000 964 2122 1026 sive
2149 968 2435 1047 praedica-

294 1050 471 1110 tionis
501 1052 846 1112 extiterunt.
887 1055 1009 1113 Hac
1045 1054 1118 1113 de
1155 1076 1320 1115 causa
1362 1056 1626 1117 Christus
1670 1058 1985 1139 discipulos
2023 1082 2155 1118 suos
2189 1062 2440 1122 miracu-

294 1146 492 1207 lorum
521 1160 970 1231 ceterorumque
995 1149 1421 1228 charismatum
1451 1152 1620 1211 donis
1653 1154 1968 1231 instruxit,
2009 1157 2083 1216 ad
2117 1156 2294 1217 fidem
2332 1156 2442 1216 sibi

297 1253 589 1327 tanquam
617 1245 727 1304 Dei
757 1246 987 1304 nunciis
1017 1246 1177 1328 apud
1212 1247 1459 1329 populos
1494 1249 1924 1310 conciliandam
1944 1297 1959 1325 ‚
2002 1264 2078 1325 ut
2103 1275 2316 1334 pronas
2348 1253 2444 1314 isti

292 1361 462 1400 aures
490 1340 771 1400 doctrinae
790 1387 806 1416 ‚
835 1363 965 1423 quae
994 1342 1134 1423 ipsis
1158 1343 1611 1424 praedicabatur‚
1641 1347 2173 1408 accommodarent.
2211 1348 2435 1408 Absur-

295 1433 443 1494 dum
489 1458 666 1518 porro
712 1447 799 1496 est
845 1436 1173 1512 affirmare,
1211 1438 1474 1521 divinam
1512 1439 1833 1501 Bibliorum
1873 1444 2021 1504 Novi
2053 1445 2209 1502 Test.
2247 1455 2448 1502 aucto-

297 1531 575 1607 ritatem,
617 1532 680 1590 in
719 1530 926 1592 ordine
969 1536 1327 1613 cognitionis
1361 1547 1616 1610 nostrae,
1654 1560 1687 1597 a
1723 1537 1956 1598 Christo
1998 1560 2123 1598 esse
2171 1537 2448 1600 derivan-

294 1626 469 1704 dam,
519 1650 655 1688 cum
697 1627 965 1687 nondum
1007 1628 1105 1688 illa
1128 1675 1143 1705 ,
1183 1629 1418 1691 Christo
1448 1632 1511 1690 in
1543 1634 1711 1693 terris
1752 1644 2068 1708 versante7
2105 1635 2444 1695 existerent.

294 1725 481 1805 AEque
497 1746 638 1784 vero
653 1723 1119 1806 improbandum
1133 1772 1149 1801 ,
1168 1726 1328 1808 quod
1344 1726 1418 1787 de
1432 1740 1589 1788 recta
1600 1730 2039 1812 Scripturarum
2057 1729 2447 1810 intelligentia

296 1819 607 1897 adjicitur,
652 1820 901 1903 perinde
941 1842 1006 1880 ac
1058 1822 1105 1880 si
1149 1823 1274 1904 ipsa
1319 1823 1439 1883 sola
1487 1825 1871 1885 constitueret
1907 1827 2241 1906 depositam
2266 1827 2448 1905 fidei,

296 1914 457 1998 quod
485 1917 772 1976 nimirum
802 1929 932 1976 tum
964 1916 1148 1976 Biblia
1168 1964 1184 1993 ἢ
1215 1930 1346 1978 tum
1370 1919 1751 1981 traditionem
1771 1966 1787 1993 ‚
1825 1933 1955 1980 tum
1979 1933 2201 1981 rectam
2230 1922 2447 1982 utrius-

297 2033 412 2093 que
451 2012 906 2094 intelligentiam
942 2013 1372 2097 complectatur
1403 2038 1639 2076 necesse
1675 2029 1781 2076 est.

383 2108 522 2170 117.
576 2109 663 2169 Ad
687 2110 797 2184 2¹1¹,
829 2110 984 2190 Neq.
1013 2110 1109 2170 vel
1134 2112 1274 2170 dist.
1307 2113 1612 2194 Tanquam
1652 2112 1913 2193 regulam
1949 2114 2087 2173 fidei
2118 2124 2444 2188 remotam,

232 2250 234 2253 -
298 2215 367 2264 ut
410 2217 660 2281 vocant,
701 2227 894 2280 con0.‚·
938 2218 1221 2288 tanquam
1246 2207 1526 2288 „regulam
1567 2210 1939 2290 proximam,
1988 2231 2090 2268 seu
2127 2210 2189 2267 in
2240 2208 2447 2271 ordine

294 2303 640 2382 cognitionis
670 2302 866 2385 quoad
901 2325 1040 2378 1105,
1074 2326 1206 2384 ⁹²09·
1242 2305 1369 2377 Quo
1403 2305 1710 2386 posteriori
1730 2327 1905 2364 sensu
1935 2327 2127 2388 neque
2156 2307 2212 2364 S.
2250 2305 2449 2385 Augu-

294 2399 484 2457 stinus
524 2421 717 2481 neque
765 2401 823 2459 S.
870 2400 1121 2460 Thomas
1167 2413 1267 2459 aut
1306 2401 1455 2460 alius
1507 2402 1682 2484 plane
1736 2403 2038 2482 theologus
2077 2401 2439 2476 catholicus,

297 2494 486 2554 multo
530 2516 670 2557 vero
709 2496 905 2554 minus
944 2517 1200 2575 campus
1241 2499 1341 2556 ille
1381 2498 1706 2558 historicus
1749 2499 1868 2578 (ad
1911 2521 2088 2580 quem
2127 2497 2446 2558 adversarii

301 2591 646 2672 appellant)
678 2592 1101 2651 christianismi
1123 2602 1182 2652 et
1210 2593 1591 2653 catholicismi
1611 2640 1626 2669 .,
1658 2593 1979 2676 aliquando
2003 2595 2294 2653 inficiatus
2325 2604 2445 2669 est,

296 2707 405 2767 per
427 2687 738 2746 Ecclesiam
766 2710 872 2747 nos
897 2689 1199 2747 Christum
1227 2693 1473 2770 ejusque
1505 2689 1863 2764 doctrinam.
1892 2711 1957 2748 ac
1985 2689 2236 2772 proinde
2265 2687 2449 2749 Biblia

303 2785 645 2864 cognovisse
700 2786 790 2844 uti
838 2787 1247 2845 auctoritatem
1302 2784 1588 2845 divinam.
1643 2789 1847 2867 Itaque
1894 2808 1964 2846 ex
2015 2785 2449 2846 Catholicorum

299 2904 475 2941 sensu
521 2903 627 2941 nos
666 2884 1013 2942 immediate
1051 2881 1400 2957 Ecclesiam,
1441 2883 1696 2940 mediate
1741 2903 1880 2942 vero
1922 2904 2028 2965 per
2065 2881 2281 2956 Biblia‚
2324 2903 2450 2964 quae

300 2999 520 3059 nempe
551 2977 754 3037 divina
789 2999 913 3037 esse
947 2999 1054 3059 per
1093 2977 1406 3036 Ecclesiam
1440 2989 1500 3036 et
1536 2976 1643 3036 sub
1682 2978 1943 3037 Ecclesiae
1981 2980 2313 3058 magisterio
2343 2978 2453 3038 de-

298 3073 722 3156 prehendimus
741 3121 755 3149 ,
782 3075 1038 3155 penitius
1065 3074 1441 3153 cognovimus
1471 3072 1772 3132 Christum
1805 3073 2258 3154 doctrinamque
2287 3079 2408 3152 ejus
2429 3120 2444 3144 ,

300 3169 388 3227 uti
424 3191 527 3227 suo
552 3169 679 3229 loco
709 3169 1074 3229 ostendimus
1105 3170 1217 3250 (l);
1259 3181 1436 3251 atque
1472 3169 1533 3227 in
1583 3168 1778 3228 Bibliis
1818 3171 1957 3251 ipsis
1996 3169 2450 3251 promissionem

301 3263 549 3344 legimus
597 3266 863 3326 Ecclesiae
910 3264 1266 3325 aedificandae
1311 3288 1446 3325 cum
1489 3263 1764 3324 omnibus
1808 3267 1876 3323 iis
1924 3264 2195 3338 dotibus,
2238 3263 2451 3345 quibus

303 3359 571 3419 Christus
606 3383 737 3420 eam
774 3363 1129 3421 instructam
1163 3360 1350 3422 voluit
1393 3373 1568 3445 atque
1606 3360 1945 3440 insignitam
1981 3361 2091 3442 (2).
2136 3359 2260 3419 Nisi
2292 3361 2451 3420 enim

375 3579 438 3645 (l)
477 3578 533 3627 In
564 3581 714 3644 prima
746 3580 891 3647 hujus
921 3590 1148 3647 tractatus
1186 3592 1343 3644 parte,
1502 3580 1571 3646 (2)
1608 3580 1707 3657 Cfr.
1741 3579 1857 3630 ibid.

304 3680 407 3727 cap.
447 3677 493 3726 1,
526 3681 656 3729 prop.
690 3679 760 3725 π,
797 3675 910 3714 tom.
944 3680 1058 3727 vm,
1103 3682 1207 3730 pag.
1245 3663 1321 3714 15.
