2502 4134
282 76 402 137 474
882 86 1078 135 raam.
1124 98 1191 134 η
1226 97 1377 135 mois
1420 98 1796 141 ‘maome-icis,

284 240 569 321 analysim
593 238 751 300 varia
776 236 1038 316 ejusdem
1071 237 1210 297 fidei
1247 241 1633 298 constitutiva
1666 251 1936 304 revocare
1962 244 2039 303 ob
2064 244 2415 327 multiplices

282 356 536 406 erroreS‚
580 334 682 416 qui
715 333 894 392 etiam
929 334 992 391 in
1034 332 1260 394 bonum
1296 335 1479 394 finem
1516 336 1828 416 postremis
1858 335 2014 407 hisce
2037 340 2406 424 temporibus

281 430 471 492 oborti
494 441 634 488 sunt
660 428 895 502 illarum
927 430 1224 490 occasione
1250 430 1784 490 controversiarum
1809 476 1825 506 a
1851 452 1976 511 quae
2002 434 2067 493 in
2100 438 2411 496 Germania

280 527 651 609 potissimum
677 538 733 585 et
764 527 824 584 in
867 526 1067 586 Galliis
1105 529 1307 607 agitari
1338 538 1664 608 coeperunt.
1724 528 1955 587 Etenim
2004 530 2104 610 qui
2140 531 2412 593 humanae

280 623 520 682 rationis
551 621 1014 703 imbecillitatem
1043 622 1372 682 absolutam
1406 623 1751 699 adstruunt,
1777 625 1995 706 quique
2017 629 2407 704 contendunt.³

280 719 548 778 scientias
599 740 666 777 ac
707 719 982 778 veritates
1034 719 1347 779 rationales
1396 741 1428 779 a
1485 719 1621 779 fidei
1662 720 1966 802 principiis
2040 720 2372 803 dependere
2392 771 2407 799 ,

281 814 491 897 ecquid
514 814 773 874 efficiunt
811 813 1002 888 aliud,
1039 837 1216 896 quam
1242 815 1379 874 fidei
1416 827 1687 875 naturam
1711 838 1844 874 cum
1866 817 2103 876 scientia
2141 821 2407 878 commis·

281 932 446 985 cere,
504 922 564 970 et
608 931 922 969 commune
972 910 1152 970 veluti
1206 910 1506 993 quoddam
1546 915 1806 990 formale
1844 914 2197 995 principium
2242 915 2305 972 in
2345 915 2411 974 iis

282 1006 641 1086 agnoscere?
679 1006 772 1065 Sic
807 1007 906 1088 qui
944 1029 976 1065 a
1021 1006 1136 1067 fide
1177 1008 1301 1089 ipsa
1351 1008 1639 1089 praeviam
1680 1029 1919 1067 omnem
1956 1009 2415 1069 demonstratio-

281 1125 452 1174 nem.²
480 1123 582 1161 seu
613 1102 971 1165 evidentiam
1008 1103 1407 1163 credibilitatis
1432 1103 1641 1182 objecti
1666 1104 1976 1165 excludere
1999 1110 2414 1182 connituntur,

278 1197 526 1282 perinde
557 1220 622 1258 ac
659 1199 707 1257 si
747 1198 807 1257 id
853 1198 1115 1259 libertati
1157 1222 1426 1260 assensus
1471 1200 1719 1278 objectis
1768 1201 1907 1262 fidei
1934 1200 2251 1283 praestandi
2283 1201 2416 1261 offi-

280 1308 439 1359 ceret
457 1343 472 1371 ‚
502 1318 702 1358 veram
726 1296 865 1356 fidei
895 1310 1248 1380 pervertunt
1274 1309 1572 1357 naturam.
1607 1299 1753 1357 Item
1775 1299 1875 1380 qui
1897 1299 2262 1373 inficiantur⁷
2291 1296 2416 1356 dari

282 1393 355 1454 de
386 1393 596 1454 eodem
628 1393 860 1472 objecto
889 1416 1059 1476 posse
1091 1394 1269 1454 fidem
1294 1415 1359 1452 ac
1391 1395 1695 1453 scientiam
1715 1439 1730 1469 .,
1762 1395 2115 1476 perniciosas
2146 1394 2255 1476 ipsi
2280 1394 2415 1453 fidei

280 1490 421 1551 inde
435 1491 699 1550 inferunt
717 1491 1174 1550 consecutiones.
1207 1492 1289 1549 Ex
1315 1490 1494 1551 altera
1528 1512 1668 1551 vero
1690 1502 1856 1573 parte
1876 1536 1891 1563 a
1927 1491 2027 1572 qui
2045 1491 2419 1550 demonstra-

280 1589 470 1648 tiones
505 1586 670 1663 illas,
728 1609 830 1647 seu
873 1586 1282 1647 credibilitatis
1327 1587 1549 1647 motiva
1595 1585 1782 1648 veluti
1831 1585 2036 1645 ultima
2081 1586 2216 1646 fidei
2252 1597 2414 1645 actus

279 1686 599 1744 resolutiva
632 1695 903 1766 spectant
922 1729 938 1757 v
963 1684 1118 1742 hanc
1147 1704 1296 1764 pure
1318 1682 1668 1742 rationalem
1693 1704 1758 1741 ac
1784 1682 2107 1741 humanam
2133 1682 2411 1742 efficiunt.

282 1784 429 1841 Rem
454 1781 633 1864 igitur
661 1779 834 1840 valde
872 1789 1270 1862 opportunam
1309 1801 1417 1837 nos
1444 1779 1696 1838 facturos
1723 1778 2086 1857 judicamuS.,
2117 1779 2164 1836 si
2185 1780 2250 1837 in
2273 1798 2422 1860 prae·

284 1877 439 1936 senti
464 1875 711 1936 articulo
730 1923 745 1951 7
770 1875 1099 1936 continenti
1123 1875 1594 1958 propositionum
1609 1875 1756 1934 serie
1778 1896 1974 1934 veram
1993 1874 2128 1934 fidei
2145 1886 2424 1934 naturam

276 1977 515 2055 ejusque
545 1973 1061 2032 constitutivorum
1087 1972 1374 2053 analysim
1404 1971 1664 2032 breviter
1687 1970 2150 2052 complectentes
2170 2015 2188 2045 ,
2222 1992 2351 2030 eam
2380 1991 2427 2030 a·

278 2070 582 2129 contrariis
617 2067 916 2130 erroribus
949 2090 1058 2151 pro
1089 2067 1243 2129 virili
1281 2078 1563 2128 tutemur.

1098 2278 1511 2331 PROPOSITIO
1551 2280 1595 2330 I.

278 2412 486 2482 Fides,
514 2414 584 2470 in
607 2421 839 2472 natura
867 2433 983 2470 sua
1006 2415 1416 2491 acrprincz‘pio
1446 2409 1677 2470 formali
1706 2423 1965 2491 spectata
1981 2454 2002 2482 ,
2031 2411 2420 2470 essentialiter

956 2530 994 2566 a
1021 2512 1276 2567 scientia
1304 2510 1732 2589 distz'nyuitur.

369 2714 506 2774 194.
560 2716 666 2774 Vix
694 2737 839 2797 opus
865 2725 1013 2774 esset
1041 2713 1194 2773 hanc
1215 2714 1671 2796 propositionem
1697 2713 1984 2793 attingere
1999 2721 2131 2793 post
2152 2733 2218 2771 ea
2240 2756 2255 2785 ,
2285 2728 2411 2791 quae

282 2812 408 2871 fuse
439 2833 639 2870 sumus
659 2812 719 2869 in
745 2812 938 2894 primo
970 2810 1160 2893 capite
1184 2811 1475 2892 persecuti
1495 2857 1510 2885 a
1538 2810 1796 2889 legitima
1819 2808 2059 2868 rationis
2074 2812 2204 2887 jura
2232 2803 2412 2865 inde-

281 2907 615 2990 pendenter
649 2931 679 2968 a
714 2908 831 2968 fide
870 2907 1260 2967 vindicantes,
1307 2907 1422 2967 Sed
1458 2918 1659 2965 tamen
1683 2952 1698 2979 ‚
1747 2906 2027 2988 quoniam
2066 2903 2158 2962 hic
2194 2901 2414 2961 directe

283 3027 406 3063 non
443 3005 689 3065 rationis
730 3006 833 3065 sed
867 3004 1004 3065 fidei
1032 3017 1245 3073 natura
1281 3005 1346 3063 in
1381 3015 1510 3062 tuto
1536 3003 1809 3084 ponenda
1847 3013 1967 3073 est,
2013 3019 2140 3058 rem
2160 2996 2270 3056 sub
2301 2996 2414 3056 alio

285 3100 565 3183 adspectu
591 3103 852 3164 breviter
883 3102 1255 3162 tractandam
1284 3100 1676 3183 aggredimur.

373 3199 510 3258 195.
562 3200 652 3259 Sic
700 3200 876 3281 igitur
896 3201 1269 3281 'propositam
1306 3197 1519 3256 thesim
1566 3196 1888 3256 evincimus
1916 3216 1929 3252 :
1961 3194 2107 3271 fides
2138 3212 2205 3249 ex
2251 3190 2418 3248 dictis

288 3308 377 3357 est
410 3316 680 3355 assensus
719 3295 901 3371 liber,
943 3317 1118 3378 quem
1161 3294 1387 3377 praebet
1413 3292 1746 3352 intellectus
1768 3337 1783 3365 ‚
1820 3289 2019 3349 divina
2060 3288 2239 3369 gratia
2276 3305 2421 3368 prae-

289 3553 399 3600 pem
419 3571 432 3594 ,
468 3533 719 3583 Suarezius
738 3572 750 3593 ‚
793 3533 1107 3600 Vasquezius‚
1154 3532 1325 3581 Valen-
1399 3532 1465 3597 'de
1491 3547 1542 3578 ea
1576 3529 1723 3576 meriti
1751 3538 1888 3589 sunt,
1923 3529 1989 3575 uti
2020 3545 2070 3574 ex
2095 3524 2302 3575 dicendis
2327 3522 2422 3587 pla-

292 3621 355 3668 tia
375 3657 388 3679 ‚
425 3618 493 3667 De
520 3617 677 3683 Lugo,
710 3619 870 3665 ceteris
903 3619 1083 3665 omissis
1103 3653 1115 3675 ‚
1153 3617 1324 3681 optime
1396 3631 1522 3663 num
1554 3612 1654 3660 fiet.
