2502 4134
289 157 449 198 mar.
499 158 584 194 111.
630 156 778 194 sacr.
828 157 868 193 1.
913 156 1036 194 car.
1085 157 1124 193 1.
1174 158 1242 194 nn
1287 156 1417 196 aar.
1463 158 1592 194 ΑΜ.
1639 159 1749 194 1211).
1792 157 1979 196 srnc'r.
2070 137 2191 198 405

84 299 216 357 dem
240 294 635 372 credibilitatis
650 301 901 374 praecise
916 295 1170 354 militant
1187 317 1300 377 pro,
1311 295 1555 354 Ecclesia
1580 294 1860 356 catholica
1875 317 1978 355 seu
2000 297 2187 358 Eccle-

82 393 162 450 sia
205 390 417 450 Christi
440 435 455 463 7
502 410 634 448 cum
660 390 923 448 Christus
967 411 1103 450 vere
1135 400 1193 449 et
1225 390 1458 472 proprie
1484 411 1605 448 non
1629 391 1946 451 instituerit
1967 412 2032 450 ac
2061 391 2194 451 fun-

77 485 303 544 daverit
372 483 863 543 christianismum
928 484 1111 544 veluti
1178 485 1242 542 in
1309 486 1605 543 abstracto
1631 528 1649 557 7
1723 485 1825 546 sed
1874 485 2190 546 Ecclesiam

80 578 452 637 christianam
474 623 490 652 7
521 599 768 659 eamque
792 578 1058 652 unicam’7
1094 577 1483 651 universalem
1504 623 1520 652 7
1556 579 1843 639 visibilem
1863 592 2039 662 atque
2060 601 2188 663 per-

75 684 313 753 petuam
334 717 349 746 7
391 693 519 752 quae
542 693 648 730 nec
680 684 766 732 est
795 693 905 731 nec
930 693 1053 731 esse
1079 682 1273 753 potest
1294 673 1403 731 nisi
1428 672 1546 732 sola
1571 673 1819 733 Ecclesia
1857 674 2180 735 Catholico·

78 769 336 826 Romana
360 813 375 839 7
416 768 503 825 uti
540 789 642 825 suo
679 767 803 826 loco
843 766 1201 826 ostendimus
1237 768 1470 846 (1).De
1502 767 1610 827 hac
1647 768 1891 828 Ecclesia
1931 772 2099 830 unice
2126 783 2187 831 et
2225 751 2231 765 ⁸

78 872 409 920 constanter
435 861 691 942 loquitur
736 861 999 920 Christus
1030 862 1089 919 in
1131 860 1442 942 Evangelio
1463 907 1477 932 7
1511 862 1584 921 de
1607 862 1716 921 hac
1739 864 1906 923 unice
1930 863 2186 946 loquun-

80 968 176 1014 tur
196 956 457 1037 Apostoli
484 1001 499 1030 7
552 955 623 1014 de
647 955 754 1014 hac
785 957 983 1015 Patres
1012 967 1072 1015 et
1106 957 1415 1037 scriptores
1449 978 1653 1016 omnes
1688 959 2048 1039 antiquitatis
2071 958 2182 1038 (2).

79 1053 136 1111 Si
181 1053 353 1131 igitur
387 1072 459 1110 ex
496 1051 912 1110 demonstratis
934 1051 995 1108 in
1029 1051 1397 1132 praecedente
1426 1052 1822 1133 propositione
1852 1064 2044 1134 potest
2069 1053 2185 1113 hu·

79 1167 249 1205 mana
276 1145 422 1204 ratio
438 1157 595 1204 certo
621 1166 961 1224 cognoscere
985 1146 1207 1206 motiva
1233 1145 1629 1205 credibilitatis
1649 1191 1665 1220 7
1691 1157 1751 1205 et
1775 1168 1880 1227 per
1904 1168 1964 1207 se
1989 1148 2183 1228 acqui-

80 1261 206 1298 rere
229 1238 638 1298 certitudinem
664 1238 738 1296 de
764 1239 1069 1297 existentia
1093 1239 1308 1299 divinae
1344 1239 1747 1313 revelationis7
1777 1242 1993 1321 poterit
2012 1239 2186 1300 simul

79 1332 486 1394 certitudinem
522 1329 788 1391 obtinere
825 1331 899 1392 de
933 1333 1235 1391 existentia
1280 1333 1544 1394 Ecclesiae
1580 1333 1814 1392 Christi.

894 1521 1382 1564 DIFFICULTATES.

163 1677 299 1737 108.
348 1675 456 1755 Obj
469 1722 483 1736 .
499 1678 557 1735 Si
579 1676 1003 1758 propositiones
1014 1675 1298 1735 hactenus
1322 1687 1556 1736 statutae
1573 1698 1726 1738 verae
1740 1689 1935 1738 essent
1954 1721 1971 1753 7
1988 1698 2189 1760 seque·

76 1783 239 1831 retur
286 1772 561 1844 omnino7
617 1773 680 1829 10
725 1793 893 1852 posse
936 1771 1261 1830 humanam
1308 1771 1596 1831 rationem
1631 1793 1737 1853 per
1785 1773 2191 1833 continentem

77 1869 328 1946 loyicam
361 1868 674 1926 veritatum
708 1866 1130 1925 connexionem
1152 1911 1168 1939 7
1209 1887 1276 1925 ac
1312 1864 1558 1946 proinde
1587 1888 1692 1946 per
1730 1887 1931 1927 veram
1957 1867 2196 1927 demon-

78 1962 420 2021 strationem
447 1960 520 2019 ab
556 1961 862 2031 existentia
880 1961 1104 2042 proprii
1124 1964 1250 2040 Eyo
1268 1960 1339 2020 ad
1363 1960 1553 2042 ipsum
1578 1960 1798 2019 factum
1819 1961 2192 2021 revelationis

78 2077 143 2115 ac
181 2055 256 2115 ad
287 2077 485 2115 veram
520 2055 732 2114 Christi
758 2054 1065 2114 Ecclesiam
1103 2054 1431 2114 ascendere.
1465 2056 1534 2113 20
1571 2056 1745 2136 Atqui
1770 2055 1881 2114 hoc
1912 2067 2002 2115 est
2035 2055 2195 2137 quod

79 2150 142 2208 in
175 2150 458 2209 Hermesii
485 2160 796 2232 systemate
817 2148 890 2208 ab
919 2149 1227 2231 apostolica
1256 2149 1403 2209 Sede
1435 2149 1783 2208 damnatum
1810 2161 1917 2209 est.
1945 2149 2012 2208 3⁰
2039 2149 2196 2223 Quid

84 2244 257 2304 enim·
297 2244 456 2302 aliud
496 2245 829 2303 Hermesius
867 2242 1050 2304 voluit
1082 2245 1145 2302 in
1173 2265 1274 2302 sua
1315 2245 1792 2310 Introductione‚
1840 2245 1960 2307 sive
1981 2245 2195 2323 philo-

86 2340 327 2417 sophica
361 2339 483 2398 sive
525 2342 828 2418 positiva,
868 2360 1046 2420 quam
1073 2340 1551 2417 fundamentum
1583 2359 1804 2418 ponere
1829 2340 1917 2397 ad
1945 2340 2197 2398 demon-

84 2436 405 2493 strandum
433 2435 954 2492 christianismum
985 2443 1278 2512 tanquam
1304 2435 1718 2491 revelationem
1740 2433 1948 2490 datam
1982 2455 2022 2491 a
2050 2434 2198 2506 Dee,

83 2550 148 2587 ac
199 2528 440 2587 demum
487 2529 965 2587 catholicismum
1018 2538 1311 2606 tanquam
1360 2548 1569 2586 verum
1618 2527 2143 2601 christianismum
2166 2528 2199 2581 ?

85 2622 153 2681 40
180 2625 328 2683 Sane
361 2623 469 2682 hoc
503 2634 590 2682 est
621 2634 894 2681 naturam
934 2621 1072 2682 fidei
1107 2634 1477 2704 pervertere,
1510 2642 1636 2703 quae
1679 2631 1804 2680 tota
1843 2633 2197 2704 supernatu-

84 2717 218 2777 ralis
253 2729 340 2778 est
360 2764 376 2792 7
410 2718 630 2776 donum
662 2719 801 2794 Dei,
839 2737 904 2776 ac
937 2739 1089 2777 nova
1125 2716 1308 2776 veluti
1334 2716 1587 2774 hominis
1626 2719 1842 2775 creatio
1865 2737 1934 2775 eoe
1969 2718 2201 2790 nihile,-

83 2823 224 2872 tunc
257 2824 451 2872 autem
479 2811 826 2872 redderetur
846 2834 953 2894 per
975 2833 1105 2872 eam
1129 2812 1693 2872 demonstrationem
1723 2833 1925 2870 merus
1964 2813 2199 2891 effectus

86 2919 325 2966 naturoe
338 2950 361 2979 ,
391 2930 526 2987 quoe
572 2929 690 2967 sese
719 2912 780 2965 vi
829 2929 941 2966 sua
966 2909 1188 2966 evolvit.
1230 2906 1297 2964 5⁰
1322 2909 1446 2966 Hoc
1472 2918 1560 2966 est
1591 2907 1934 2986 theoloyiam
1965 2907 2205 2988 dogma-

90 3005 270 3062 ticam
321 3003 498 3085 plane
527 3002 905 3084 pessumdare
924 3047 939 3076 7
988 3023 1114 3084 quae
1149 3014 1292 3061 tunc
1314 3023 1484 3062 suum
1515 3001 1968 3060 fundamentum
2000 3022 2204 3062 neces-

86 3097 299 3156 sarium
337 3096 581 3157 haberet
620 3097 685 3155 in
720 3098 844 3179 ipsa
895 3095 1298 3178 philosophia7
1350 3117 1416 3155 ac
1445 3097 1613 3155 fieret
1652 3096 1977 3175 aedificium
2018 3097 2209 3156 veluti

92 3300 192 3333 aua,-
216 3283 401 3335 Reum}
419 3323 436 3349 ,
458 3304 556 3361 par
578 3287 824 3354 l’expreue
847 3287 1013 3354 parole
1046 3257 1114 3336 ‘1⁶2
1255 3287 1325 3353 (1)
1363 3288 1486 3337 Tum
1530 3291 1581 3336 in
1621 3298 1753 3337 tract.
1789 3285 1863 3336 De
1892 3304 2005 3338 vera
2045 3287 2209 3352 Reeiq.

94 3363 222 3415 Dieu
238 3400 255 3427 ‚
282 3383 370 3430 que
396 3366 437 3416 le
460 3371 609 3418 meme
626 3366 851 3436 principe
882 3372 969 3434 qui
983 3386 1104 3419 nous
1186 3382 1303 3437 part.
1321 3389 1354 3420 u
1374 3408 1387 3431 ,
1421 3388 1552 3436 prop.
1578 3388 1622 3419 iv
1644 3407 1657 3431 7
1690 3378 1791 3420 tum
1821 3373 1876 3427 in
1897 3372 2040 3438 hujus
2071 3381 2203 3420 tract.

93 3447 192 3512 fait
218 3446 475 3508 chr-etiem,
517 3467 638 3500 nous
679 3451 782 3500 doit
819 3454 953 3500 aussi
977 3452 1106 3518 faire
1187 3463 1307 3518 part.
1336 3470 1351 3499 ι
1369 3490 1382 3512 ,
1417 3463 1525 3501 sect.
1554 3469 1570 3499 ι
1590 3489 1604 3511 7
1635 3469 1738 3518 cap.
1765 3463 1840 3502 m.

95 3527 400 3593 catholiques.
457 3530 577 3597 opp.
646 3531 762 3582 edit.
821 3534 1060 3585 Versaines
1091 3571 1103 3594 ‚
1257 3533 1323 3599 (2)
1362 3533 1460 3582 cfr.
1487 3533 1605 3582 ibid.

106 3619 220 3658 tom.
250 3625 347 3659 xxn
370 3647 381 3671 ‚
407 3628 454 3675 p.
486 3610 584 3677 375
612 3622 658 3662 et
686 3629 813 3681 seqq.
847 3606 854 3612 ’
