2502 4134
281 121 359 181 96

875 139 1076 182 TnAc'r.
1124 140 1193 180 DE
1239 141 1389 182 LOCIS
1431 143 1814 184 THEOLOGICIS.

281 284 467 346 veluti
497 283 635 346 fidei
669 283 1095 367 praeambulum
1130 297 1401 347 censetur
1422 331 1438 362 ,
1469 310 1540 348 ex
1569 289 1804 348 motivis
1840 287 2125 349 evincitur
2166 288 2409 350 credibi-

281 383 497 456 litatis;
531 393 631 440 aut
656 381 1153 463 quemadmodum
1178 404 1410 464 quoque
1436 382 1677 444 demum
1708 384 1982 446 divinitas
2012 378 2408 462 revelationis²

279 479 360 538 ita
398 476 572 560 plane
610 478 948 553 existentia,
985 479 1284 558 integritas
1308 523 1324 553 a
1364 499 1552 551 canon
1576 526 1592 550 .,
1639 479 1953 562 divinaque
1982 501 2278 539 sacrorum
2316 482 2402 540 Bi-

279 573 536 633 bliorum
569 573 871 655 inspiratio
893 618 910 649 ,
946 584 1047 632 aut
1087 574 1446 653 argumentis
1486 576 1734 635 internis
1755 622 1770 652 .,
1815 587 1915 635 aut
1963 576 2364 654 monumentis
2390 622 2406 652 ‚

282 680 380 729 aut
411 671 588 729 etiam
619 669 880 750 utrisque
909 668 1082 728 simul
1115 668 1397 728 vindicari
1425 678 1673 751 possunt
1704 693 1769 730 ac
1797 671 2036 732 debent.
2080 674 2244 754 Ergo·

368 765 504 825 149.
554 767 724 848 Resp.
756 765 842 824 Ad
863 766 966 839 ΙΨ,
994 764 1144 846 Ney.
1173 764 1401 823 Etenim
1422 766 1748 848 Scripturas
1771 767 1998 827 divinas
2023 780 2081 827 et
2108 769 2412 828 canonicas

282 863 530 923 existere
558 860 768 941 dogma
803 861 936 920 fidei
973 872 1059 920 est
1086 859 1193 919 sub
1223 860 1601 920 anathemate
1631 883 1661 920 a
1695 863 1868 921 Cone.
1895 862 2240 924 Tridentino
2276 887 2414 923 san-

283 960 462 1018 citum
485 944 718 1039 ,ineque
749 980 1010 1039 unquam
1043 956 1116 1016 de
1146 957 1256 1016 hoc
1286 956 1420 1017 fidei
1444 956 1686 1016 articulo
1718 957 2053 1018 dubitatum
2081 961 2144 1019 in
2170 962 2415 1021 Ecclesia

284 1053 564 1115 catholica
592 1064 697 1113 est.
727 1054 784 1112 Si
813 1075 925 1135 qua
952 1054 1134 1133 viguit
1156 1054 1216 1111 in
1243 1054 1505 1112 Ecclesiis
1526 1053 1969 1134 particularibus
1994 1058 2410 1131 controversia,

282 1142 408 1210 haec
455 1149 773 1209 nonnullos
827 1160 1061 1207 tantum
1109 1148 1287 1207 libros
1332 1150 1393 1207 in
1451 1151 1674 1231 specie,
1711 1153 2034 1233 praesertim
2082 1175 2224 1234 quos
2276 1152 2416 1212 deu‘

283 1248 743 1306 tero-canonicos
774 1266 1080 1321 vocamus,
1115 1267 1424 1327 nunquam
1456 1267 1594 1305 vero
1640 1269 1766 1306 rem
1794 1248 1978 1329 ipsam
2015 1249 2224 1308 affecit.
2269 1250 2418 1308 Hinc

285 1343 597 1425 Scripturas
637 1343 1031 1401 communiter
1065 1350 1330 1423 receptae'.
1361 1353 1644 1423 tanquam
1691 1342 1973 1421 divinitus
2016 1344 2313 1426 inspiratas
2354 1345 2417 1404 in

285 1438 534 1498 Ecclesia
572 1436 784 1496 habitae
822 1448 961 1494 sunt
998 1440 1164 1514 juxta
1211 1436 1475 1495 divinam
1519 1437 1936 1512 traditionemt,
1981 1439 2158 1520 idque
2195 1462 2316 1498 non
2347 1462 2419 1500 ex

285 1535 650 1617 antiquitatis
692 1532 999 1592 dumtaxat
1050 1533 1453 1616 monumentis
1476 1578 1490 1606 .,
1522 1534 1624 1592 sed
1657 1555 1730 1591 ex
1755 1555 1955 1592 earum
1989 1557 2097 1592 usu
2137 1534 2199 1592 in
2235 1535 2420 1614 magi—

289 1637 471 1692 sterio
529 1630 870 1715 quotidiano
919 1641 1094 1712 atque
1140 1652 1211 1689 ex
1256 1631 1395 1689 actis
1435 1630 1826 1689 Conciliorum
1861 1631 2161 1713 probatur.
2210 1633 2421 1693 Divina

285 1730 719 1813 Scripturarum
754 1727 1064 1786 auctoritas
1091 1725 1165 1785 ad
1195 1726 1369 1786 fidem
1401 1749 1634 1810 semper
1661 1729 1946 1809 spectavit
1966 1776 1982 1806 Ἰ
2020 1729 2167 1789 adeo
2203 1740 2272 1788 ut
2307 1753 2419 1789 no·-

285 1838 550 1900 vatoreS‚
585 1825 686 1907 qui
711 1822 1039 1882 identidem
1073 1824 1193 1881 ausi
1220 1836 1360 1887 sunt
1395 1824 1704 1884 Ecclesiam
1739 1825 1931 1907 aliquo
1966 1826 2243 1907 peculiari
2269 1826 2418 1886 libro

286 1922 580 2005 expoliare
606 1943 676 1980 ex
700 1920 765 1978 iis
790 1920 890 2002 qui
917 1920 1218 1978 communi
1246 1919 1465 1980 calculo
1495 1919 1931 2003 probabantur,
1957 1922 2112 1981 illico
2138 1934 2421 2004 tanquam

285 2019 539 2079 haeretici
571 2017 882 2100 proscripti
912 2015 1173 2090 fuerunt,
1202 2027 1268 2074 ut
1296 2028 1461 2098 patet
1491 2038 1561 2075 ex
1592 2018 1905 2091 GnosticiS,
1957 2018 2378 2077 Valentinianis
2397 2062 2419 2090 ,

287 2115 511 2196 Alogis,
539 2115 781 2196 aliisque
817 2111 1101 2191 ejusmodi
1138 2111 1398 2193 pestibus
1423 2112 1537 2193 (1).
1569 2113 1815 2191 Quodsi
1839 2112 2036 2173 fideles
2070 2134 2276 2174 omnes
2306 2114 2422 2175 fide

288 2211 489 2271 divina
517 2210 696 2269 libros
723 2208 851 2267 illos
879 2208 964 2265 uti
994 2208 1303 2266 canonicos
1322 2220 1382 2268 et
1407 2209 1718 2291 inspiratos
1749 2208 2158 2283 crediderunt,
2185 2211 2423 2271 nonnisi

289 2308 631 2367 auctoritate
652 2327 715 2365 ac
740 2297 1077 2364 testimonio
1098 2303 1362 2364 Ecclesiae
1379 2304 1535 2364 ducti
1562 2327 1690 2365 eam
1716 2304 1894 2364 fidem
1916 2305 2122 2365 iisdem
2145 2305 2423 2366 abhibue-

288 2415 449 2463 runt.
473 2404 845 2483 Quapropter
871 2404 1180 2479 nunquam
1208 2411 1273 2458 ut
1294 2400 1547 2482 simplex
1564 2400 1863 2483 quoddam
1901 2401 2293 2482 praeliminare
2322 2414 2423 2462 aut

288 2498 718 2584 praeambulum
768 2496 901 2557 fidei
923 2541 940 2571 3
989 2498 1050 2556 in
1113 2517 1283 2555 sensu
1318 2495 1786 2556 adversariorum
1815 2543 1831 2572 ,
1874 2498 2051 2579 primi
2107 2497 2421 2557 Christiani

288 2605 626 2678 spectarunt
662 2595 908 2654 Litteras
937 2614 1163 2666 sacras3
1209 2590 1312 2652 sed
1350 2613 1445 2652 eas
1480 2603 1765 2674 tanquam
1804 2591 2098 2669 objectum
2139 2592 2273 2652 fidei
2314 2592 2423 2653 ha-

361 2815 428 2878 (l)
467 2813 565 2864 cfr.
615 2814 930 2863 Tertullianus
978 2823 1076 2862 tum
1126 2815 1176 2860 in
1229 2811 1313 2861 lib.

290 2901 506 2947 Proescr.
542 2907 642 2945 tum
675 2896 892 2944 adversus
921 2894 1238 2943 Valentinian.
1274 2903 1317 2942 et

292 2982 512 3030 adversus
556 2979 884 3039 Marcionem3
932 2976 983 3026 S.
1028 2976 1317 3042 Epiphanius

292 3065 343 3110 in
377 3064 637 3127 respectivis
683 3060 969 3118 haeresibus3
1016 3058 1067 3108 S.
1114 3058 1317 3106 [renaeus

293 3148 460 3211 passim
482 3179 496 3204 ‚
537 3147 618 3210 qui
658 3162 757 3192 non
789 3144 939 3192 solum
970 3142 1194 3191 haereticis
1224 3143 1318 3190 illis

294 3227 575 3292 exprobrant
607 3229 902 3292 rejectionem
927 3226 1134 3290 plurium
1166 3224 1313 3273 libro-

295 3328 400 3359 rum
435 3309 739 3371 divinorum„
767 3326 927 3357 verum
961 3311 1099 3357 etiam
1132 3308 1320 3356 mutila-

299 3395 444 3441 tiones
464 3429 477 3451 ,
508 3393 850 3454 corruptiones,
873 3391 998 3457 quod
1031 3401 1076 3439 et
1101 3407 1186 3438 nos
1215 3408 1318 3455 pas-

298 3476 385 3523 sim
401 3472 830 3528 animadvertimus.
840 3471 930 3521 Sed
946 3473 1026 3538 qui
1046 3474 1170 3519 sitim
1185 3490 1317 3521 suam

298 3555 434 3621 plene
462 3556 589 3619 cupit
616 3550 800 3618 explere
821 3590 834 3612 ‚
868 3554 1001 3603 adeat
1034 3552 1219 3602 Sixtum
1239 3551 1319 3603 Se-

298 3654 489 3687 nensem
509 3670 526 3701 ‚
550 3639 601 3685 in
619 3634 921 3685 Bibliotheca
941 3643 1136 3698 sancta,
1156 3636 1243 3685 lib.
1266 3653 1320 3685 m

1398 2822 1441 2859 et
1481 2827 1578 2872 vu,
1615 2814 1666 2860 in
1711 2813 1882 2879 quibus
1916 2826 2210 2864 recensentur
2254 2818 2422 2882 singuli

1397 2896 1680 2960 antiquiores
1726 2895 1962 2954 haeretici,
2013 2900 2093 2963 qui
2139 2898 2285 2946 libros
2327 2901 2423 2947 sive

1396 2975 1578 3025 Veteris
1596 2979 1689 3025 sive
1702 2977 1819 3025 Novi
1830 2978 2111 3028 Testamenti
2126 2981 2273 3029 adorti
2288 2990 2419 3042 sunt3

1398 3062 1740 3126 comperietque
1768 3078 1821 3108 ex
1856 3062 2202 3126 parallelismo,
2237 3065 2314 3112 vix
2345 3081 2421 3111 re-

1397 3145 1623 3191 centiores
1658 3143 1888 3191 haereticos
1923 3147 2202 3209 excogitasse
2243 3145 2420 3210 aliquid

1397 3225 1487 3273 hoc
1529 3223 1586 3272 de
1629 3235 1934 3288 argumento,
1978 3225 2100 3291 qnod
2137 3228 2420 3291 antiquiores

1398 3325 1494 3356 non
1522 3310 1944 3372 praeoccupaverint
1975 3317 2114 3373 atque
2140 3307 2422 3356 effutierint·

1399 3390 1476 3439 Sic
1505 3392 1631 3438 enim
1667 3389 1755 3438 fert
1785 3393 1939 3438 nativa
1967 3389 2190 3438 haereseos
2219 3391 2415 3442 indoles.

1399 3473 1498 3523 cfr.
1533 3475 1673 3522 etiam
1708 3472 1975 3523 Bellarmin.
2016 3470 2088 3522 De
2119 3472 2257 3524 verbo
2295 3472 2415 3535 Dei,

1399 3556 1486 3606 lib.
1522 3571 1569 3617 ι,
1601 3573 1700 3622 cap.
1730 3552 1760 3604 5
1785 3566 1831 3605 et
1854 3553 1908 3607 6.
