2502 4134
248 47 371 106 224
839 65 1043 103 rmor-
1091 67 1162 102 nn
1206 66 1358 104 zocls
1399 69 1785 107 mmmmm&

245 225 454 296 genter
486 214 802 290 inspicite,
851 230 983 286 quoe
1029 218 1176 267 sunt
1217 213 1466 270 oracula
1510 213 1782 292 Spiritus
1827 217 2104 275 Sancti...
2151 218 2385 276 Sumite

255 311 558 389 epistolam
582 307 656 365 B.
682 305 873 365 Pauli
893 305 1221 383 Apostoli...
1244 304 1315 365 Ν
1311 309 1475 382 ostiS,
1495 308 1725 386 dilecti,
1751 322 1805 369 et
1824 311 1963 370 bene
1982 316 2166 371 nostis
2181 328 2386 383 sacras

253 407 633 483 Scriptura&
654 412 708 460 et
719 406 969 481 penitus
991 406 1059 458 in
1083 401 1299 459 divina
1323 403 1553 481 eloquia
1575 407 2043 485 introspexistis;
2062 410 2167 466 illa
2191 411 2386 488 iyitur

256 510 447 560 mente
472 509 527 556 et
551 500 842 556 memo-ria
868 500 1096 554 recolite
1121 494 1232 574 (l).
1256 496 1426 569 Quod
1452 509 1648 558 autem
1671 500 1945 560 Clemens
1969 504 1995 561 I
2018 503 2390 562 commenda·

258 596 377 670 vit,
409 593 748 675 proscripsit
773 590 1044 651 Clemens
1079 592 1177 650 XI.
1209 591 1313 650 Hic
1343 596 1468 670 jam
1498 595 1784 675 quaeritur
1804 641 1820 669 .
1846 597 1959 655 utri
1985 598 2127 658 fides
2151 599 2388 680 adjungi

256 688 507 750 debeat?
541 688 610 748 7ο
649 687 842 747 illusio
867 709 1042 769 porro
1067 698 1155 746 est
1187 685 1296 745 sibi
1325 689 1677 768 persuadere
1698 734 1714 764 7
1741 691 1898 771 quod
1921 694 2125 753 notitia
2158 709 2387 777 myste-

254 788 477 847 riorum
520 784 808 865 religionis
848 806 971 842 non
1012 782 1223 842 debeat
1262 786 1679 844 communicari
1709 785 1965 846 foeminis
2011 787 2260 850 lectione
2293 814 2386 852 sa-

254 905 489 943 crorum
506 879 834 941 Librorum.
863 881 993 938 Non
1013 901 1082 938 ex
1099 879 1476 939 foeminarum
1500 880 1871 963 simplicitate
1887 927 1903 957 ,
1929 882 2030 942 sed
2049 904 2120 943 ex
2138 879 2390 967 superba

254 979 516 1040 virorum
544 976 782 1036 scientia
805 986 966 1034 ortus
991 986 1079 1034 est
1095 975 1527 1057 Scripturarum
1547 976 1760 1037 abusus
1779 1023 1794 1052 .,
1819 989 2120 1062 enataeque
2145 980 2387 1045 haereses

255 1085 396 1134 sunt
419 1075 528 1155 (2).
560 1075 723 1151 Ergo·

340 1170 477 1229 326.
526 1171 697 1251 Resp.
732 1168 819 1227 Ad
846 1169 948 1242 lm,
974 1168 1136 1227 Dist.
1172 1167 1231 1225 Si
1252 1166 1373 1226 haec
1401 1165 1638 1227 libertas
1672 1168 1936 1229 absoluta
1960 1170 2034 1230 sit
2060 1193 2125 1231 ac
2158 1193 2392 1254 prorsus

255 1265 663 1350 independens
686 1311 701 1341 ,
732 1287 928 1332 conc.,·
958 1266 1003 1323 si
1045 1264 1306 1323 Ecclesiae
1335 1265 1664 1323 auctoritati
1690 1267 1763 1323 sit
1794 1266 2047 1345 subjecta
2082 1289 2146 1327 ac
2184 1267 2393 1327 subor-

257 1365 490 1439 dinata.,
534 1385 666 1444 neq.
717 1364 852 1421 Jam
892 1383 1063 1436 vem.
1113 1372 1178 1419 ut
1223 1360 1562 1420 omittamus
1586 1407 1601 1435 ,
1643 1361 1950 1421 Ecclesiam
1989 1384 2091 1423 seu
2129 1363 2392 1424 Ecclesiae

258 1473 521 1548 pastores
559 1471 617 1519 et
654 1457 928 1518 Praelatos
965 1455 1332 1515 immediatos
1366 1457 1512 1515 sacri
1543 1458 1973 1538 Scripturarum
1999 1459 2244 1541 depositi
2272 1481 2395 1518 cus-

257 1559 423 1619 todes
441 1581 472 1618 a
492 1557 719 1616 Christo
736 1557 1034 1615 institutos
1056 1575 1180 1613 esse
1196 1600 1211 1629 7
1232 1576 1352 1612 non
1374 1566 1571 1614 autem
1596 1556 1794 1615 fideles
1817 1577 2077 1616 seorsum
2101 1568 2390 1638 sumptOS,

257 1655 520 1715 fidelium
547 1653 792 1712 libertas
821 1649 1073 1710 cohibita
1102 1662 1192 1709 est
1209 1670 1280 1708 ex
1310 1649 1522 1708 Christi
1552 1651 1918 1710 institutione
1952 1651 2026 1710 ab
2050 1653 2392 1713 auctoritate

258 1749 555 1823 Ecclesiae7
595 1769 725 1830 quae
762 1759 1041 1828 tanquam
1075 1743 1320 1827 provida
1351 1755 1537 1804 mater
1564 1767 1629 1804 ac
1655 1747 1840 1805 tutrix
1867 1746 2051 1806 fidelis
2081 1746 2393 1809 decernere

258 1846 470 1915 debet.
519 1844 801 1927 quidnam
845 1842 1221 1902 commodum
1272 1852 1373 1900 aut
1414 1842 1890 1917 incommodum,
1937 1844 2250 1905 utilitatem
2292 1857 2394 1905 aut

259 1943 685 2004 detrimentum
716 1940 845 1998 filiis
878 1940 993 1998 suis
1024 1939 1099 1997 sit
1135 1937 1467 1998 allaturum.
1506 1938 1781 1997 Filiorum
1817 1961 1992 2020 porro
2022 1938 2172 1999 bene
2199 1962 2395 1999 mora-

259 2052 454 2099 torum
488 2049 574 2097 est
604 2037 807 2096 matris
837 2034 1245 2115 obtemperare
1278 2034 1597 2115 praeeeptiS.
1632 2035 1780 2093 Cum
1813 2047 2010 2094 autem
2037 2036 2396 2117 experientia

260 2134 528 2195 didicerit
563 2132 809 2192 Ecclesia
832 2176 847 2203 .
885 2131 1009 2190 sive
1056 2151 1126 2188 ex
1171 2140 1506 2210 temporum
1542 2127 1870 2190 calamitate
1899 2176 1914 2204 .,
1950 2131 2071 2191 sive
2108 2152 2178 2190 ex
2214 2153 2397 2212 prava

260 2231 514 2291 filiorum
545 2229 727 2287 animi
756 2226 1166 2306 dispositione.
1195 2223 1518 2306 periculum
1553 2223 1820 2284 fidelibus
1846 2226 2115 2306 ingruere
2146 2247 2220 2286 ex
2254 2249 2397 2308 pro-

261 2328 479 2388 miscua
514 2326 575 2383 in
617 2323 837 2403 vulgari
876 2321 1072 2403 lingua
1114 2320 1431 2378 Bibliorum
1468 2319 1714 2380 lectione
1736 2367 1751 2395 ,
1793 2320 2072 2403 quamdiu
2101 2321 2247 2381 illud
2282 2323 2397 2382 im-

262 2423 487 2483 minere
531 2421 721 2482 visum
746 2430 830 2478 est
854 2464 869 2492 a
900 2415 1296 2477 inconsultam
1331 2414 1494 2474 illam
1526 2415 1859 2476 libertatem
1889 2419 2240 2491 coarctavit3
2278 2440 2397 2477 sus-

263 2519 548 2600 tulitque,
593 2525 853 2576 cessante
895 2511 1186 2595 pericuIO,
1235 2510 1388 2570 hanc
1432 2511 1620 2593 ipsam
1658 2513 2126 2571 coarctationem.
2171 2514 2237 2571 In
2281 2535 2397 2594 quo

264 2616 474 2675 miram
518 2611 781 2691 ejusdem
827 2609 936 2692 piae
981 2607 1181 2666 matris
1232 2606 1558 2667 bonitatem
1596 2628 1660 2666 ac
1696 2606 2069 2688 prudentiam
2106 2608 2234 2690 quis
2275 2631 2397 2667 non

264 2711 540 2794 suspiciat
571 2707 707 2791 (3)?

336 2939 403 3003 (l)
439 2939 705 2987 Ἐικυπ-τετε
746 2937 803 2987 εἰς
829 2929 917 2985 vois
959 2926 1176 2996 γραφεὶς,
1213 2925 1296 2981 τοὶς
1451 2926 1516 2991 (2)
1556 2926 1622 2975 lta
1649 2925 1823 2991 Quesn.
1855 2944 1985 2991 prop.
2015 2925 2100 2976 83.

269 3020 448 3075 εἰληθεὶς
479 3019 628 3087 ῥέα-εις
658 3016 921 3080 Πιεόμοιτος
961 3018 1042 3063 τοῦ
1079 3010 1295 3071 dadam...
1452 3009 1522 3074 (3)
1559 3009 1655 3056 Cfr.
1677 3012 1853 3073 egregia
1881 3010 2061 3058 dissert.
2089 3007 2282 3073 Spiritus
2301 3009 2396 3058 Ro-

266 3101 545 3152 ’Anoezdcere
575 3099 651 3158 τὼ
686 3095 925 3155 {orta-narb
955 3101 1036 3147 τοῦ
1074 3092 1295 3160 μακαρίου
1383 3094 1491 3153 teri,
1517 3089 1863 3139 ord.P1-·aed.l)e
1877 3106 1975 3138 non
1990 3090 2213 3137 vertenda
2227 3089 2399 3158 Scrip-

270 3184 451 3235 Ποιῦλου
498 3191 577 3234 τοῦ
603 3182 995 3233 Ἀποστᾶλοωημ
1022 3180 1292 3226 'emmae-oe
1382 3185 1494 3223 tura
1522 3189 1660 3220 Sacra
1689 3176 1743 3218 in
1770 3171 2010 3237 vaeelqarem
2037 3171 2281 3235 linquam,
2311 3174 2401 3222 To-

269 3264 393 3334 γοέρ,
441 3263 518 3315 καὶ
568 3272 719 3318 aaa&
766 3268 1008 3315 ἕπισ-τιισθε
1047 3258 1135 3313 τοὶς
1178 3257 1297 3326 ispi,-
1384 3258 1487 3306 losae
1519 3253 1675 3318 1548,
1705 3272 1807 3320 cap.
1839 3272 1883 3301 xi
1904 3291 1917 3314 ‚
1955 3272 2054 3319 pag.
2091 3252 2153 3302 53
2185 3266 2229 3303 et
2264 3273 2396 3322 seqq.

271 3345 458 3417 γραφεὶς
477 3388 495 3408 ,
524 3344 760 3407 dynam-ro}
778 3386 789 3406 ‚
814 3344 892 3395 καὶ
926 3339 1209 3405 ἔγκεκῦφοιτε
1239 3344 1298 3393 εἷς
1386 3357 1485 3406 quae
1514 3341 1680 3386 iterum
1716 3354 1823 3385 cusa
1843 3338 1976 3385 estin
1998 3335 2282 3386 Colleceione
2315 3355 2402 3386 au·

273 3431 339 3485 roi
377 3432 521 3493 λέγω
557 3437 634 3481 τοῦ
675 3436 806 3480 Θεοῦ.
843 3434 903 3483 εἷς
943 3425 1185 3491 &ripam-n
1236 3421 1299 3474 οἷν
1384 3429 1566 3470 ntorum
1627 3420 1893 3483 Scriptura?
1970 3435 2119 3468 sacroe
2186 3419 2405 3486 vulqares

273 3523 421 3581 κᾷτα
438 3512 1167 3579 λα’βετεΕρὶεῑ.ιεᾶῦοτ.εερρ.
1191 3526 1296 3570 nv,
1383 3499 1715 3551 translationes
1758 3500 2133 3564 damnantium,
2187 3520 2238 3552 ac
2279 3519 2406 3569 repe-

276 3618 393 3651 xtvu
416 3638 428 3661 ,
464 3614 558 3647 nu.
1381 3588 1495 3636 ritui·
1520 3602 1623 3651 pag.
1666 3584 1775 3633 123.
