2502 4134
407 158 564 195 mm.
608 158 662 195 11.
711 158 834 212 041³.
881 158 945 195 11.
995 158 1060 194 1)ss
1104 157 1283 198 mvm.
1328 157 1459 193 cm.
1510 156 1650 194 mnu.
1700 156 1904 193 msrm.
2132 133 2208 191 77

106 310 530 382 arqumentum
566 301 824 359 continet
861 301 1071 380 multis
1105 302 1174 358 in
1214 301 1354 358 locis
1393 300 1676 378 ambique
1714 309 1770 356 et
1801 284 2216 357 obscurissime

104 416 473 475 expressum,
509 406 620 453 aut
659 399 939 473 temporis
984 416 1257 454 successu
1299 394 1695 452 emendatum*
1726 404 1837 451 aut
1876 395 2217 452 etiamnum

104 491 568 559 emendandum,
605 499 659 546 et
684 490 844 567 quod
871 493 1112 548 omnino
1147 495 1235 547 ita
1268 498 1686 566 comparatum
1713 499 1819 556 est,
1848 498 1917 545 ut
1951 489 2217 544 inventio

103 590 230 662 ejus
262 606 290 642 e
315 587 541 644 virium
572 594 628 643 et
656 585 1091 663 praesidiorum
1121 585 1504 649 naturalium
1530 603 1646 639 usu
1677 586 1894 660 opti-me
1916 584 2221 660 eci-plicari

102 691 298 760 queat.
339 681 611 747 Accedit,
648 680 808 758 quod
829 701 981 758 pars
1019 681 1231 758 aliqua
1260 679 1583 737 Librorum
1618 697 1932 734 sacrorum
1972 697 2090 735 non
2132 678 2212 734 ab

104 778 256 840 illis,
284 797 542 854 quorum
582 782 834 833 nomina
851 785 986 853 prce
1009 797 1065 832 se
1082 767 1327 853 ferunt.
1365 773 1750 839 auctoribus,
1783 771 1887 831 sed
1919 772 1995 828 ab
2026 775 2218 830 inter-

93 873 372 952 pretibus
399 881 454 928 et
477 871 951 928 amanuensibus
975 870 1091 949 (l),
1116 871 1186 927 de
1213 890 1471 948 quorum
1504 869 1919 948 *inspiratione
1952 867 2046 923 nil
2078 887 2218 925 oon-

104 978 263 1036 stat,·‘
285 969 498 1024 litteris
541 969 884 1043 consignata
921 975 1020 1022 est.
1073 963 1140 1021 5⁰
1182 965 1519 1031 Proeterea,
1560 968 1620 1021 si
1651 962 1903 1022 Numen
1936 961 2215 1020 divinum

94 1083 214 1141 pro
239 1065 534 1140 sapientia
555 1070 610 1116 et
635 1060 896 1116 bonitate
929 1058 1046 1116 sua
1062 1108 1064 1110 ,
1082 1059 1547 1134 inspirationem
1583 1058 1755 1114 illam
1783 1058 2215 1115 miraculosam

102 1157 431 1215 Librorum
465 1172 779 1212 sacrorum
816 1159 944 1209 vere
979 1154 1383 1208 necessariam
1419 1151 1714 1219 duoeisset,
1742 1153 2009 1209 eamdem
2038 1162 2094 1209 et
2118 1156 2214 1209 in-

105 1233 461 1327 terpretibus
511 1247 826 1325 quibusvis
873 1249 1065 1303 omnis
1116 1248 1398 1323 temporis
1455 1247 1762 1303 concedere
1817 1247 2097 1315 debebat,
2149 1257 2219 1304 ut

104 1345 569 1421 Scripturarum
603 1362 842 1409 sensus,
873 1341 1047 1398 haud
1072 1361 1212 1398 raro
1240 1344 1488 1398 inventu
1524 1333 1814 1418 difficilis,
1856 1347 2029 1400 omni
2051 1352 2216 1400 oetate

103 1448 158 1495 et
183 1441 251 1495 in
296 1440 465 1494 omni
490 1437 717 1515 populo
761 1446 910 1494 recte
958 1440 1223 1515 cognosci
1257 1446 1468 1514 posset.
1515 1436 1581 1493 6⁰
1623 1436 2002 1515 Argumenta
2028 1458 2215 1517 porro

91 1535 283 1612 petita
321 1541 466 1589 sunt
503 1552 531 1588 e
568 1532 828 1611 sinqulis
863 1536 1230 1608 scriptorum
1277 1551 1592 1589 sacrorum
1614 1532 1829 1610 effatis
1843 1575 1864 1603 ,
1905 1534 2128 1611 quibus
2164 1538 2222 1591 ii

100 1629 190 1685 vel
209 1648 461 1686 suarum
497 1628 732 1704 inqenii
761 1629 1087 1704 mentisque
1124 1629 1355 1684 virium
1392 1647 1573 1684 usum
1608 1628 1729 1684 sibi
1757 1629 2076 1702 vindicant
2096 1628 2214 1709 (2),-

97 1724 188 1780 vel
215 1724 494 1780 divinum
531 1723 710 1779 illum
744 1724 1131 1791 instinctum,
1167 1742 1282 1800 quo
1324 1727 1587 1800 correpti
1622 1724 1745 1781 sibi
1780 1745 1894 1782 esse
1927 1725 2212 1783 videban-

99 1828 240 1888 tur,
280 1819 382 1875 sed
413 1839 587 1896 quem
625 1838 934 1895 nusquam
967 1819 1187 1875 certius
1213 1818 1648 1895 definiverunt,
1681 1819 1767 1876 ad
1790 1819 1935 1876 solos
1960 1820 2214 1898 propbe-

100 1918 238 1974 ticos
258 1936 582 1984 sermones,
605 1917 861 1974 minime
893 1935 1023 1972 vero
1049 1915 1131 1972 ad
1157 1919 1385 1993 scripta
1414 1936 1528 1972 sua
1552 1917 1767 1973 diserte
1795 1900 2073 1993 referunt
2100 1915 2213 1995 (3),·

99 2011 188 2068 vel
227 2013 382 2089 ipsos
414 2013 641 2089 spiritu
680 2010 886 2067 divino
920 2021 1075 2068 actos
1109 2010 1421 2089 diliqenter
1461 2011 1894 2069 examinandos
1940 2031 2057 2069 esse
2100 2011 2210 2070 do-
2246 2039 2252 2044 ¹

98 2117 229 2163 cent
259 2106 368 2184 (4).
412 2105 480 2164 70
514 2106 685 2165 Addi
707 2116 965 2184 possunt
1000 2127 1068 2164 ea
1102 2106 1440 2184 Scripturoe
1462 2127 1648 2164 sacroe
1674 2107 1866 2176 dicta,
1892 2128 1964 2165 ea·
1988 2107 2214 2186 quibus

21 2208 26 2212 ”
101 2199 398 2277 Apostolos
431 2222 746 2280 eorumque
787 2206 993 2269 socios,
1040 2204 1274 2259 etiamsi
1306 2187 1575 2278 Spiritus
1611 2203 1672 2259 S.
1715 2202 1951 2260 dotibus
1988 2203 2216 2260 imbuti

94 2296 365 2371 fuerint,
394 2298 609 2352 sensim
636 2297 1106 2373 pedetentimque
1137 2297 1223 2353 ad
1239 2299 1654 2374 perfectiorem
1679 2298 1984 2376 reliyionz‘s
2018 2302 2212 2356 scien-

102 2392 250 2448 tiam
283 2401 584 2467 proveotos
617 2391 732 2469 (5),
768 2411 874 2448 nec
922 2411 1113 2448 omnes
1160 2378 1468 2467 opiniones
1489 2394 1934 2470 proejudicatas
1968 2396 2210 2470 penitus

100 2487 328 2542 exuisse
363 2495 618 2563 apparet
653 2485 773 2566 (6),
817 2494 1061 2543 testante
1095 2487 1222 2562 ipso
1265 2486 1458 2543 Paulo
1503 2486 1708 2564 Apost.
1725 2532 1742 2554 ,
1789 2508 1847 2544 se
1893 2498 2216 2566 ceterosque

102 2579 459 2637 christianos
493 2582 844 2658 imperfecta
885 2581 1187 2658 religionis
1230 2581 1558 2658 coqnitione
1590 2581 1851 2640 imbutos
1884 2584 2074 2659 fuisse
2102 2581 2213 2662 (7).

105 2672 170 2730 8⁰
196 2673 324 2732 Nec
364 2677 569 2732 minus
604 2675 858 2752 denique
898 2684 1256 2753 arqumenta
1303 2674 1479 2751 affert
1510 2675 1792 2745 historia,
1836 2687 1966 2734 tum
1996 2679 2218 2756 populi

104 2772 388 2847 cujusque
422 2770 795 2837 incultioris,
836 2770 1228 2848 opinionibus
1266 2770 1336 2827 de
1369 2770 1624 2848 efficacia
1665 2771 1962 2831 Numinis
2000 2775 2213 2831 imme-

169 2987 238 3050 (l)
274 2987 410 3036 Rom.
450 3004 524 3035 xv¹
546 3023 559 3046 ,
604 3002 702 3050 223
745 2985 854 3034 Col.
890 2998 967 3045 ιν,
1019 2983 1114 3048 18;
1268 2986 1339 3050 (h)
1370 2987 1547 3037 lJoan.
1571 3004 1619 3035 lv
1639 3025 1652 3048 ‚
1686 3005 1702 3036 1
1729 3025 1744 3049 ,
1768 2990 1886 3039 coll.
1916 2989 2028 3042 Gal.
2053 3010 2120 3053 11,
2148 2990 2213 3059 ὃς

106 3083 142 3114 11
166 3067 326 3117 Thess.
353 3085 404 3115 ιιι
422 3105 435 3126 ,
473 3083 551 3132 17.
1067 3126 1069 3128 ¹
1196 3083 1212 3115 1
1239 3067 1343 3117 Cor.
1370 3072 1397 3117 x
1415 3107 1429 3130 ‚
1472 3068 1530 3119 15
1549 3107 1562 3128 ,
1592 3087 1667 3118 xtv
1685 3106 1699 3128 ‚
1736 3085 1820 3138 29.
2075 3078 2078 3081 ’

174 3149 237 3214 (2)
274 3150 416 3199 Dent.
454 3169 540 3199 xxx
559 3183 575 3209 ‚
625 3147 814 3213 11-143
855 3149 991 3199 Prov.
1033 3168 1078 3198 lv
1098 3188 1109 3209 ,
1265 3149 1331 3214 (5)
1368 3151 1471 3199 Act.
1502 3170 1560 3214 x,
1587 3167 1643 3199 ιο
1661 3162 1704 3200 et
1720 3170 1848 3219 seqq.
1866 3170 1952 3215 xv,
1977 3171 1994 3203 1
2018 3166 2062 3205 et
2080 3174 2211 3224 seqq.

110 3227 140 3276 3
164 3240 208 3278 et
234 3248 360 3298 seqq.
383 3231 499 3280 Luc.
531 3249 574 3292 1,
609 3231 670 3292 ὃς
692 3250 708 3279 1
734 3230 841 3280 Cor.
863 3247 961 3290 vn,
996 3247 1052 3278 10
1070 3241 1114 3279 et
1194 3249 1298 3293 nt,
1346 3230 1403 3280 15
1436 3242 1480 3281 et
1511 3249 1639 3298 seqq.
1676 3250 1692 3280 1
1718 3233 1840 3282 Tim.
1881 3252 1957 3294 w,
2000 3235 2088 3299 14,
2131 3235 2212 3287 16.

112 3321 239 3375 seqq.
262 3311 416 3362 collat.
447 3311 507 3361 25
529 3350 542 3372 ‚
578 3311 675 3376 263
703 3331 739 3361 11
768 3313 876 3362 Cor.
907 3330 958 3361 ιιι
979 3350 992 3372 ,
1031 3329 1107 3379 ¹7·
1195 3312 1316 3363 Add.
1350 3315 1468 3363 Luc.
1501 3331 1610 3362 xxlv
1635 3353 1648 3375 ‚
1685 3314 1779 3379 253
1813 3316 1949 3367 Joan.
1978 3336 2085 3379 xu,
2131 3335 2212 3368 12.

179 3387 241 3452 (3)
274 3391 506 3455 Numal,
533 3391 599 3442 26
625 3405 670 3444 et
697 3413 826 3462 seqq.
860 3412 877 3442 1
906 3395 1108 3452 Sam.x,
1262 3395 1325 3458 (6)
1361 3413 1379 3443 1
1413 3395 1518 3444 Cor.
1557 3414 1616 3456 v,
1661 3394 1726 3455 5,
1769 3414 1853 3458 νι,
1895 3398 1958 3459 3,
1990 3415 2068 3462 xl,
2107 3401 2209 3458 30,

121 3484 178 3516 10
202 3480 246 3517 0¹
267 3487 396 3539 seqq.
423 3474 593 3526 Jerem.
618 3493 664 3540 1,
692 3492 751 3543 93
772 3494 788 3526 1
806 3476 966 3528 Comi
984 3514 997 3539 ,
1023 3476 1111 3539 133
1195 3494 1278 3538 xv,
1297 3492 1494 3544 ²²2²93
1513 3476 2101 3542 Jacob.v,8;1Thes.1v,
2129 3478 2208 3541 15,

111 3564 148 3597 11
173 3549 293 3600 Petr.
325 3569 372 3614 1,
399 3569 483 3605 αι.
1196 3558 1348 3608 collat.
1379 3576 1395 3606 1
1423 3558 1530 3607 Cor.
1563 3576 1636 3617 n,
1670 3557 1727 3608 51
1756 3597 1771 3619 ‚
1801 3571 1847 3610 et
1876 3560 2003 3611 alibi.

1267 3638 1332 3703 (7)
1373 3657 1388 3687 ι
1419 3639 1528 3691 Cor.
1559 3657 1666 3702 nn,
1701 3656 1845 3707 9-12.
