<?xml version="1.0" encoding="UTF-8"?>
<!DOCTYPE html PUBLIC "-//W3C//DTD XHTML 1.0 Transitional//EN"
    "http://www.w3.org/TR/xhtml1/DTD/xhtml1-transitional.dtd">
<html xmlns="http://www.w3.org/1999/xhtml" xml:lang="en" lang="en">
 <head>
  <title>
</title>
<meta http-equiv="Content-Type" content="text/html;charset=utf-8" />
  <meta name='ocr-system' content='tesseract 3.04.00' />
  <meta name='ocr-capabilities' content='ocr_page ocr_carea ocr_par ocr_line ocrx_word'/>
</head>
<body>
  <div class='ocr_page' id='page_1' title='image "a603693809perruoft_0447.png"; bbox 0 0 2502 4134; ppageno 0'>
   <div class='ocr_carea' id='block_1_1' title="bbox 2086 136 2204 198">
    <p class='ocr_par' dir='ltr' id='par_1_1' title="bbox 2086 136 2204 198">
     <span class='ocr_line' id='line_1_1' title="bbox 2086 136 2204 198; baseline 0.017 -2"><span class='ocrx_word' id='word_1_1' title='bbox 2086 136 2204 198; x_wconf 78' lang='lat'>439</span> 
     </span>
    </p>
   </div>
   <div class='ocr_carea' id='block_1_2' title="bbox 340 159 1955 379">
    <p class='ocr_par' dir='ltr' id='par_1_2' title="bbox 340 159 1955 379">
     <span class='ocr_line' id='line_1_2' title="bbox 340 159 1955 199; baseline -0.002 0"><span class='ocrx_word' id='word_1_2' title='bbox 340 162 502 199; x_wconf 71' lang='lat' dir='ltr'>mar.</span> <span class='ocrx_word' id='word_1_3' title='bbox 538 162 626 199; x_wconf 92' lang='grc' dir='ltr'><strong>ιιι.</strong></span> <span class='ocrx_word' id='word_1_4' title='bbox 669 159 816 198; x_wconf 75' lang='lat' dir='ltr'>ssc‘r.</span> <span class='ocrx_word' id='word_1_5' title='bbox 861 163 904 198; x_wconf 89' lang='lat'>1.</span> <span class='ocrx_word' id='word_1_6' title='bbox 954 161 1076 199; x_wconf 63' lang='lat' dir='ltr'>car.</span> <span class='ocrx_word' id='word_1_7' title='bbox 1119 162 1157 197; x_wconf 88' lang='lat'>1.</span> <span class='ocrx_word' id='word_1_8' title='bbox 1195 162 1262 197; x_wconf 74' lang='lat' dir='ltr'>nn</span> <span class='ocrx_word' id='word_1_9' title='bbox 1292 159 1430 197; x_wconf 71' lang='lat' dir='ltr'>nu..</span> <span class='ocrx_word' id='word_1_10' title='bbox 1467 160 1574 196; x_wconf 66' lang='lat' dir='ltr'>Am·</span> <span class='ocrx_word' id='word_1_11' title='bbox 1618 161 1725 199; x_wconf 76' lang='lat' dir='ltr'>mn.</span> <span class='ocrx_word' id='word_1_12' title='bbox 1772 160 1955 197; x_wconf 62' lang='lat' dir='ltr'>senor.</span> 
     </span>
     <span class='ocr_line' id='line_1_3' title="bbox 471 298 1763 379; baseline -0.004 -16"><span class='ocrx_word' id='word_1_13' title='bbox 471 301 604 363; x_wconf 75' lang='lat'>‚111.</span> <span class='ocrx_word' id='word_1_14' title='bbox 655 302 742 360; x_wconf 87' lang='lat' dir='ltr'>De</span> <span class='ocrx_word' id='word_1_15' title='bbox 786 302 1304 360; x_wconf 75' lang='lat' dir='ltr'>Hermesz‘anismo</span> <span class='ocrx_word' id='word_1_16' title='bbox 1339 298 1763 379; x_wconf 57' lang='lat' dir='ltr'>philosophica</span> 
     </span>
    </p>
   </div>
   <div class='ocr_carea' id='block_1_3' title="bbox 76 463 2212 1783">
    <p class='ocr_par' dir='ltr' id='par_1_3' title="bbox 76 463 2212 1783">
     <span class='ocr_line' id='line_1_4' title="bbox 173 463 2207 548; baseline -0 -24"><span class='ocrx_word' id='word_1_17' title='bbox 173 466 309 524; x_wconf 63' lang='lat'>152,</span> <span class='ocrx_word' id='word_1_18' title='bbox 359 466 543 524; x_wconf 90' lang='lat' dir='ltr'>Nimis</span> <span class='ocrx_word' id='word_1_19' title='bbox 573 471 706 544; x_wconf 64' lang='lat' dir='ltr'>jam&gt;</span> <span class='ocrx_word' id='word_1_20' title='bbox 736 477 1035 548; x_wconf 82' lang='lat' dir='ltr'>comperta</span> <span class='ocrx_word' id='word_1_21' title='bbox 1070 477 1157 526; x_wconf 87' lang='lat' dir='ltr'>est</span> <span class='ocrx_word' id='word_1_22' title='bbox 1195 465 1466 524; x_wconf 86' lang='lat' dir='ltr'>historica</span> <span class='ocrx_word' id='word_1_23' title='bbox 1507 465 1732 544; x_wconf 78' lang='lat' dir='ltr'><strong>genesis</strong></span> <span class='ocrx_word' id='word_1_24' title='bbox 1767 464 1918 523; x_wconf 90' lang='lat' dir='ltr'>illius</span> <span class='ocrx_word' id='word_1_25' title='bbox 1953 463 2207 547; x_wconf 89' lang='lat' dir='ltr'>philoso-</span> 
     </span>
     <span class='ocr_line' id='line_1_5' title="bbox 86 558 2205 643; baseline 0 -25"><span class='ocrx_word' id='word_1_26' title='bbox 86 561 266 643; x_wconf 85' lang='lat' dir='ltr'>phicae</span> <span class='ocrx_word' id='word_1_27' title='bbox 294 560 570 620; x_wconf 86' lang='lat' dir='ltr'>doctrinae</span> <span class='ocrx_word' id='word_1_28' title='bbox 593 606 608 635; x_wconf 71' lang='grc'><em>,</em></span> <span class='ocrx_word' id='word_1_29' title='bbox 654 583 829 643; x_wconf 86' lang='lat' dir='ltr'>quam</span> <span class='ocrx_word' id='word_1_30' title='bbox 865 560 1140 640; x_wconf 81' lang='lat' dir='ltr'>Georgius</span> <span class='ocrx_word' id='word_1_31' title='bbox 1178 559 1514 619; x_wconf 91' lang='lat' dir='ltr'>Hermesius</span> <span class='ocrx_word' id='word_1_32' title='bbox 1550 559 1708 618; x_wconf 91' lang='lat' dir='ltr'>haud</span> <span class='ocrx_word' id='word_1_33' title='bbox 1747 558 1947 619; x_wconf 89' lang='lat' dir='ltr'>multis</span> <span class='ocrx_word' id='word_1_34' title='bbox 1991 558 2205 618; x_wconf 84' lang='lat' dir='ltr'>abhinc</span> 
     </span>
     <span class='ocr_line' id='line_1_6' title="bbox 84 655 2196 739; baseline -0 -23"><span class='ocrx_word' id='word_1_35' title='bbox 84 658 252 716; x_wconf 88' lang='lat' dir='ltr'>annis</span> <span class='ocrx_word' id='word_1_36' title='bbox 301 658 523 718; x_wconf 83' lang='lat' dir='ltr'>invexit</span> <span class='ocrx_word' id='word_1_37' title='bbox 568 659 675 739; x_wconf 87' lang='lat' dir='ltr'>(l.)</span> <span class='ocrx_word' id='word_1_38' title='bbox 717 659 1050 719; x_wconf 88' lang='lat' dir='ltr'>Hermesius</span> <span class='ocrx_word' id='word_1_39' title='bbox 1093 656 1252 715; x_wconf 91' lang='lat' dir='ltr'>enim</span> <span class='ocrx_word' id='word_1_40' title='bbox 1292 657 1659 737; x_wconf 81' lang='lat' dir='ltr'>superiorum</span> <span class='ocrx_word' id='word_1_41' title='bbox 1708 655 2196 738; x_wconf 88' lang='lat' dir='ltr'>philosophorum</span> 
     </span>
     <span class='ocr_line' id='line_1_7' title="bbox 82 750 2208 834; baseline -0 -23"><span class='ocrx_word' id='word_1_42' title='bbox 82 774 148 811; x_wconf 92' lang='lat' dir='ltr'>ac</span> <span class='ocrx_word' id='word_1_43' title='bbox 182 752 582 831; x_wconf 71' lang='lat' dir='ltr'>theologorum</span> <span class='ocrx_word' id='word_1_44' title='bbox 621 753 921 812; x_wconf 87' lang='lat' dir='ltr'>scientiam</span> <span class='ocrx_word' id='word_1_45' title='bbox 949 751 1116 834; x_wconf 91' lang='lat' dir='ltr'>pauci</span> <span class='ocrx_word' id='word_1_46' title='bbox 1164 763 1264 810; x_wconf 90' lang='lat' dir='ltr'>aut</span> <span class='ocrx_word' id='word_1_47' title='bbox 1302 750 1474 809; x_wconf 91' lang='lat' dir='ltr'>nihili</span> <span class='ocrx_word' id='word_1_48' title='bbox 1511 750 1757 825; x_wconf 80' lang='lat' dir='ltr'>facienS,</span> <span class='ocrx_word' id='word_1_49' title='bbox 1799 772 1932 810; x_wconf 91' lang='lat' dir='ltr'>cum</span> <span class='ocrx_word' id='word_1_50' title='bbox 1973 750 2208 810; x_wconf 91' lang='lat' dir='ltr'>theolo-</span> 
     </span>
     <span class='ocr_line' id='line_1_8' title="bbox 83 845 2207 929; baseline 0 -23"><span class='ocrx_word' id='word_1_51' title='bbox 83 849 235 927; x_wconf 83' lang='lat' dir='ltr'>giam</span> <span class='ocrx_word' id='word_1_52' title='bbox 286 869 525 907; x_wconf 87' lang='lat' dir='ltr'>omnem</span> <span class='ocrx_word' id='word_1_53' title='bbox 563 848 625 920; x_wconf 90' lang='lat' dir='ltr'>in</span> <span class='ocrx_word' id='word_1_54' title='bbox 672 847 928 908; x_wconf 87' lang='lat' dir='ltr'>tenebris</span> <span class='ocrx_word' id='word_1_55' title='bbox 962 852 1155 926; x_wconf 88' lang='lat' dir='ltr'>jacere</span> <span class='ocrx_word' id='word_1_56' title='bbox 1208 854 1440 929; x_wconf 86' lang='lat' dir='ltr'>putaret</span> <span class='ocrx_word' id='word_1_57' title='bbox 1476 847 1594 927; x_wconf 75' lang='grc'>(2),</span> <span class='ocrx_word' id='word_1_58' title='bbox 1643 866 1709 904; x_wconf 91' lang='lat' dir='ltr'>ac</span> <span class='ocrx_word' id='word_1_59' title='bbox 1749 846 1808 903; x_wconf 94' lang='lat' dir='ltr'>in</span> <span class='ocrx_word' id='word_1_60' title='bbox 1854 845 2207 926; x_wconf 87' lang='lat' dir='ltr'>gravissimis</span> 
     </span>
     <span class='ocr_line' id='line_1_9' title="bbox 76 938 2206 1020; baseline -0 -19"><span class='ocrx_word' id='word_1_61' title='bbox 76 942 302 1020; x_wconf 85' lang='lat' dir='ltr'>jamdiu</span> <span class='ocrx_word' id='word_1_62' title='bbox 338 943 410 1002; x_wconf 92' lang='lat' dir='ltr'>de</span> <span class='ocrx_word' id='word_1_63' title='bbox 442 944 637 1002; x_wconf 90' lang='lat' dir='ltr'>anima</span> <span class='ocrx_word' id='word_1_64' title='bbox 658 988 674 1016; x_wconf 73' lang='grc'><em>,</em></span> <span class='ocrx_word' id='word_1_65' title='bbox 714 942 787 1002; x_wconf 88' lang='lat' dir='ltr'>de</span> <span class='ocrx_word' id='word_1_66' title='bbox 836 945 956 1002; x_wconf 91' lang='lat' dir='ltr'>Deo</span> <span class='ocrx_word' id='word_1_67' title='bbox 978 988 993 1016; x_wconf 70' lang='grc'><em>,</em></span> <span class='ocrx_word' id='word_1_68' title='bbox 1026 942 1098 1002; x_wconf 92' lang='lat' dir='ltr'>de</span> <span class='ocrx_word' id='word_1_69' title='bbox 1134 941 1392 1003; x_wconf 88' lang='lat' dir='ltr'>revelata</span> <span class='ocrx_word' id='word_1_70' title='bbox 1424 938 1703 1020; x_wconf 79' lang='lat' dir='ltr'>religione</span> <span class='ocrx_word' id='word_1_71' title='bbox 1742 939 2206 1000; x_wconf 83' lang='lat' dir='ltr'>dubitationibus</span> 
     </span>
     <span class='ocr_line' id='line_1_10' title="bbox 87 1031 2212 1120; baseline -0.001 -23"><span class='ocrx_word' id='word_1_72' title='bbox 87 1043 414 1098; x_wconf 80' lang='lat' dir='ltr'>versaretur</span> <span class='ocrx_word' id='word_1_73' title='bbox 436 1038 525 1118; x_wconf 84' lang='lat'>(3)</span> <span class='ocrx_word' id='word_1_74' title='bbox 548 1083 564 1111; x_wconf 69' lang='grc'><em>,</em></span> <span class='ocrx_word' id='word_1_75' title='bbox 595 1059 843 1119; x_wconf 88' lang='lat' dir='ltr'>cumque</span> <span class='ocrx_word' id='word_1_76' title='bbox 871 1059 944 1097; x_wconf 80' lang='lat' dir='ltr'>ex</span> <span class='ocrx_word' id='word_1_77' title='bbox 967 1037 1379 1120; x_wconf 82' lang='lat' dir='ltr'>philosophicis</span> <span class='ocrx_word' id='word_1_78' title='bbox 1398 1031 1627 1118; x_wconf 88' lang='lat' dir='ltr'>scriptis</span> <span class='ocrx_word' id='word_1_79' title='bbox 1653 1036 1852 1096; x_wconf 89' lang='lat' dir='ltr'>Kantii</span> <span class='ocrx_word' id='word_1_80' title='bbox 1877 1047 1936 1120; x_wconf 64' lang='lat' dir='ltr'>et</span> <span class='ocrx_word' id='word_1_81' title='bbox 1961 1035 2212 1111; x_wconf 81' lang='lat' dir='ltr'>Fichtei,</span> 
     </span>
     <span class='ocr_line' id='line_1_11' title="bbox 84 1130 2209 1215; baseline -0 -24"><span class='ocrx_word' id='word_1_82' title='bbox 84 1134 292 1214; x_wconf 91' lang='lat' dir='ltr'>quibus</span> <span class='ocrx_word' id='word_1_83' title='bbox 333 1134 602 1215; x_wconf 81' lang='lat' dir='ltr'>inprimis</span> <span class='ocrx_word' id='word_1_84' title='bbox 640 1131 1072 1209; x_wconf 81' lang='lat' dir='ltr'>delectabatur,</span> <span class='ocrx_word' id='word_1_85' title='bbox 1117 1136 1305 1192; x_wconf 87' lang='lat' dir='ltr'>acrius</span> <span class='ocrx_word' id='word_1_86' title='bbox 1339 1154 1400 1192; x_wconf 91' lang='lat' dir='ltr'>se</span> <span class='ocrx_word' id='word_1_87' title='bbox 1429 1131 1506 1191; x_wconf 90' lang='lat' dir='ltr'>ad</span> <span class='ocrx_word' id='word_1_88' title='bbox 1533 1130 1817 1210; x_wconf 83' lang='lat' dir='ltr'>ejusmodi</span> <span class='ocrx_word' id='word_1_89' title='bbox 1843 1130 2019 1191; x_wconf 88' lang='lat' dir='ltr'>dubia</span> <span class='ocrx_word' id='word_1_90' title='bbox 2047 1133 2209 1192; x_wconf 83' lang='lat' dir='ltr'>exci-</span> 
     </span>
     <span class='ocr_line' id='line_1_12' title="bbox 84 1224 2205 1311; baseline 0.001 -26"><span class='ocrx_word' id='word_1_91' title='bbox 84 1229 616 1309; x_wconf 71' lang='lat' dir='ltr'>taripersentiret,</span> <span class='ocrx_word' id='word_1_92' title='bbox 665 1249 882 1287; x_wconf 89' lang='lat' dir='ltr'>novam</span> <span class='ocrx_word' id='word_1_93' title='bbox 919 1226 1376 1311; x_wconf 87' lang='lat' dir='ltr'>philosophandi</span> <span class='ocrx_word' id='word_1_94' title='bbox 1415 1227 1600 1301; x_wconf 71' lang='lat' dir='ltr'>viam,</span> <span class='ocrx_word' id='word_1_95' title='bbox 1639 1224 1857 1284; x_wconf 91' lang='lat' dir='ltr'>nullius</span> <span class='ocrx_word' id='word_1_96' title='bbox 1892 1237 2031 1286; x_wconf 89' lang='lat' dir='ltr'>ante</span> <span class='ocrx_word' id='word_1_97' title='bbox 2055 1226 2205 1309; x_wconf 87' lang='lat' dir='ltr'>pede</span> 
     </span>
     <span class='ocr_line' id='line_1_13' title="bbox 84 1319 2202 1404; baseline -0 -23"><span class='ocrx_word' id='word_1_98' title='bbox 84 1323 312 1397; x_wconf 76' lang='lat' dir='ltr'>tritam,</span> <span class='ocrx_word' id='word_1_99' title='bbox 348 1334 684 1403; x_wconf 82' lang='lat' dir='ltr'>pertentare</span> <span class='ocrx_word' id='word_1_100' title='bbox 726 1344 1026 1404; x_wconf 86' lang='lat' dir='ltr'>aggressus</span> <span class='ocrx_word' id='word_1_101' title='bbox 1050 1334 1159 1384; x_wconf 90' lang='lat' dir='ltr'>est.</span> <span class='ocrx_word' id='word_1_102' title='bbox 1202 1326 1336 1382; x_wconf 91' lang='lat' dir='ltr'>Post</span> <span class='ocrx_word' id='word_1_103' title='bbox 1374 1321 1681 1380; x_wconf 84' lang='lat' dir='ltr'>diuturnas</span> <span class='ocrx_word' id='word_1_104' title='bbox 1712 1319 1973 1402; x_wconf 87' lang='lat' dir='ltr'>plurium</span> <span class='ocrx_word' id='word_1_105' title='bbox 2012 1343 2202 1380; x_wconf 86' lang='lat' dir='ltr'>anno-</span> 
     </span>
     <span class='ocr_line' id='line_1_14' title="bbox 83 1415 2207 1497; baseline 0 -23"><span class='ocrx_word' id='word_1_106' title='bbox 83 1437 215 1474; x_wconf 88' lang='lat' dir='ltr'>rum</span> <span class='ocrx_word' id='word_1_107' title='bbox 268 1417 787 1477; x_wconf 86' lang='lat' dir='ltr'>commentationes</span> <span class='ocrx_word' id='word_1_108' title='bbox 826 1419 1064 1476; x_wconf 88' lang='lat' dir='ltr'>emersit</span> <span class='ocrx_word' id='word_1_109' title='bbox 1099 1438 1132 1476; x_wconf 90' lang='lat' dir='ltr'>e</span> <span class='ocrx_word' id='word_1_110' title='bbox 1171 1415 1350 1494; x_wconf 86' lang='lat' dir='ltr'>dubio</span> <span class='ocrx_word' id='word_1_111' title='bbox 1398 1415 1524 1494; x_wconf 74' lang='grc'>(4),</span> <span class='ocrx_word' id='word_1_112' title='bbox 1572 1435 1638 1474; x_wconf 86' lang='lat' dir='ltr'>ac</span> <span class='ocrx_word' id='word_1_113' title='bbox 1681 1425 1932 1497; x_wconf 85' lang='lat' dir='ltr'>systema</span> <span class='ocrx_word' id='word_1_114' title='bbox 1966 1416 2207 1476; x_wconf 89' lang='lat' dir='ltr'>taudem</span> 
     </span>
     <span class='ocr_line' id='line_1_15' title="bbox 81 1509 2209 1594; baseline 0.002 -26"><span class='ocrx_word' id='word_1_115' title='bbox 81 1509 231 1570; x_wconf 91' lang='lat' dir='ltr'>illud</span> <span class='ocrx_word' id='word_1_116' title='bbox 264 1509 647 1592; x_wconf 88' lang='lat' dir='ltr'>philosophiae</span> <span class='ocrx_word' id='word_1_117' title='bbox 677 1511 932 1571; x_wconf 87' lang='lat' dir='ltr'>confecit</span> <span class='ocrx_word' id='word_1_118' title='bbox 953 1556 968 1586; x_wconf 69' lang='lat'>‚</span> <span class='ocrx_word' id='word_1_119' title='bbox 997 1510 1154 1594; x_wconf 91' lang='lat' dir='ltr'>quod</span> <span class='ocrx_word' id='word_1_120' title='bbox 1188 1511 1442 1570; x_wconf 84' lang='lat' dir='ltr'>scientiae</span> <span class='ocrx_word' id='word_1_121' title='bbox 1467 1509 1879 1592; x_wconf 81' lang='lat' dir='ltr'>metaphysicae</span> <span class='ocrx_word' id='word_1_122' title='bbox 1905 1532 1971 1570; x_wconf 92' lang='lat' dir='ltr'>ac</span> <span class='ocrx_word' id='word_1_123' title='bbox 1994 1511 2209 1573; x_wconf 90' lang='lat' dir='ltr'>morali</span> 
     </span>
     <span class='ocr_line' id='line_1_16' title="bbox 79 1604 2208 1688; baseline 0.001 -25"><span class='ocrx_word' id='word_1_124' title='bbox 79 1604 293 1664; x_wconf 85' lang='lat' dir='ltr'>iterum</span> <span class='ocrx_word' id='word_1_125' title='bbox 324 1604 728 1665; x_wconf 84' lang='lat' dir='ltr'>construendae</span> <span class='ocrx_word' id='word_1_126' title='bbox 747 1651 762 1679; x_wconf 73' lang='grc'><em>,</em></span> <span class='ocrx_word' id='word_1_127' title='bbox 805 1605 1151 1667; x_wconf 87' lang='lat' dir='ltr'>revelationi</span> <span class='ocrx_word' id='word_1_128' title='bbox 1174 1606 1503 1666; x_wconf 71' lang='lat' dir='ltr'>christianas</span> <span class='ocrx_word' id='word_1_129' title='bbox 1535 1616 1595 1664; x_wconf 88' lang='lat' dir='ltr'>et</span> <span class='ocrx_word' id='word_1_130' title='bbox 1620 1604 1916 1665; x_wconf 74' lang='lat' dir='ltr'>catholicae</span> <span class='ocrx_word' id='word_1_131' title='bbox 1939 1606 2208 1688; x_wconf 84' lang='lat' dir='ltr'>religioni</span> 
     </span>
     <span class='ocr_line' id='line_1_17' title="bbox 82 1698 2209 1783; baseline 0.002 -25"><span class='ocrx_word' id='word_1_132' title='bbox 82 1698 587 1775; x_wconf 71' lang='lat' dir='ltr'>demonstrandae,</span> <span class='ocrx_word' id='word_1_133' title='bbox 617 1723 680 1761; x_wconf 87' lang='lat' dir='ltr'>ac</span> <span class='ocrx_word' id='word_1_134' title='bbox 705 1702 946 1761; x_wconf 89' lang='lat' dir='ltr'>demum</span> <span class='ocrx_word' id='word_1_135' title='bbox 974 1703 1112 1783; x_wconf 89' lang='lat' dir='ltr'>ipsis</span> <span class='ocrx_word' id='word_1_136' title='bbox 1142 1701 1477 1783; x_wconf 86' lang='lat' dir='ltr'>theologicis</span> <span class='ocrx_word' id='word_1_137' title='bbox 1509 1699 1876 1783; x_wconf 89' lang='lat' dir='ltr'>dogmatibus</span> <span class='ocrx_word' id='word_1_138' title='bbox 1910 1701 2209 1762; x_wconf 79' lang='lat' dir='ltr'>aedifican-</span> 
     </span>
    </p>
   </div>
   <div class='ocr_carea' id='block_1_4' title="bbox 74 1918 1100 3709">
    <p class='ocr_par' dir='ltr' id='par_1_4' title="bbox 77 1918 1098 2395">
     <span class='ocr_line' id='line_1_18' title="bbox 149 1918 1094 1988; baseline 0.004 -22"><span class='ocrx_word' id='word_1_139' title='bbox 149 1921 214 1984; x_wconf 90' lang='grc' dir='ltr'>(Ι)</span> <span class='ocrx_word' id='word_1_140' title='bbox 255 1918 418 1985; x_wconf 82' lang='lat' dir='ltr'>Quoad</span> <span class='ocrx_word' id='word_1_141' title='bbox 446 1919 750 1969; x_wconf 80' lang='lat' dir='ltr'>Germanicos</span> <span class='ocrx_word' id='word_1_142' title='bbox 769 1959 783 1981; x_wconf 89' lang='lat'>‚</span> <span class='ocrx_word' id='word_1_143' title='bbox 819 1920 977 1986; x_wconf 87' lang='lat' dir='ltr'>plures</span> <span class='ocrx_word' id='word_1_144' title='bbox 998 1924 1094 1988; x_wconf 87' lang='lat' dir='ltr'>jam</span> 
     </span>
     <span class='ocr_line' id='line_1_19' title="bbox 79 2003 1098 2070; baseline 0.001 -19"><span class='ocrx_word' id='word_1_145' title='bbox 79 2003 137 2051; x_wconf 90' lang='lat' dir='ltr'>de</span> <span class='ocrx_word' id='word_1_146' title='bbox 149 2003 239 2052; x_wconf 88' lang='lat' dir='ltr'>hoc</span> <span class='ocrx_word' id='word_1_147' title='bbox 252 2013 521 2067; x_wconf 82' lang='lat' dir='ltr'>argumento</span> <span class='ocrx_word' id='word_1_148' title='bbox 534 2006 922 2068; x_wconf 78' lang='lat' dir='ltr'>conscripserunt.</span> <span class='ocrx_word' id='word_1_149' title='bbox 937 2003 1098 2070; x_wconf 80' lang='lat' dir='ltr'>Quoad</span> 
     </span>
     <span class='ocr_line' id='line_1_20' title="bbox 79 2084 1096 2152; baseline 0.002 -20"><span class='ocrx_word' id='word_1_150' title='bbox 79 2084 216 2133; x_wconf 77' lang='lat' dir='ltr'>Italos</span> <span class='ocrx_word' id='word_1_151' title='bbox 235 2122 248 2144; x_wconf 87' lang='lat'>‚</span> <span class='ocrx_word' id='word_1_152' title='bbox 279 2085 365 2133; x_wconf 84' lang='lat' dir='ltr'>cfr.</span> <span class='ocrx_word' id='word_1_153' title='bbox 401 2085 438 2132; x_wconf 86' lang='lat' dir='ltr'>si</span> <span class='ocrx_word' id='word_1_154' title='bbox 466 2085 596 2133; x_wconf 84' lang='lat' dir='ltr'>lubet</span> <span class='ocrx_word' id='word_1_155' title='bbox 623 2086 801 2134; x_wconf 87' lang='lat' dir='ltr'>articuli</span> <span class='ocrx_word' id='word_1_156' title='bbox 829 2085 921 2134; x_wconf 90' lang='lat' dir='ltr'>duo</span> <span class='ocrx_word' id='word_1_157' title='bbox 947 2089 1043 2152; x_wconf 84' lang='lat' dir='ltr'>jam</span> <span class='ocrx_word' id='word_1_158' title='bbox 1071 2104 1096 2134; x_wconf 91' lang='lat' dir='ltr'>a</span> 
     </span>
     <span class='ocr_line' id='line_1_21' title="bbox 79 2166 1098 2216; baseline 0.002 -2"><span class='ocrx_word' id='word_1_159' title='bbox 79 2185 154 2215; x_wconf 88' lang='lat' dir='ltr'>me</span> <span class='ocrx_word' id='word_1_160' title='bbox 195 2166 306 2214; x_wconf 84' lang='lat' dir='ltr'>editi</span> <span class='ocrx_word' id='word_1_161' title='bbox 355 2184 410 2214; x_wconf 91' lang='lat' dir='ltr'>ac</span> <span class='ocrx_word' id='word_1_162' title='bbox 453 2170 609 2216; x_wconf 80' lang='lat' dir='ltr'>inserti</span> <span class='ocrx_word' id='word_1_163' title='bbox 649 2167 700 2214; x_wconf 91' lang='lat' dir='ltr'>in</span> <span class='ocrx_word' id='word_1_164' title='bbox 741 2167 937 2215; x_wconf 75' lang='lat' dir='ltr'>Annali</span> <span class='ocrx_word' id='word_1_165' title='bbox 979 2166 1098 2216; x_wconf 81' lang='lat' dir='ltr'>delle</span> 
     </span>
     <span class='ocr_line' id='line_1_22' title="bbox 77 2248 1095 2317; baseline 0.005 -23"><span class='ocrx_word' id='word_1_166' title='bbox 77 2249 264 2295; x_wconf 80' lang='lat' dir='ltr'>seienze</span> <span class='ocrx_word' id='word_1_167' title='bbox 299 2248 546 2312; x_wconf 73' lang='lat' dir='ltr'>reliyiose,</span> <span class='ocrx_word' id='word_1_168' title='bbox 583 2251 677 2298; x_wconf 78' lang='lat' dir='ltr'>vol.</span> <span class='ocrx_word' id='word_1_169' title='bbox 717 2267 813 2310; x_wconf 86' lang='lat' dir='ltr'>vn,</span> <span class='ocrx_word' id='word_1_170' title='bbox 848 2249 959 2299; x_wconf 79' lang='lat' dir='ltr'>fasc.</span> <span class='ocrx_word' id='word_1_171' title='bbox 1001 2266 1060 2317; x_wconf 89' lang='lat'>¹9</span> <span class='ocrx_word' id='word_1_172' title='bbox 1081 2288 1095 2311; x_wconf 92' lang='lat'>‚</span> 
     </span>
     <span class='ocr_line' id='line_1_23' title="bbox 79 2330 627 2395; baseline 0.004 -17"><span class='ocrx_word' id='word_1_173' title='bbox 79 2341 128 2378; x_wconf 77' lang='lat' dir='ltr'>et</span> <span class='ocrx_word' id='word_1_174' title='bbox 156 2330 251 2378; x_wconf 83' lang='lat' dir='ltr'>vol.</span> <span class='ocrx_word' id='word_1_175' title='bbox 285 2345 361 2389; x_wconf 69' lang='lat' dir='ltr'>ix,</span> <span class='ocrx_word' id='word_1_176' title='bbox 397 2331 510 2378; x_wconf 81' lang='lat' dir='ltr'>fase.</span> <span class='ocrx_word' id='word_1_177' title='bbox 544 2342 627 2395; x_wconf 75' lang='lat'><strong>27⁴.</strong></span> 
     </span>
    </p>

    <p class='ocr_par' dir='ltr' id='par_1_5' title="bbox 80 2410 1097 2640">
     <span class='ocr_line' id='line_1_24' title="bbox 147 2410 1097 2478; baseline 0.004 -20"><span class='ocrx_word' id='word_1_178' title='bbox 147 2412 216 2473; x_wconf 51' lang='grc' dir='ltr'>(ἣ)</span> <span class='ocrx_word' id='word_1_179' title='bbox 256 2410 532 2478; x_wconf 70' lang='grc' dir='ltr'>ΡΙηἹωορΙι.</span> <span class='ocrx_word' id='word_1_180' title='bbox 569 2411 772 2463; x_wconf 82' lang='lat' dir='ltr'>Einleit.</span> <span class='ocrx_word' id='word_1_181' title='bbox 817 2431 894 2462; x_wconf 83' lang='lat' dir='ltr'>seu</span> <span class='ocrx_word' id='word_1_182' title='bbox 933 2411 1097 2462; x_wconf 81' lang='lat' dir='ltr'>Intro·</span> 
     </span>
     <span class='ocr_line' id='line_1_25' title="bbox 80 2491 1094 2563; baseline 0.004 -23"><span class='ocrx_word' id='word_1_183' title='bbox 80 2493 240 2541; x_wconf 72' lang='lat' dir='ltr'>ductio</span> <span class='ocrx_word' id='word_1_184' title='bbox 260 2493 622 2561; x_wconf 73' lang='lat' dir='ltr'>philosophica,</span> <span class='ocrx_word' id='word_1_185' title='bbox 656 2495 904 2545; x_wconf 86' lang='lat' dir='ltr'>Monasteri</span> <span class='ocrx_word' id='word_1_186' title='bbox 936 2491 1064 2563; x_wconf 78' lang='lat'>1819</span> <span class='ocrx_word' id='word_1_187' title='bbox 1081 2534 1094 2555; x_wconf 87' lang='lat'><strong>‚</strong></span> 
     </span>
     <span class='ocr_line' id='line_1_26' title="bbox 81 2575 414 2640; baseline 0.003 -18"><span class='ocrx_word' id='word_1_188' title='bbox 81 2576 206 2639; x_wconf 82' lang='lat' dir='ltr'>praef.</span> <span class='ocrx_word' id='word_1_189' title='bbox 239 2594 342 2640; x_wconf 70' lang='lat' dir='ltr'>pag,</span> <span class='ocrx_word' id='word_1_190' title='bbox 366 2575 414 2640; x_wconf 73' lang='grc'>4.</span> 
     </span>
    </p>

    <p class='ocr_par' dir='ltr' id='par_1_6' title="bbox 74 2655 1100 3709">
     <span class='ocr_line' id='line_1_27' title="bbox 149 2655 1096 2724; baseline 0.004 -21"><span class='ocrx_word' id='word_1_191' title='bbox 149 2655 215 2720; x_wconf 78' lang='grc'>(3)</span> <span class='ocrx_word' id='word_1_192' title='bbox 254 2657 376 2706; x_wconf 89' lang='lat' dir='ltr'>lbid.</span> <span class='ocrx_word' id='word_1_193' title='bbox 412 2676 511 2723; x_wconf 85' lang='lat' dir='ltr'>pag.</span> <span class='ocrx_word' id='word_1_194' title='bbox 542 2659 603 2722; x_wconf 76' lang='grc'>4,</span> <span class='ocrx_word' id='word_1_195' title='bbox 634 2657 684 2708; x_wconf 85' lang='grc'>5.</span> <span class='ocrx_word' id='word_1_196' title='bbox 713 2657 782 2709; x_wconf 87' lang='lat' dir='ltr'>Et</span> <span class='ocrx_word' id='word_1_197' title='bbox 809 2667 967 2707; x_wconf 85' lang='lat' dir='ltr'>tamen</span> <span class='ocrx_word' id='word_1_198' title='bbox 989 2676 1096 2724; x_wconf 80' lang='lat' dir='ltr'>eqo,</span> 
     </span>
     <span class='ocr_line' id='line_1_28' title="bbox 78 2732 1096 2805; baseline 0.002 -18"><span class='ocrx_word' id='word_1_199' title='bbox 78 2739 229 2805; x_wconf 81' lang='lat' dir='ltr'>inquit</span> <span class='ocrx_word' id='word_1_200' title='bbox 241 2777 253 2800; x_wconf 91' lang='lat'>‚</span> <span class='ocrx_word' id='word_1_201' title='bbox 285 2741 499 2787; x_wconf 86' lang='lat' dir='ltr'>nondum</span> <span class='ocrx_word' id='word_1_202' title='bbox 508 2732 874 2804; x_wconf 58' lang='lat' dir='ltr'>fundamentalis</span> <span class='ocrx_word' id='word_1_203' title='bbox 893 2742 1096 2790; x_wconf 80' lang='lat' dir='ltr'>dubium</span> 
     </span>
     <span class='ocr_line' id='line_1_29' title="bbox 80 2819 1098 2890; baseline 0.004 -22"><span class='ocrx_word' id='word_1_204' title='bbox 80 2823 97 2883; x_wconf 95' lang='lat'>(-</span> <span class='ocrx_word' id='word_1_205' title='bbox 116 2819 529 2886; x_wconf 75' lang='lat' dir='ltr'>Grundzweifel),</span> <span class='ocrx_word' id='word_1_206' title='bbox 569 2831 733 2871; x_wconf 87' lang='lat' dir='ltr'>utrum</span> <span class='ocrx_word' id='word_1_207' title='bbox 768 2841 930 2890; x_wconf 81' lang='lat' dir='ltr'>reapse</span> <span class='ocrx_word' id='word_1_208' title='bbox 966 2820 1098 2872; x_wconf 86' lang='lat' dir='ltr'>Deus</span> 
     </span>
     <span class='ocr_line' id='line_1_30' title="bbox 79 2903 1096 2971; baseline 0.003 -21"><span class='ocrx_word' id='word_1_209' title='bbox 79 2905 172 2961; x_wconf 82' lang='lat' dir='ltr'>sit,</span> <span class='ocrx_word' id='word_1_210' title='bbox 207 2903 335 2952; x_wconf 72' lang='lat' dir='ltr'><strong><em>mihi</em></strong></span> <span class='ocrx_word' id='word_1_211' title='bbox 353 2904 601 2970; x_wconf 70' lang='lat' dir='ltr'>professas</span> <span class='ocrx_word' id='word_1_212' title='bbox 626 2922 782 2968; x_wconf 85' lang='lat' dir='ltr'>eram,</span> <span class='ocrx_word' id='word_1_213' title='bbox 811 2922 959 2971; x_wconf 83' lang='lat' dir='ltr'>usque</span> <span class='ocrx_word' id='word_1_214' title='bbox 981 2906 1096 2953; x_wconf 85' lang='lat' dir='ltr'>dum</span> 
     </span>
     <span class='ocr_line' id='line_1_31' title="bbox 79 2985 1098 3053; baseline 0.002 -20"><span class='ocrx_word' id='word_1_215' title='bbox 79 2985 270 3034; x_wconf 76' lang='lat' dir='ltr'>tandem</span> <span class='ocrx_word' id='word_1_216' title='bbox 285 2988 581 3036; x_wconf 83' lang='lat' dir='ltr'>conscientia</span> <span class='ocrx_word' id='word_1_217' title='bbox 607 3005 711 3035; x_wconf 84' lang='lat' dir='ltr'>mea</span> <span class='ocrx_word' id='word_1_218' title='bbox 729 3024 744 3049; x_wconf 90' lang='lat'><strong><em>,</em></strong></span> <span class='ocrx_word' id='word_1_219' title='bbox 775 2999 1098 3053; x_wconf 80' lang='lat' dir='ltr'>autquocum-</span> 
     </span>
     <span class='ocr_line' id='line_1_32' title="bbox 80 3068 1094 3136; baseline 0.004 -23"><span class='ocrx_word' id='word_1_220' title='bbox 80 3083 168 3130; x_wconf 82' lang='lat' dir='ltr'>que</span> <span class='ocrx_word' id='word_1_221' title='bbox 191 3068 380 3116; x_wconf 81' lang='lat' dir='ltr'>tandem</span> <span class='ocrx_word' id='word_1_222' title='bbox 416 3071 597 3134; x_wconf 81' lang='lat' dir='ltr'>aptiori</span> <span class='ocrx_word' id='word_1_223' title='bbox 627 3087 732 3117; x_wconf 88' lang='lat' dir='ltr'>eam</span> <span class='ocrx_word' id='word_1_224' title='bbox 769 3071 905 3119; x_wconf 65' lang='lat' dir='ltr'>vnodo</span> <span class='ocrx_word' id='word_1_225' title='bbox 931 3069 1094 3136; x_wconf 82' lang='lat' dir='ltr'>appel-</span> 
     </span>
     <span class='ocr_line' id='line_1_33' title="bbox 83 3146 1097 3217; baseline 0.006 -24"><span class='ocrx_word' id='word_1_226' title='bbox 83 3146 180 3194; x_wconf 89' lang='lat' dir='ltr'>lare</span> <span class='ocrx_word' id='word_1_227' title='bbox 210 3151 318 3212; x_wconf 80' lang='lat' dir='ltr'>quis</span> <span class='ocrx_word' id='word_1_228' title='bbox 350 3150 492 3211; x_wconf 82' lang='lat' dir='ltr'>velit,</span> <span class='ocrx_word' id='word_1_229' title='bbox 530 3156 606 3198; x_wconf 78' lang='lat' dir='ltr'>vis</span> <span class='ocrx_word' id='word_1_230' title='bbox 640 3149 727 3197; x_wconf 79' lang='lat' dir='ltr'>illa</span> <span class='ocrx_word' id='word_1_231' title='bbox 755 3151 1097 3217; x_wconf 75' lang='lat' dir='ltr'>insuperabilis</span> 
     </span>
     <span class='ocr_line' id='line_1_34' title="bbox 83 3230 1098 3297; baseline 0.005 -23"><span class='ocrx_word' id='word_1_232' title='bbox 83 3230 312 3291; x_wconf 74' lang='lat' dir='ltr'>interior,</span> <span class='ocrx_word' id='word_1_233' title='bbox 349 3248 455 3296; x_wconf 81' lang='lat' dir='ltr'>quoe</span> <span class='ocrx_word' id='word_1_234' title='bbox 487 3250 561 3280; x_wconf 87' lang='lat' dir='ltr'>me</span> <span class='ocrx_word' id='word_1_235' title='bbox 585 3232 885 3297; x_wconf 80' lang='lat' dir='ltr'>impellebat,</span> <span class='ocrx_word' id='word_1_236' title='bbox 923 3233 993 3280; x_wconf 80' lang='lat' dir='ltr'>ita</span> <span class='ocrx_word' id='word_1_237' title='bbox 1023 3249 1098 3280; x_wconf 89' lang='lat' dir='ltr'>me</span> 
     </span>
     <span class='ocr_line' id='line_1_35' title="bbox 84 3311 1096 3378; baseline 0.006 -22"><span class='ocrx_word' id='word_1_238' title='bbox 84 3311 267 3357; x_wconf 69' lang='lat' dir='ltr'>aarum·</span> <span class='ocrx_word' id='word_1_239' title='bbox 282 3312 543 3378; x_wconf 77' lang='lat' dir='ltr'>iterumque</span> <span class='ocrx_word' id='word_1_240' title='bbox 569 3323 710 3378; x_wconf 79' lang='lat' dir='ltr'>atque</span> <span class='ocrx_word' id='word_1_241' title='bbox 738 3317 913 3362; x_wconf 83' lang='lat' dir='ltr'>aeriter</span> <span class='ocrx_word' id='word_1_242' title='bbox 937 3315 1096 3362; x_wconf 79' lang='lat' dir='ltr'>incre-</span> 
     </span>
     <span class='ocr_line' id='line_1_36' title="bbox 78 3390 1099 3462; baseline 0.005 -23"><span class='ocrx_word' id='word_1_243' title='bbox 78 3390 228 3455; x_wconf 82' lang='lat' dir='ltr'>pabat</span> <span class='ocrx_word' id='word_1_244' title='bbox 255 3391 312 3439; x_wconf 82' lang='lat' dir='ltr'>de</span> <span class='ocrx_word' id='word_1_245' title='bbox 335 3394 461 3443; x_wconf 83' lang='lat' dir='ltr'>mala</span> <span class='ocrx_word' id='word_1_246' title='bbox 484 3396 604 3460; x_wconf 80' lang='lat' dir='ltr'>fide,</span> <span class='ocrx_word' id='word_1_247' title='bbox 625 3414 721 3461; x_wconf 83' lang='lat' dir='ltr'>qua</span> <span class='ocrx_word' id='word_1_248' title='bbox 749 3413 830 3460; x_wconf 74' lang='lat' dir='ltr'>eqo</span> <span class='ocrx_word' id='word_1_249' title='bbox 861 3414 935 3443; x_wconf 89' lang='lat' dir='ltr'>me</span> <span class='ocrx_word' id='word_1_250' title='bbox 954 3412 1099 3462; x_wconf 82' lang='lat' dir='ltr'>super</span> 
     </span>
     <span class='ocr_line' id='line_1_37' title="bbox 74 3471 1098 3535; baseline 0.006 -16"><span class='ocrx_word' id='word_1_251' title='bbox 74 3471 397 3535; x_wconf 79' lang='lat' dir='ltr'>fundamento</span> <span class='ocrx_word' id='word_1_252' title='bbox 437 3492 597 3526; x_wconf 82' lang='lat' dir='ltr'>rerum</span> <span class='ocrx_word' id='word_1_253' title='bbox 638 3481 858 3527; x_wconf 81' lang='lat' dir='ltr'>omnium</span> <span class='ocrx_word' id='word_1_254' title='bbox 896 3478 1098 3526; x_wconf 77' lang='lat' dir='ltr'>illudere</span> 
     </span>
     <span class='ocr_line' id='line_1_38' title="bbox 85 3552 1100 3617; baseline 0.008 -16"><span class='ocrx_word' id='word_1_255' title='bbox 85 3552 325 3617; x_wconf 84' lang='lat' dir='ltr'>volebam,</span> <span class='ocrx_word' id='word_1_256' title='bbox 355 3566 408 3603; x_wconf 84' lang='lat' dir='ltr'>ut</span> <span class='ocrx_word' id='word_1_257' title='bbox 435 3574 507 3606; x_wconf 82' lang='lat' dir='ltr'>me</span> <span class='ocrx_word' id='word_1_258' title='bbox 536 3561 728 3608; x_wconf 83' lang='lat' dir='ltr'>tandem</span> <span class='ocrx_word' id='word_1_259' title='bbox 759 3561 1100 3609; x_wconf 80' lang='lat' dir='ltr'>determinave-</span> 
     </span>
     <span class='ocr_line' id='line_1_39' title="bbox 85 3637 1098 3709; baseline 0.009 -27"><span class='ocrx_word' id='word_1_260' title='bbox 85 3638 181 3683; x_wconf 79' lang='lat' dir='ltr'>rim</span> <span class='ocrx_word' id='word_1_261' title='bbox 209 3637 420 3687; x_wconf 77' lang='lat' dir='ltr'>adhunc</span> <span class='ocrx_word' id='word_1_262' title='bbox 448 3641 603 3706; x_wconf 77' lang='lat' dir='ltr'>ipsam</span> <span class='ocrx_word' id='word_1_263' title='bbox 632 3645 775 3693; x_wconf 75' lang='lat' dir='ltr'>etiam</span> <span class='ocrx_word' id='word_1_264' title='bbox 790 3646 1098 3709; x_wconf 66' lang='lat' dir='ltr'>quaestionem</span> 
     </span>
    </p>
   </div>
   <div class='ocr_carea' id='block_1_5' title="bbox 1170 1921 2207 3550">
    <p class='ocr_par' dir='ltr' id='par_1_7' title="bbox 1179 1921 1906 1988">
     <span class='ocr_line' id='line_1_40' title="bbox 1179 1921 1906 1988; baseline 0.003 -18"><span class='ocrx_word' id='word_1_265' title='bbox 1179 1930 1342 1988; x_wconf 78' lang='lat' dir='ltr'>aperte</span> <span class='ocrx_word' id='word_1_266' title='bbox 1372 1921 1746 1986; x_wconf 76' lang='lat' dir='ltr'>ayqrediendam</span> <span class='ocrx_word' id='word_1_267' title='bbox 1767 1958 1783 1983; x_wconf 92' lang='lat'>‚</span> <span class='ocrx_word' id='word_1_268' title='bbox 1818 1933 1906 1973; x_wconf 77' lang='lat' dir='ltr'>etc.</span> 
     </span>
    </p>

    <p class='ocr_par' dir='ltr' id='par_1_8' title="bbox 1170 2003 2207 3550">
     <span class='ocr_line' id='line_1_41' title="bbox 1248 2003 2206 2071; baseline 0.004 -20"><span class='ocrx_word' id='word_1_269' title='bbox 1248 2005 1315 2066; x_wconf 55' lang='lat' dir='ltr'>(A)</span> <span class='ocrx_word' id='word_1_270' title='bbox 1354 2003 1424 2052; x_wconf 88' lang='lat' dir='ltr'>Et</span> <span class='ocrx_word' id='word_1_271' title='bbox 1452 2021 1584 2052; x_wconf 80' lang='lat' dir='ltr'>nuno</span> <span class='ocrx_word' id='word_1_272' title='bbox 1627 2005 1852 2066; x_wconf 78' lang='lat' dir='ltr'>tandem,</span> <span class='ocrx_word' id='word_1_273' title='bbox 1883 2007 1947 2054; x_wconf 71' lang='lat' dir='ltr'>ait</span> <span class='ocrx_word' id='word_1_274' title='bbox 1966 2039 1986 2066; x_wconf 35' lang='grc' dir='ltr'>,ι</span> <span class='ocrx_word' id='word_1_275' title='bbox 2011 2006 2206 2071; x_wconf 77' lang='lat' dir='ltr'>(qratioe</span> 
     </span>
     <span class='ocr_line' id='line_1_42' title="bbox 1179 2084 2205 2152; baseline 0.002 -17"><span class='ocrx_word' id='word_1_276' title='bbox 1179 2085 1236 2135; x_wconf 84' lang='lat' dir='ltr'>ob</span> <span class='ocrx_word' id='word_1_277' title='bbox 1264 2087 1319 2133; x_wconf 72' lang='lat' dir='ltr'>id</span> <span class='ocrx_word' id='word_1_278' title='bbox 1350 2088 1448 2134; x_wconf 84' lang='lat' dir='ltr'>sint</span> <span class='ocrx_word' id='word_1_279' title='bbox 1479 2084 1576 2135; x_wconf 90' lang='lat' dir='ltr'>Deo</span> <span class='ocrx_word' id='word_1_280' title='bbox 1605 2104 1739 2149; x_wconf 85' lang='lat' dir='ltr'>meo,</span> <span class='ocrx_word' id='word_1_281' title='bbox 1770 2104 1910 2152; x_wconf 85' lang='lat' dir='ltr'>quem</span> <span class='ocrx_word' id='word_1_282' title='bbox 1934 2089 2109 2136; x_wconf 79' lang='lat' dir='ltr'>iterum</span> <span class='ocrx_word' id='word_1_283' title='bbox 2126 2091 2205 2137; x_wconf 81' lang='lat' dir='ltr'>in-</span> 
     </span>
     <span class='ocr_line' id='line_1_43' title="bbox 1180 2168 2201 2236; baseline 0.001 -18"><span class='ocrx_word' id='word_1_284' title='bbox 1180 2172 1293 2218; x_wconf 82' lang='lat' dir='ltr'>veni</span> <span class='ocrx_word' id='word_1_285' title='bbox 1303 2174 1318 2232; x_wconf 92' lang='lat'>)</span> <span class='ocrx_word' id='word_1_286' title='bbox 1326 2171 1693 2236; x_wconf 77' lang='lat' dir='ltr'>persuasionem</span> <span class='ocrx_word' id='word_1_287' title='bbox 1724 2168 1858 2218; x_wconf 78' lang='lat' dir='ltr'>illam</span> <span class='ocrx_word' id='word_1_288' title='bbox 1874 2179 2047 2220; x_wconf 83' lang='lat' dir='ltr'>nactus</span> <span class='ocrx_word' id='word_1_289' title='bbox 2064 2189 2173 2220; x_wconf 83' lang='lat' dir='ltr'>sum</span> <span class='ocrx_word' id='word_1_290' title='bbox 2185 2207 2201 2232; x_wconf 91' lang='lat'>,</span> 
     </span>
     <span class='ocr_line' id='line_1_44' title="bbox 1177 2253 2203 2318; baseline 0.002 -18"><span class='ocrx_word' id='word_1_291' title='bbox 1177 2269 1323 2316; x_wconf 84' lang='lat' dir='ltr'>quam</span> <span class='ocrx_word' id='word_1_292' title='bbox 1359 2260 1602 2317; x_wconf 78' lang='lat' dir='ltr'>tantopere</span> <span class='ocrx_word' id='word_1_293' title='bbox 1633 2253 1904 2318; x_wconf 73' lang='lat' dir='ltr'>expetebam</span> <span class='ocrx_word' id='word_1_294' title='bbox 1931 2270 1989 2301; x_wconf 87' lang='lat' dir='ltr'>ae</span> <span class='ocrx_word' id='word_1_295' title='bbox 2017 2270 2203 2318; x_wconf 80' lang='lat' dir='ltr'>quoere-</span> 
     </span>
     <span class='ocr_line' id='line_1_45' title="bbox 1178 2332 2201 2399; baseline 0.002 -18"><span class='ocrx_word' id='word_1_296' title='bbox 1178 2334 1288 2382; x_wconf 83' lang='lat' dir='ltr'>bam</span> <span class='ocrx_word' id='word_1_297' title='bbox 1319 2353 1339 2382; x_wconf 88' lang='lat'>.·</span> <span class='ocrx_word' id='word_1_298' title='bbox 1375 2351 1457 2399; x_wconf 77' lang='lat' dir='ltr'>eqo</span> <span class='ocrx_word' id='word_1_299' title='bbox 1485 2350 1618 2382; x_wconf 85' lang='lat' dir='ltr'>nune</span> <span class='ocrx_word' id='word_1_300' title='bbox 1650 2332 1844 2381; x_wconf 83' lang='lat' dir='ltr'>tandem</span> <span class='ocrx_word' id='word_1_301' title='bbox 1874 2343 2031 2383; x_wconf 83' lang='lat' dir='ltr'>certus</span> <span class='ocrx_word' id='word_1_302' title='bbox 2063 2352 2201 2395; x_wconf 79' lang='lat' dir='ltr'>sum,</span> 
     </span>
     <span class='ocr_line' id='line_1_46' title="bbox 1181 2414 2206 2477; baseline 0.001 -14"><span class='ocrx_word' id='word_1_303' title='bbox 1181 2414 1345 2463; x_wconf 79' lang='lat' dir='ltr'>Deum</span> <span class='ocrx_word' id='word_1_304' title='bbox 1372 2416 1573 2464; x_wconf 63' lang='lat' dir='ltr'>existere</span> <span class='ocrx_word' id='word_1_305' title='bbox 1591 2452 1606 2477; x_wconf 87' lang='lat'><em>,</em></span> <span class='ocrx_word' id='word_1_306' title='bbox 1644 2427 1719 2462; x_wconf 77' lang='lat' dir='ltr'>m‘e</span> <span class='ocrx_word' id='word_1_307' title='bbox 1747 2418 2010 2464; x_wconf 72' lang='lat' dir='ltr'>extiturum</span> <span class='ocrx_word' id='word_1_308' title='bbox 2044 2433 2103 2464; x_wconf 84' lang='lat' dir='ltr'>ao</span> <span class='ocrx_word' id='word_1_309' title='bbox 2130 2418 2206 2464; x_wconf 81' lang='lat' dir='ltr'>vi-</span> 
     </span>
     <span class='ocr_line' id='line_1_47' title="bbox 1178 2497 2206 2560; baseline 0.001 -14"><span class='ocrx_word' id='word_1_310' title='bbox 1178 2506 1276 2546; x_wconf 81' lang='lat' dir='ltr'>tam</span> <span class='ocrx_word' id='word_1_311' title='bbox 1305 2497 1585 2546; x_wconf 76' lang='lat' dir='ltr'>habiturum</span> <span class='ocrx_word' id='word_1_312' title='bbox 1614 2506 2043 2560; x_wconf 74' lang='lat' dir='ltr'>oeternam300rtus</span> <span class='ocrx_word' id='word_1_313' title='bbox 2073 2513 2206 2547; x_wconf 78' lang='lat' dir='ltr'>nune</span> 
     </span>
     <span class='ocr_line' id='line_1_48' title="bbox 1178 2579 2204 2639; baseline 0 -12"><span class='ocrx_word' id='word_1_314' title='bbox 1178 2596 1318 2639; x_wconf 84' lang='lat' dir='ltr'>sum,</span> <span class='ocrx_word' id='word_1_315' title='bbox 1353 2579 1775 2627; x_wconf 73' lang='lat' dir='ltr'>christianismum</span> <span class='ocrx_word' id='word_1_316' title='bbox 1817 2596 1915 2628; x_wconf 75' lang='lat' dir='ltr'>esse</span> <span class='ocrx_word' id='word_1_317' title='bbox 1955 2579 2204 2628; x_wconf 68' lang='lat' dir='ltr'>revelatio-</span> 
     </span>
     <span class='ocr_line' id='line_1_49' title="bbox 1178 2660 2207 2721; baseline 0 -12"><span class='ocrx_word' id='word_1_318' title='bbox 1178 2678 1288 2710; x_wconf 88' lang='lat' dir='ltr'>nem</span> <span class='ocrx_word' id='word_1_319' title='bbox 1327 2661 1579 2721; x_wconf 71' lang='lat' dir='ltr'>divinam,</span> <span class='ocrx_word' id='word_1_320' title='bbox 1620 2669 1667 2708; x_wconf 81' lang='lat' dir='ltr'>et</span> <span class='ocrx_word' id='word_1_321' title='bbox 1695 2660 2072 2709; x_wconf 79' lang='lat' dir='ltr'>catholicismum</span> <span class='ocrx_word' id='word_1_322' title='bbox 2107 2677 2207 2709; x_wconf 84' lang='lat' dir='ltr'>esse</span> 
     </span>
     <span class='ocr_line' id='line_1_50' title="bbox 1179 2743 2201 2808; baseline 0 -16"><span class='ocrx_word' id='word_1_323' title='bbox 1179 2761 1342 2792; x_wconf 83' lang='lat' dir='ltr'>verum</span> <span class='ocrx_word' id='word_1_324' title='bbox 1375 2743 1813 2794; x_wconf 75' lang='lat' dir='ltr'>christianismum.</span> <span class='ocrx_word' id='word_1_325' title='bbox 1857 2744 1927 2792; x_wconf 88' lang='lat' dir='ltr'>ib.</span> <span class='ocrx_word' id='word_1_326' title='bbox 1976 2760 2082 2808; x_wconf 86' lang='lat' dir='ltr'>pag.</span> <span class='ocrx_word' id='word_1_327' title='bbox 2124 2759 2201 2793; x_wconf 78' lang='lat'>12.</span> 
     </span>
     <span class='ocr_line' id='line_1_51' title="bbox 1178 2823 2204 2890; baseline -0.001 -18"><span class='ocrx_word' id='word_1_328' title='bbox 1178 2823 1275 2876; x_wconf 81' lang='lat' dir='ltr'>Sed</span> <span class='ocrx_word' id='word_1_329' title='bbox 1308 2825 1425 2873; x_wconf 82' lang='lat' dir='ltr'>dum</span> <span class='ocrx_word' id='word_1_330' title='bbox 1455 2842 1536 2890; x_wconf 78' lang='lat' dir='ltr'>eqo</span> <span class='ocrx_word' id='word_1_331' title='bbox 1571 2826 1711 2880; x_wconf 81' lang='lat' dir='ltr'>doceo</span> <span class='ocrx_word' id='word_1_332' title='bbox 1743 2841 1800 2873; x_wconf 84' lang='lat' dir='ltr'>ae</span> <span class='ocrx_word' id='word_1_333' title='bbox 1832 2824 2032 2873; x_wconf 79' lang='lat' dir='ltr'>vindico</span> <span class='ocrx_word' id='word_1_334' title='bbox 2058 2825 2204 2888; x_wconf 84' lang='lat' dir='ltr'>fidem</span> 
     </span>
     <span class='ocr_line' id='line_1_52' title="bbox 1182 2905 2205 2972; baseline -0.002 -17"><span class='ocrx_word' id='word_1_335' title='bbox 1182 2923 1360 2965; x_wconf 84' lang='lat' dir='ltr'>meam,</span> <span class='ocrx_word' id='word_1_336' title='bbox 1380 2922 1632 2972; x_wconf 79' lang='lat' dir='ltr'>nunquam</span> <span class='ocrx_word' id='word_1_337' title='bbox 1653 2907 1751 2955; x_wconf 85' lang='lat' dir='ltr'>ullo</span> <span class='ocrx_word' id='word_1_338' title='bbox 1769 2907 1905 2955; x_wconf 59' lang='lat' dir='ltr'>’nodo</span> <span class='ocrx_word' id='word_1_339' title='bbox 1925 2905 2060 2955; x_wconf 82' lang='lat' dir='ltr'>illam</span> <span class='ocrx_word' id='word_1_340' title='bbox 2078 2908 2205 2955; x_wconf 70' lang='lat' dir='ltr'>exis-</span> 
     </span>
     <span class='ocr_line' id='line_1_53' title="bbox 1179 2986 2205 3054; baseline -0.003 -17"><span class='ocrx_word' id='word_1_341' title='bbox 1179 2991 1479 3038; x_wconf 79' lang='lat' dir='ltr'>timationem</span> <span class='ocrx_word' id='word_1_342' title='bbox 1498 3024 1512 3048; x_wconf 90' lang='lat'>,</span> <span class='ocrx_word' id='word_1_343' title='bbox 1551 3007 1658 3054; x_wconf 83' lang='lat' dir='ltr'>quae</span> <span class='ocrx_word' id='word_1_344' title='bbox 1687 2988 1884 3037; x_wconf 81' lang='lat' dir='ltr'>debetur</span> <span class='ocrx_word' id='word_1_345' title='bbox 1905 2989 2093 3037; x_wconf 78' lang='lat' dir='ltr'>eoeteris</span> <span class='ocrx_word' id='word_1_346' title='bbox 2123 2986 2205 3034; x_wconf 78' lang='lat' dir='ltr'>di-</span> 
     </span>
     <span class='ocr_line' id='line_1_54' title="bbox 1180 3070 2201 3137; baseline -0.004 -18"><span class='ocrx_word' id='word_1_347' title='bbox 1180 3074 1328 3120; x_wconf 83' lang='lat' dir='ltr'>versis</span> <span class='ocrx_word' id='word_1_348' title='bbox 1354 3072 1733 3136; x_wconf 78' lang='lat' dir='ltr'>confessionibus</span> <span class='ocrx_word' id='word_1_349' title='bbox 1750 3107 1765 3132; x_wconf 89' lang='lat'>,</span> <span class='ocrx_word' id='word_1_350' title='bbox 1799 3070 2004 3120; x_wconf 80' lang='lat' dir='ltr'>violabo.</span> <span class='ocrx_word' id='word_1_351' title='bbox 2033 3070 2201 3137; x_wconf 82' lang='lat' dir='ltr'>Quum</span> 
     </span>
     <span class='ocr_line' id='line_1_55' title="bbox 1178 3151 2205 3218; baseline -0.004 -17"><span class='ocrx_word' id='word_1_352' title='bbox 1178 3153 1359 3218; x_wconf 82' lang='lat' dir='ltr'>aliquis</span> <span class='ocrx_word' id='word_1_353' title='bbox 1388 3156 1493 3202; x_wconf 82' lang='lat' dir='ltr'>sine</span> <span class='ocrx_word' id='word_1_354' title='bbox 1529 3152 1627 3201; x_wconf 83' lang='lat' dir='ltr'>ulla</span> <span class='ocrx_word' id='word_1_355' title='bbox 1660 3156 1822 3218; x_wconf 85' lang='lat' dir='ltr'>requie</span> <span class='ocrx_word' id='word_1_356' title='bbox 1846 3151 2108 3205; x_wconf 84' lang='lat' dir='ltr'>obluctatus</span> <span class='ocrx_word' id='word_1_357' title='bbox 2136 3159 2205 3199; x_wconf 87' lang='lat' dir='ltr'>est</span> 
     </span>
     <span class='ocr_line' id='line_1_56' title="bbox 1170 3235 2200 3302; baseline -0.004 -18"><span class='ocrx_word' id='word_1_358' title='bbox 1170 3252 1264 3302; x_wconf 84' lang='lat' dir='ltr'>per</span> <span class='ocrx_word' id='word_1_359' title='bbox 1283 3238 1462 3300; x_wconf 75' lang='lat' dir='ltr'>viqinti</span> <span class='ocrx_word' id='word_1_360' title='bbox 1492 3244 1535 3283; x_wconf 84' lang='lat' dir='ltr'>et</span> <span class='ocrx_word' id='word_1_361' title='bbox 1560 3235 1771 3301; x_wconf 82' lang='lat' dir='ltr'>amplius</span> <span class='ocrx_word' id='word_1_362' title='bbox 1797 3251 1949 3283; x_wconf 80' lang='lat' dir='ltr'>annos</span> <span class='ocrx_word' id='word_1_363' title='bbox 1964 3269 1979 3295; x_wconf 90' lang='lat'><strong>,</strong></span> <span class='ocrx_word' id='word_1_364' title='bbox 2011 3242 2065 3281; x_wconf 88' lang='lat' dir='ltr'>ut</span> <span class='ocrx_word' id='word_1_365' title='bbox 2083 3248 2200 3300; x_wconf 78' lang='lat' dir='ltr'>per—</span> 
     </span>
     <span class='ocr_line' id='line_1_57' title="bbox 1179 3319 2203 3382; baseline -0.004 -16"><span class='ocrx_word' id='word_1_366' title='bbox 1179 3321 1451 3367; x_wconf 76' lang='lat' dir='ltr'>suasionem</span> <span class='ocrx_word' id='word_1_367' title='bbox 1483 3319 1777 3381; x_wconf 83' lang='lat' dir='ltr'>acquireret,</span> <span class='ocrx_word' id='word_1_368' title='bbox 1817 3333 2014 3382; x_wconf 78' lang='lat' dir='ltr'>eamque</span> <span class='ocrx_word' id='word_1_369' title='bbox 2041 3322 2203 3364; x_wconf 86' lang='lat' dir='ltr'>cora&#39;m</span> 
     </span>
     <span class='ocr_line' id='line_1_58' title="bbox 1179 3397 2200 3470; baseline -0.003 -22"><span class='ocrx_word' id='word_1_370' title='bbox 1179 3399 1419 3449; x_wconf 83' lang='lat' dir='ltr'>tribunali</span> <span class='ocrx_word' id='word_1_371' title='bbox 1442 3402 1648 3448; x_wconf 79' lang='lat' dir='ltr'>rationis</span> <span class='ocrx_word' id='word_1_372' title='bbox 1674 3400 1879 3465; x_wconf 79' lang='lat' dir='ltr'>firmiter</span> <span class='ocrx_word' id='word_1_373' title='bbox 1900 3397 2200 3470; x_wconf 45' lang='lat' dir='ltr'>stabiliret...</span> 
     </span>
     <span class='ocr_line' id='line_1_59' title="bbox 1180 3477 2199 3550; baseline -0.004 -20"><span class='ocrx_word' id='word_1_374' title='bbox 1180 3484 1267 3531; x_wconf 76' lang='lat' dir='ltr'>iste</span> <span class='ocrx_word' id='word_1_375' title='bbox 1284 3498 1400 3550; x_wconf 79' lang='lat' dir='ltr'>sane</span> <span class='ocrx_word' id='word_1_376' title='bbox 1420 3480 1678 3545; x_wconf 73' lang='lat' dir='ltr'>indulqens</span> <span class='ocrx_word' id='word_1_377' title='bbox 1694 3499 1807 3547; x_wconf 77' lang='lat' dir='ltr'>erqa</span> <span class='ocrx_word' id='word_1_378' title='bbox 1840 3497 2003 3530; x_wconf 79' lang='lat' dir='ltr'>omnes</span> <span class='ocrx_word' id='word_1_379' title='bbox 2025 3477 2199 3528; x_wconf 52' lang='lat' dir='ltr'>evadat.</span> 
     </span>
    </p>
   </div>
   <div class='ocr_carea' id='block_1_6' title="bbox 1181 3561 1538 3629">
    <p class='ocr_par' dir='ltr' id='par_1_9' title="bbox 1181 3561 1538 3629">
     <span class='ocr_line' id='line_1_60' title="bbox 1181 3561 1538 3629; baseline 0 -17"><span class='ocrx_word' id='word_1_380' title='bbox 1181 3580 1285 3629; x_wconf 86' lang='lat' dir='ltr'>pag.</span> <span class='ocrx_word' id='word_1_381' title='bbox 1327 3563 1384 3612; x_wconf 81' lang='lat'>13</span> <span class='ocrx_word' id='word_1_382' title='bbox 1404 3601 1416 3622; x_wconf 95' lang='lat'>‚</span> <span class='ocrx_word' id='word_1_383' title='bbox 1462 3561 1538 3626; x_wconf 74' lang='grc'>14.</span> 
     </span>
    </p>
   </div>
  </div>
 </body>
</html>
