2502 4134
285 121 405 181 290
889 138 1088 176 mser.
1141 139 1207 174 nu
1254 139 1405 177 nocis

1451 142 1815 181 THEOLOGICIS
1828 166 1842 181 .

1291 279 1326 358 g
1371 281 1463 338 iv.

1053 449 1136 503 De
1161 464 1339 502 sacra
1367 448 1669 525 Liturqia.

375 635 512 695 442.
564 634 803 693 Maximi
859 632 1186 693 faciendam
1250 655 1374 693 esse
1436 635 1842 695 auctoritatem
1899 658 2073 698 sacrae
2133 642 2437 724 Liturgiae.‚

292 755 542 816 eamque
583 730 923 791 habendam
962 730 1050 789 uti
1090 740 1304 791 testem
1343 731 1507 789 omni
1539 732 1885 814 exceptione
1924 741 2201 813 majorem
2232 739 2440 799 Tradi-

290 831 464 890 tionis
487 842 547 889 et
574 827 833 888 Ecclesiae
858 826 1028 902 fidei
1057 827 1106 886 is
1137 827 1293 886 solus
1315 828 1539 887 inficias
1566 828 1777 903 iverit,
1804 830 1907 912 qui
1930 853 2052 889 non
2077 832 2436 928 adverterit

290 928 353 985 in
378 925 473 985 illa
505 909 878 985 ecelesiarum
906 923 1174 983 omnium
1200 922 1465 983 exhiberi
1498 945 1702 985 vocem
1743 947 1808 984 ac
1838 927 2278 1002 testimonium
2309 930 2441 1013 Epi-

293 1045 639 1105 scoporum,
665 1021 1174 1103 Plesbyterorum.,
1194 1031 1254 1081 et
1275 1019 1507 1103 plebis
1492 1021 1672 1104 ipsius
1702 1021 2003 1103 suffragia
2037 1023 2228 1105 legeS.‚
2259 1026 2440 1102 ritu8‚

290 1120 500 1196 effata,
537 1118 813 1200 dogmata
847 1119 955 1197 (l).

374 1214 525 1274 443..
543 1214 599 1273 Si
622 1213 762 1296 quid
783 1224 1093 1296 propterea
1115 1212 1431 1273 occurrerit
1455 1213 1723 1272 omnium
1740 1215 2127 1296 Liturgiarum
2155 1238 2443 1278 consensu

291 1313 629 1387 firmatum,
670 1309 834 1374 velut
872 1309 1134 1369 Ecclesiae
1174 1310 1355 1393 ipsius
1396 1311 1802 1370 testimonium
1837 1314 2088 1395 spectari
2128 1313 2323 1374 debet.
2362 1316 2445 1375 Ex

288 1408 560 1489 Liturgiis
592 1428 733 1468 vero
762 1427 1026 1466 seorsum
1060 1406 1309 1487 sumptis
1339 1428 1404 1466 ea
1445 1406 1811 1488 praeferenda
1841 1412 1929 1468 est
1949 1456 1964 1481 ,
2006 1431 2137 1492 quae
2170 1408 2443 1471 nobiliori

292 1506 352 1563 in
392 1502 629 1564 ecclesia
674 1524 780 1561 usu
823 1513 1055 1583 recepta
1098 1512 1202 1560 est.
1252 1502 1413 1561 Inter
1446 1502 1838 1562 occidentales
1879 1503 2144 1564 ecclesias
2182 1506 2444 1589 primum

290 1600 484 1660 locum
524 1598 754 1658 obtinet
792 1597 1026 1678 liturgia
1067 1599 1330 1656 Romana
1374 1597 1501 1676 (2),
1540 1597 1756 1658 deinde
1795 1621 1934 1659 vero
1973 1598 2270 1660 Gallicana
2315 1600 2439 1682 (3),

293 1696 608 1780 Hispanica
646 1694 818 1776 vulgo
851 1691 1206 1753 Mozarabiea
1236 1704 1573 1774 nuncupata
1602 1693 1715 1773 (4).
1752 1696 1912 1755 lnter
1941 1695 2252 1761 orientales
2282 1696 2448 1779 prin·-

363 1917 428 1982 (l)
464 1916 563 1966 Cfr.
588 1916 829 1976 Zaccaria,
853 1912 1066 1963 Dissert.
1105 1914 1164 1963 de
1192 1913 1333 1962 litur-

289 2001 489 2065 9iarum
504 2000 560 2047 in
578 1998 720 2047 rebus
737 1996 915 2062 theoloy
924 1999 1012 2046 icis
1028 2014 1121 2046 usu
1133 2030 1149 2059 ,
1166 2014 1267 2063 cap.
1279 1994 1332 2060 4,

291 2080 318 2148 §
350 2099 399 2132 2.
422 2082 635 2132 Profecto
657 2080 708 2131 S.
730 2080 1017 2146 Augustinus
1044 2083 1096 2128 in
1125 2080 1332 2145 disputa-

235 2207 245 2211 ,
295 2164 527 2225 tionibus,
544 2177 661 2231 quas
689 2164 855 2212 habuit
887 2173 1046 2212 eontra
1064 2161 1333 2228 Pelagianos

297 2266 354 2297 ac
382 2248 811 2313 Semipelagianos,
837 2256 1067 2312 ¹perpetuo
1102 2254 1233 2311 urget
1260 2263 1335 2293 ar-

297 2340 577 2396 gumentum
596 2346 649 2378 ex
668 2316 885 2391 Ecelesiae
906 2328 1092 2391 liturgia
1111 2327 1334 2392 desump-

295 2425 397 2462 tum
425 2423 653 2479 tanquam
674 2412 1014 2460 validissimum
1042 2410 1103 2459 ad
1128 2412 1335 2476 ipsorum

298 2495 622 2562 infringendos
649 2504 858 2543 conatus.
872 2492 1033 2543 Unum
1051 2486 1123 2543 vel
1140 2494 1335 2541 alterum

296 2581 632 2628 testimonium
677 2576 725 2626 S.
772 2576 983 2625 Doctoris
1006 2612 1021 2637 ‚
1049 2579 1337 2642 'speciminis

294 2664 439 2728 gratia
481 2661 753 2710 afferamus.
796 2659 875 2708 Sic
914 2661 1045 2708 enim
1094 2659 1302 2726 loquitur
1320 2698 1333 2720 ‚

294 2743 459 2812 Epist.
495 2762 679 2805 ccxvn,
714 2744 777 2793 al.
811 2760 937 2803 cvn,
980 2741 1046 2790 ad
1078 2741 1134 2791 V
1134 2743 1296 2792 italem
1316 2779 1333 2805 ‚

297 2849 350 2880 n.
381 2846 411 2879 2
442 2848 457 2880 ε
483 2826 671 2880 Exsere
699 2836 868 2878 contra
897 2828 1136 2876 orationes
1167 2825 1336 2876 Eccle-

294 2915 383 2964 sioe
398 2912 756 2980 disputationes
766 2919 897 2974 tuas,
917 2920 965 2958 et
976 2909 1172 2976 quando
1186 2909 1333 2959 audis

296 2995 599 3045 Sacerdotem
613 2992 712 3044 Dei
733 2994 799 3043 ad
827 2992 979 3041 altare
1005 2992 1334 3042 ewhortantem

286 3077 526 3144 populum
567 3075 695 3139 Dei,
743 3093 881 3124 orare
913 3091 1006 3142 pro
1039 3075 1332 3136 incredulis,

292 3169 346 3209 ut
364 3177 440 3209 eos
463 3161 602 3210 Deus
621 3167 865 3209 convertat
883 3158 950 3206 ad
973 3157 1119 3223 fidem
1141 3196 1152 3218 ,
1187 3165 1234 3206 et
1240 3176 1339 3225 pro

293 3242 679 3303 catechumenis,
700 3251 754 3290 ut
778 3243 850 3290 eis
875 3239 1166 3289 desiderium
1200 3257 1336 3306 reye-

294 3326 570 3373 nerationis
602 3325 839 3389 inspiret,
885 3333 930 3372 et
948 3340 1040 3389 pro
1078 3322 1338 3387 fidelibus,

295 3418 346 3455 ut
383 3408 437 3455 in
475 3424 557 3467 eo,
605 3407 731 3471 quod
770 3424 869 3455 esse
906 3415 1179 3473 coeperunt,
1229 3409 1333 3472 ejus

294 3507 491 3538 munere
532 3500 865 3555 perseverent,
920 3488 1171 3539 subsanna
1218 3492 1335 3555 pias

292 3589 455 3635 voces,
496 3583 586 3621 etc.
630 3570 688 3619 Et
728 3574 778 3620 in
809 3574 894 3622 lib.
927 3571 995 3622 De
1026 3573 1149 3622 dono
1171 3590 1336 3638 perse-

290 3657 555 3718 verantioe,
588 3673 684 3720 cap.
730 3655 794 3703 23
818 3694 829 3716 ,
862 3674 912 3706 n.
938 3655 1004 3705 63
1036 3674 1048 3706 :
1096 3654 1332 3720 Utinam,

1419 1916 1573 1980 inquit
1588 1951 1602 1977 ‚
1623 1914 1757 1963 tardi
1772 1915 1911 1963 corde
1937 1925 1981 1963 et
2005 1917 2221 1980 infirmi,
2245 1921 2333 1983 qui
2350 1934 2450 1967 non

1413 1992 1617 2062 possunt
1633 1995 1707 2045 cel
1718 1998 1932 2046 nondum
1944 2008 2147 2064 possunt
2166 1996 2449 2066 Scripturas

1417 2078 1492 2127 vel
1516 2096 1684 2127 earum
1716 2081 2033 2146 expositiones
2068 2080 2356 2146 intelliqere,
2378 2082 2447 2130 sic

1417 2161 1732 2211 audirentvel
1745 2180 1842 2211 non
1874 2162 2103 2212 audirent
2130 2166 2187 2212 in
2201 2165 2293 2216 hac
2306 2183 2440 2230 quw-

1418 2247 1572 2293 stione
1588 2244 1938 2312 disputationes
1952 2256 2140 2294 nostras
2159 2282 2176 2309 ‚
2207 2253 2265 2295 ut
2286 2249 2441 2314 maqis

1418 2329 1723 2375 intuerentur
1741 2330 1978 2376 orationes
2003 2345 2118 2377 suas
2131 2365 2149 2391 ,
2180 2347 2302 2395 quas
2317 2347 2441 2380 sem-

1411 2427 1504 2476 per
1525 2409 1617 2458 hab
1625 2411 1699 2457 uit
1714 2418 1758 2458 et
1776 2409 1970 2458 habebit
1985 2409 2205 2460 Ecclesia
2223 2413 2284 2460 ab
2304 2430 2439 2461 exor-

1419 2493 1520 2541 diis
1544 2494 1675 2555 suis,
1705 2494 1852 2541 donec
1871 2493 2085 2557 finiatur
2100 2493 2186 2542 hoc
2205 2494 2438 2545 seculum.

1421 2574 1480 2623 Et
1510 2575 1620 2624 alibi
1654 2575 1844 2641 passim.
1878 2572 1955 2625 Sic
1987 2578 2126 2626 etiam
2156 2577 2323 2626 exinde
2350 2575 2440 2627 de-

1422 2643 1593 2723 promit
1609 2669 1886 2721 argumenta
1913 2657 2315 2726 S.Hieronymus‚
2346 2659 2440 2709 Au-

1421 2751 1517 2789 ctor
1537 2741 1646 2789 libri
1660 2738 1732 2790 De
1751 2743 1998 2790 vocatione
2007 2744 2224 2807 yentium
2248 2743 2438 2809 aliique.

1421 2822 1517 2871 cfr.
1534 2821 1676 2872 Car-d.
1695 2823 1843 2884 Bona,
1862 2821 2043 2874 Rerum
2062 2823 2278 2890 liturqic.
2298 2825 2386 2875 lib.
2403 2843 2437 2884 ι,

1420 2922 1523 2971 cap.
1556 2921 1584 2970 7
1605 2942 1618 2965 ‚
1649 2902 1676 2971 §
1704 2905 1733 2955 3
1753 2942 1768 2966 ‚
1800 2923 1908 2954 cum
1935 2907 2124 2956 eruditis
2152 2907 2441 2957 adnotation.

1420 2988 1543 3037 Rob.
1570 2983 1678 3036 Sala
1699 3025 1712 3048 ,
1740 2998 1856 3038 tom.
1891 3005 1940 3049 1,
1971 3005 2078 3056 pag.
2115 2986 2208 3038 106
2238 2999 2281 3039 et
2305 3007 2438 3057 seqq.

1490 3069 1562 3139 (2)
1601 3068 1679 3119 Cf.
1716 3069 1995 3120 Muratorius
2014 3108 2027 3131 ,
2071 3073 2305 3136 Liturqia
2348 3073 2441 3122 Ro-

1421 3171 1568 3203 mana
1600 3162 1751 3205 vetus.
1784 3154 1904 3204 Diss.
1922 3155 2003 3204 De
2017 3155 2156 3204 rebus
2171 3155 2442 3222 liturqicis,

1422 3257 1523 3304 cap.
1552 3254 1581 3285 2
1602 3274 1617 3298 ‚
1650 3236 1730 3285 De
1753 3237 1892 3288 Rom.
1922 3237 2156 3287 Ecclesiae
2185 3238 2407 3305 liturqia.

1491 3321 1559 3386 (3)
1596 3320 1692 3369 Csr.
1709 3320 1957 3380 mabillon,
1976 3319 2056 3369 De
2084 3321 2284 3387 litut-qia
2321 3321 2441 3373 Gal-

1418 3403 1598 3464 licana,
1614 3402 1765 3455 Lutet.
1782 3402 1924 3453 Paris.
1947 3400 2097 3469 1685,
2113 3405 2198 3455 lib.
2214 3423 2253 3466 1,
2271 3423 2372 3472 cap.
2387 3405 2440 3470 4.

1487 3487 1552 3553 (It)
1588 3486 1683 3537 cfr.
1704 3486 1845 3538 Card.
1876 3488 2002 3538 Bona
2025 3528 2037 3552 ,
2073 3508 2148 3555 op.
2168 3494 2248 3541 eit.
2280 3491 2364 3540 lib.
2395 3508 2439 3551 ι,

1419 3569 1713 3638 oap.11‚§
1756 3589 1802 3621 ι.
