2502 4134
327 192 484 231 PAn'r.
527 190 617 227 111.
667 189 820 227 secr.
868 190 909 226 1.
956 189 1081 227 cn.
1129 190 1168 227 1.
1215 190 1282 226 »Β
1325 189 1452 227 ΜΤ.
1502 189 1630 227 Aur.
1678 188 1788 225 rm.
1838 186 2021 225 srncr.
2115 164 2232 225 359

137 334 352 391 Omnes
388 331 650 390 kenuines
684 330 886 388 vident
917 351 1088 401 eum,
1128 335 1536 411 unusquisque
1570 333 1843 389 intuetur
1873 327 2095 407 procul
2116 327 2228 410 (l).

131 426 268 506 Sap.
299 426 456 497 XIII,
488 426 516 482 1
540 470 556 498 ,
579 423 939 483 ¹luculentius
970 424 1158 483 adhuc
1180 424 1391 484 dicitur
1414 447 1429 486 z
1463 425 1629 485 Vani
1649 435 1848 483 autem
1873 434 2014 483 eunt
2038 445 2236 485 omnes

130 519 426 590 bonziueS,
466 523 534 577 in
575 521 795 598 quibus
830 542 947 580 non
991 520 1188 578 subest
1224 522 1476 578 scientia
1520 521 1675 587 Dei,·
1720 529 1776 578 et
1817 521 1889 579 de
1932 520 2062 592 Itis,
2101 541 2234 598 quw

130 613 413 671 videntur
445 615 598 672 bona
614 657 638 685 ,
675 635 795 672 non
831 623 1164 693 potuerunt
1195 614 1519 692 intelliyere
1546 633 1718 683 eum,
1758 618 1873 692 qui
1903 624 2015 680 θεὼ
2051 635 2236 693 neque

128 709 409 784 operibus
432 710 816 778 attendentes,
838 718 1239 788 aynoveruut,
1264 712 1401 786 quis
1425 718 1566 765 esset
1593 710 1836 784 artif'eoe.
1862 709 1931 766 Et
1957 729 2187 767 rursum
2213 730 2227 766 :

129 804 189 861 A
227 805 645 883 maynitudine
675 807 836 861 enim
870 806 1084 881 speciei
1115 813 1170 860 et
1200 813 1493 861 ereaturoe
1527 803 1999 880 coynoseibiliter
2015 807 2237 882 poterit

129 908 359 957 creator
374 899 591 957 horum
615 899 812 957 videri
831 898 942 978 (2).
968 898 1335 979 Quapropter
1361 894 1696 977 ApostoluS,
1729 895 1854 954 Act.
1873 897 2037 971 XIV,
2074 896 2148 955 14
2172 908 2232 956 et

132 1013 294 1072 seqq.
339 1015 353 1049 :
400 994 521 1072 Qui
544 996 721 1071 feeit,
759 992 979 1074 inquit,
1008 994 1221 1050 eaelum
1250 1003 1304 1050 et
1330 1002 1583 1059 terram,
1610 1001 1664 1047 et
1689 1011 1886 1060 mare,
1912 1002 1966 1049 et
1989 996 2193 1050 omnia
2206 1035 2230 1064 ,

129 1083 263 1165 quse
290 1093 360 1145 iu
382 1091 466 1146 eis
491 1099 668 1156 surm
699 1091 814 1166 qui
846 1091 916 1145 in
940 1091 1270 1166 praeteritis
1306 1086 1795 1165 yeuerationibua‘
1837 1087 2071 1146 dimisit
2108 1108 2228 1146 om-

129 1203 233 1241 ues.
270 1193 462 1262 yentes
499 1183 736 1262 ingredi
782 1185 910 1240 vias
932 1176 1129 1246 *euax
1177 1192 1232 1239 et
1273 1181 1514 1259 quidem
1562 1200 1683 1238 nou
1733 1183 1862 1238 siue
1906 1185 2230 1241 testimonio

127 1281 499 1355 semetipsum
534 1278 809 1354 reliquit,
847 1277 1218 1353 benefaciens
1253 1276 1322 1333 de
1354 1277 1490 1335 eoelo
1503 1318 1526 1347 ,
1558 1276 1713 1333 daus
1730 1277 1978 1355 pluvias
2004 1287 2059 1334 et
2082 1287 2227 1335 tem-

116 1393 273 1448 pora
295 1371 654 1449 fructifera,
685 1372 939 1449 impleus
964 1372 1095 1428 cibo
1126 1380 1181 1427 et·
1210 1371 1420 1450 laetitia
1455 1370 1635 1429 corda
1671 1380 1891 1428 nostra.
1926 1372 2059 1428 Jam
2089 1392 2226 1432 vero

125 1465 299 1522 inane
335 1485 569 1544 prorsus
620 1476 769 1523 esset
813 1463 1099 1542 ejusmodi
1150 1457 1550 1523 testimonium
1576 1507 1593 1537 ,
1643 1463 1801 1546 quod
1846 1463 1919 1523 de
1965 1485 2026 1523 se
2073 1468 2227 1525 Deus

125 1556 458 1616 hominibus
488 1559 554 1616 in
585 1559 857 1618 creaturis
893 1557 1163 1638 reliquit,
1197 1558 1246 1616 si
1279 1557 1456 1617 homo
1487 1559 1713 1618 ratione
1744 1580 1846 1617 sua
1879 1580 1950 1617 ex
1976 1560 2124 1640 'ipsis
2151 1560 2228 1619 ad

125 1654 314 1712 Deum
356 1654 820 1732 cognoscendum
871 1674 1167 1732 assurgere
1215 1675 1335 1711 non
1385 1664 1599 1735 posset.
1639 1653 1742 1712 Ast
1791 1652 2228 1712 ratiocinatione

129 1769 273 1829 opus
309 1769 437 1806 non.
471 1760 596 1822 est,
641 1769 808 1820 cum,
849 1747 1007 1829 quod
1043 1748 1401 1807 intendimus
1423 1793 1438 1822 ,
1481 1747 1635 1807 idem
1683 1746 1987 1829 Apostolus
2026 1758 2227 1829 aperte

124 1841 375 1902 declaret
411 1843 473 1900 in
509 1842 688 1925 Epist.
731 1843 805 1902 ad
847 1845 1014 1902 Rom.
1046 1844 1106 1916 I,
1153 1842 1269 1916 20,
1316 1842 1513 1901 dicens
1554 1865 1567 1899 :
1602 1842 1957 1901 Invisibilia
1996 1844 2225 1920 ipsine,

125 1959 164 1995 a
209 1949 483 1996 ereatura
524 1940 778 2007 mundi,
818 1958 928 2017 per
966 1958 1033 1996 ea
1074 1958 1209 2016 quoe
1242 1940 1412 2015 faeta
1455 1947 1626 2005 sunt,
1660 1938 1953 1995 intellecta
1989 1940 2228 2016 conspi-

124 2036 381 2091 ciuntur
413 2055 433 2092 .·
471 2037 832 2112 sempiterna
880 2052 1105 2111 quoque
1152 2036 1286 2111 ejus·
1317 2036 1518 2091 virtus
1557 2042 1612 2090 et
1644 2032 1971 2105 divinitas,
2018 2037 2106 2091 ita
2151 2043 2225 2090 ut

124 2131 251 2186 sint
283 2129 715 2187 inexcusabiles
731 2151 759 2195 ,··
790 2132 968 2207 quia,
1013 2148 1145 2186 eum
1191 2121 1588 2207 eoquovisseut
1622 2129 1862 2199 Deum,
1905 2146 2024 2187 uon
2067 2130 2226 2187 sieut

126 2222 322 2280 Deum
346 2224 900 2302 ylorifieaveruut...
937 2223 1186 2281 dieentes
1218 2225 1379 2282 euim
1393 2265 1417 2294 ,
1453 2242 1511 2281 se
1543 2243 1657 2280 esse
1692 2227 1983 2301 sapientes
1995 2263 2019 2293 ,
2047 2224 2225 2281 stulti

119 2319 278 2394 facti
307 2327 467 2375 sunt.
504 2318 583 2375 Ex
615 2316 824 2397 quibus
857 2316 1164 2398 postremis
1197 2315 1388 2374 verbis
1415 2314 1789 2394 intelligimus
1808 2357 1825 2387 ,
1865 2315 2111 2374 Paulum
2138 2314 2223 2374 de*

125 2410 481 2492 philosophis
502 2411 791 2492 praecipue
818 2410 912 2469 hic
939 2431 1061 2470 esse
1078 2409 1369 2483 locutum,
1395 2408 1635 2490 quinon
1662 2407 1852 2466 solum
1876 2425 2227 2488 cognoscere*

127 2507 348 2579 Deum,
393 2526 594 2565 verum
630 2505 805 2564 etiam
841 2508 961 2582 ejus
1001 2503 1369 2563 existentiam
1407 2502 1629 2561 ratione
1667 2502 1970 2561 ostendere
2011 2523 2075 2563 ac
2116 2500 2222 2562 de·-

125 2611 450 2658 monstrare
476 2609 791 2681 potuerunt
819 2598 927 2677 (3).
962 2598 1296 2658 Omittimus
1331 2619 1500 2678 porro
1538 2595 1839 2658 brevitatis
1879 2596 2059 2676 gratia
2092 2613 2221 2654 non·

124 2715 305 2776 pauca
333 2693 538 2751 similia
564 2693 989 2774 Scripturarum
1018 2692 1239 2774 eloquia
1255 2734 1271 2766 ,
1299 2712 1426 2773 quae
1449 2690 1718 2751 eamdem
1739 2690 2046 2752 veritatem
2068 2710 2217 2750 con·

126 2789 363 2846 firmant
399 2786 514 2868 (4).

194 3006 262 3069 (l)
283 3006 340 3053 In
357 3005 608 3071 quumloc.
628 3005 691 3054 cf.
711 3019 816 3070 quae
832 3004 968 3053 docte
982 3002 1144 3052 scribit·
1217 3004 1326 3053 Vid.
1350 3005 1485 3052 etiam
1513 3002 1656 3053 Corn.
1680 3021 1706 3052 a
1727 3002 1898 3068 Lapide
1914 3039 1928 3063 ,
1957 3000 2221 3052 Commeat.
2308 3007 2313 3016 ¹

131 3084 264 3135 Joan.
294 3086 361 3135 De
394 3085 562 3135 Pineda
593 3084 644 3135 S.
662 3085 707 3135 J.
730 3088 849 3134 circa
881 3085 1132 3134 naturalem
1215 3088 1266 3133 in
1293 3086 1419 3133 hunc
1444 3085 1617 3134 locum.

131 3164 217 3214 Dei
243 3170 545 3231 cognitionem
571 3186 630 3216 exf
649 3170 866 3216 creaturis
893 3167 1131 3227 haustam,
1281 3165 1352 3230 (3)
1385 3166 1482 3216 Cfr.
1515 3165 1658 3215 Card.
1685 3164 1871 3213 Toletus
1887 3202 1900 3224 ‚
1954 3163 2219 3213 Commeat.

136 3243 391 3297 commem.
416 3250 474 3296 in
499 3248 618 3312 Job,
645 3259 760 3300 tom.
792 3265 859 3310 ιι,
887 3266 990 3314 pag.
1009 3246 1133 3315 507,
1214 3251 1273 3315 {m
1312 3250 1451 3314 epist.
1486 3246 1550 3296 ad
1589 3247 1726 3296 Rom.
1773 3245 1930 3295 Romae
1970 3243 2095 3294 1602
2118 3282 2132 3307 ,
2172 3248 2223 3295 in

133 3324 294 3377 Venet.
325 3325 465 3392 1604.
1211 3329 1339 3377 hunc
1365 3330 1481 3391 loc.;
1509 3332 1621 3376 item
1649 3326 1888 3375 Salmeron
1907 3363 1921 3386 ‚
1955 3325 2219 3375 Comment.

200 3404 264 3469 (2)
298 3405 487 3459 Ibid.v.
505 3407 551 3459 5.
572 3411 644 3459 Ex
666 3412 835 3478 quibus
861 3421 1012 3476 patet,
1038 3426 1133 3458 non
1213 3411 1272 3458 in
1320 3414 1461 3476 epist.
1512 3408 1580 3458 B.
1632 3406 1801 3457 Pauli.
1850 3407 2017 3457 Colon.
2062 3406 2221 3474 Agrip.

134 3484 191 3532 de
224 3484 463 3549 probabili
500 3489 584 3539 Dei
629 3494 700 3556 agi
744 3494 1001 3555 cognitione
1023 3527 1037 3548 ‚
1082 3500 1133 3538 ut
1215 3502 1326 3540 tom.
1346 3493 1540 3555 x111,in
1568 3490 1704 3556 epist.
1738 3490 1803 3539 ad
1831 3491 1969 3540 Rom.
1995 3490 2105 3538 diss.
2125 3488 2220 3551 133

134 3565 351 3613 nonnulli
373 3577 637 3631 autumant,
671 3574 749 3621 sed
783 3571 845 3621 de
872 3570 1133 3637 cognitione
1215 3573 1368 3632 Estius
1387 3611 1401 3633 ,
1439 3577 1489 3621 in
1518 3573 1644 3621 hunc
1674 3572 1766 3622 loc.
2048 3631 2050 3634 y

138 3648 325 3695 omnino
348 3655 514 3711 certa»,
538 3650 787 3703 haurienda
807 3672 860 3704 cx
892 3656 1129 3704 creaturis.
1284 3654 1351 3719 (h)
1389 3654 1465 3704 Ps.
1503 3670 1644 3715 xvm,
1685 3669 1745 3718 23
1787 3654 1867 3704 Ps.
1910 3669 2004 3715 cn,
2039 3665 2128 3700 22.
2166 3650 2229 3700 Ut
