2502 4134
397 116 552 156 PART.
600 114 687 151 ιιι.
735 113 885 151 secr.
934 113 972 148 l.
1021 112 1144 150 cn.
1191 114 1252 149 11.
1299 114 1364 148 nn
1408 112 1533 149 MT.
1583 111 1696 147 cum
1743 111 1851 146 rm.
2047 88 2188 148 477

82 257 294 342 quibus*
322 250 592 315 omnibus
629 260 761 332 jure
795 254 1004 313 merito
1035 253 1299 312 inferunt
1338 240 1592 332 theologi
1635 257 1919 310 moralem
1966 251 2190 310 revela-

80 353 254 412 tionis
273 350 681 411 necessitatem
707 350 884 408 etiam
910 348 1104 430 quoad
1131 346 1413 437 naturalis
1446 346 1666 406 ordinis
1702 345 1999 407 veritates
2029 346 2198 404 Cete-

79 470 214 506 rum
234 445 517 506 revelatio
542 445 857 506 veritatum
882 464 1082 525 presso
1100 441 1823 523 sensusupernaturalium
1837 462 1903 500 ea
1919 452 2007 499 est
2023 485 2040 517 ‚
2065 462 2196 522 quae

79 541 384 600 hominem
420 563 489 599 ex
534 551 698 621 parte
737 538 947 615 obJ'ecti
995 537 1070 596 ad
1114 535 1622 617 supernaturalem
1663 535 1930 595 ordinem
1965 535 2193 611 elevat,

81 635 406 717 quibusque
458 633 765 694 credendis
805 631 920 690 fide
968 630 1287 711 theologica
1336 652 1481 712 opus
1517 642 1633 690 est.
1677 630 1824 688 Cum
1859 631 2033 708 igitur
2079 630 2203 690 haec

81 728 766 811 gratuito‘supervenerit
796 726 1021 785 homini
1042 771 1058 799 ‚
1090 737 1264 807 atque
1290 723 1363 783 ab
1388 746 1457 784 eo
1485 725 1675 783 amitti
1709 735 1809 783 aut
1846 727 2039 807 respui
2066 747 2204 808 pos-

82 825 191 898 sit7
236 835 436 905 aperte
478 822 888 903 consequitur,
940 842 1070 880 eam
1116 821 1360 878 omnino
1405 819 1751 878 rationalem
1793 819 2206 880 transcendere

83 931 355 978 naturam
375 965 391 993 ,
424 938 532 977 nec
560 916 633 976 ab
674 938 740 976 ea
769 937 938 998 posse
971 916 1246 977 veritates
1282 915 1411 973 illas
1452 915 1576 975 sive
1620 914 2042 997 metaphysicas
2083 917 2207 977 sive

84 1013 332 1073 morales
358 1012 617 1093 pendere
640 1056 656 1087 ,
699 1032 951 1092 quarum
989 1011 1036 1070 si
1082 1011 1272 1069 omnis
1302 1009 1527 1068 homini
1553 1010 1899 1069 detrahatur
1926 1010 2205 1090 cogniti0‚

87 1121 298 1169 natura
336 1115 458 1188 ejus
497 1107 794 1168 rationalis
821 1129 884 1167 ac
921 1106 1253 1186 intelligens
1287 1106 1622 1166 destruatur
1647 1128 1880 1166 necesse
1909 1119 2018 1166 est.
2046 1107 2222 1166 Veri·

86 1217 232 1265 tates
262 1204 507 1286 proinde
541 1202 1010 1285 supernaturales
1042 1202 1220 1260 homo
1254 1203 1477 1274 credit,
1513 1201 1808 1261 naturales
1851 1213 2049 1262 autem
2104 1223 2206 1262 co-
2239 1189 2241 1191 ¹

79 1305 309 1380 ,quescit
335 1298 523 1357 etiam
536 1341 558 1368 ,
598 1310 700 1356 aut
726 1297 933 1357 saltem
958 1318 1298 1378 cognoscere
1325 1307 1537 1378 potest.

171 1393 308 1452 199.
355 1392 665 1475 Uberrima
694 1402 822 1449 tum
853 1398 1148 1450 sacrarum
1184 1393 1533 1449 Litterarum
1570 1402 1699 1449 tum
1733 1393 1969 1451 Patrum
2007 1404 2212 1452 aucto-

84 1489 256 1546 ritate
303 1486 424 1546 haec
456 1487 690 1546 firmare
723 1506 1025 1567 possemus
1039 1492 1062 1558 ς
1108 1496 1191 1543 a‘st
1236 1485 1352 1544 haec
1387 1490 1511 1563 jam
1547 1507 1581 1545 a
1607 1486 1775 1545 nobis
1811 1501 2211 1570 praeoccupata

86 1582 323 1641 fuerunt
363 1582 425 1639 in
463 1581 764 1663 >superiore
811 1582 1034 1661 capite3
1074 1601 1151 1650 ne
1189 1580 1436 1660 proinde
1479 1591 1671 1639 actum
1711 1603 1981 1661 agamuS,
2027 1582 2101 1641 ad
2146 1604 2214 1643 ea

86 1676 210 1735 loca
247 1675 622 1735 remittimus,
671 1674 763 1734 Ob
800 1674 1069 1734 eamdem
1105 1674 1282 1756 plane
1321 1677 1644 1751 rationem,
1692 1688 1868 1758 atque
1908 1688 1973 1735 ut
2013 1675 2215 1737 brevi-

90 1771 199 1830 tati
240 1770 576 1829 studeamus
597 1815 612 1844 .,
642 1768 1014 1828 difficultates
1036 1814 1052 1843 7
1085 1791 1215 1850 quae
1236 1770 1298 1827 in
1316 1769 1469 1828 hanc
1495 1770 1709 1830 thesim
1736 1772 1929 1851 urgeri
1951 1782 2212 1853 possent,

91 1866 442 1924 omittimus
473 1866 563 1924 Eae
591 1865 807 1946 quippe
843 1865 905 1922 in
941 1863 1069 1922 illas
1106 1864 1226 1923 fere
1260 1865 1589 1925 reciderent
1609 1912 1624 1941 ᾖ
1654 1887 1780 1948 quae
1805 1869 2122 1949 propositae
2151 1868 2215 1926 in

92 1961 264 2021 citato
290 1961 483 2041 capite
512 1959 751 2020 fuerunt
771 2005 787 2035 ‚
822 1960 1052 2018 acsatis
1078 1957 1314 2019 abunde
1339 1959 1560 2021 ibidem
1583 1961 1803 2055 saolutae.

878 2219 1287 2274 PROPOSITIO
1328 2222 1396 2273 ΙΙ.

95 2394 256 2452 Licet
278 2398 498 2452 motiva
520 2394 943 2453 credibilitatis
966 2398 1364 2452 extrinsecam
1379 2395 1652 2471 pariant
1686 2392 2042 2471 objectorum
2057 2389 2213 2472 ¹fidei

175 2489 561 2558 evidentiam,
613 2511 933 2568 nunquam
983 2500 1184 2548 tamen
1232 2491 1584 2547 constituere
1629 2487 1882 2568 'possunt
1928 2491 2221 2549 motivum

166 2586 428 2662 formale
466 2595 636 2643 actus
666 2585 828 2662 fidei.

177 2801 315 2859 200.
363 2802 469 2859 Eos
528 2802 760 2883 impetit
804 2802 1161 2884 propositiO,
1230 2803 1330 2882 qui
1385 2822 1694 2883 perperam
1748 2803 2219 2884 praerequisitam

98 2896 453 2955 motivorum
504 2895 903 2955 credibilitatis
943 2896 1337 2976 cognitionem
1383 2908 1443 2955 et
1486 2897 1922 2978 persuasionem
1959 2897 2034 2956 ad
2078 2920 2223 2979 pru—

99 2988 338 3049 dentem
378 2989 763 3071 praebendum
797 2991 939 3051 fidei
981 3013 1283 3051 assensum
1323 3012 1457 3050 cum
1500 2992 1616 3051 fide
1650 2992 1775 3073 ipsa
1819 2993 2220 3070 confundunt,

102 3087 337 3165 ejusque
368 3088 627 3164 formali
670 3086 926 3159 metim,
964 3087 1126 3167 quasi
1164 3108 1379 3167 nempe
1416 3086 1561 3145 fides
1599 3087 1725 3168 ipsa
1766 3088 1829 3144 in
1864 3108 1924 3146 se
1965 3099 2223 3169 spectata

103 3177 166 3234 in
202 3180 587 3241 extrinsecam
630 3180 790 3239 illam
837 3179 1202 3258 objectorum
1243 3180 1601 3240 evidentiam
1652 3180 2072 3257 resolveretur,
2124 3193 2224 3242 aut

98 3274 352 3349 formale
377 3276 665 3335 motivum
693 3287 853 3334 actus
885 3275 1019 3335 fidei
1063 3274 1137 3334 ab
1170 3275 1374 3335 eadem
1412 3275 1704 3336 evidentia
1740 3277 2222 3338 constitueretur.

106 3367 283 3424 Porro
316 3377 440 3426 toto
479 3370 624 3430 coelo
652 3371 792 3429 istos
841 3392 872 3429 a
911 3391 1046 3430 vera
1082 3369 1216 3430 fidei
1251 3371 1490 3445 notione
1527 3369 1841 3445 abludere,
1880 3372 2045 3432 facile
2071 3371 2225 3431 colli-

102 3459 257 3538 gitur
280 3462 434 3521 exiis
449 3506 466 3536 .,
496 3485 622 3545 quae
644 3466 707 3524 in
729 3465 1080 3547 praecedenti
1106 3465 1500 3547 propositione
1532 3466 1607 3525 de
1623 3470 1975 3546 principio,
1997 3469 2223 3546 effectu,

106 3559 308 3614 motivo
327 3559 580 3635 formali
604 3581 668 3619 ac
698 3562 822 3639 fine
862 3562 995 3623 fidei
1025 3562 1355 3641 theologicae
1389 3561 1785 3621 disseruimus,
