2502 4134
2059 145 2176 204 297

363 177 520 214 PAn'r.
567 176 631 212 11.
680 173 827 210 SEGT.
874 171 932 209 u.
979 172 1100 208 CAP.
1151 172 1212 209 Π.
1262 169 1330 207 DE
1375 169 1506 208 MED.
1550 169 1676 207 GEN.
1722 165 1888 206 TRAD-

74 321 194 382 sive
215 318 458 401 privatae
479 312 787 394 opiniones
807 359 823 387 7
852 313 975 373 sive
994 312 1297 392 exegeticae
1312 311 1734 391 Scripturarum
1747 307 2139 390 expositiones
2159 354 2181 382 7

73 436 200 496 quae
243 435 363 471 non
400 409 672 470 omnibus
717 408 1076 491 probantur7
1125 408 1308 466 immo
1352 408 1529 466 etiam
1569 404 1925 482 rejiciuntur.
1980 406 2190 463 Patres-

36 528 38 534 ·
73 528 303 591 quoque
342 528 464 565 non
495 505 675 564 semel
711 505 866 563 inter
895 524 956 562 se
975 547 992 577 7
1033 501 1188 565 salva
1214 501 1495 560 charitate
1514 545 1530 573 7
1569 498 1976 559 conflictantur
2003 509 2179 580 atque

72 602 144 662 ab
185 600 437 663 invicem
477 600 826 660 dissentiunt
867 596 1087 677 (1).ln
1131 596 1220 654 his
1263 605 1571 676 propterea
1620 594 2000 675 ponderanda
2040 603 2190 652 sunt=

70 699 362 757 rationum
401 706 729 770 momenta7
761 694 1141 752 fundamenta
1181 688 1531 771 inquirenda
1561 690 1966 749 auctoritatem
1987 734 2003 764 7
2038 709 2183 771 quas

71 817 178 877 pro
201 816 259 853 se
276 793 572 852 adducunt
590 837 606 865 7
626 792 817 850 critica
832 789 1069 849 demum
1084 787 1248 846 lance
1260 785 1482 865 singula
1503 784 1887 865 expendenda
1908 796 2045 844 sunt
2062 785 2179 863 (2).

155 888 295 947 453.
342 887 435 947 Ad·
465 885 923 966 dignoscendum
956 905 1130 954 ver-07
1169 881 1546 964 quandonam
1585 880 1782 938 Patres
1825 881 2049 939 censeri
2071 880 2189 940 de·-

71 982 252 1043 beant
278 982 457 1042 veluti
487 977 833 1041 Traditionis
856 991 916 1039 et
939 977 1326 1050 ecclesiasticas
1348 975 1626 1038 doctrinae
1649 985 1824 1033 testes
1841 1019 1856 1049 7
1881 975 2193 1037 nonnullae*

70 1081 136 1138 in
159 1088 435 1160 promptu
459 1076 672 1156 regulae
693 1096 794 1134 seu
820 1072 1106 1155 principia
1128 1070 1399 1130 habenda
1424 1089 1541 1151 prae
1561 1068 1738 1127 oculis
1761 1082 1928 1144 sunt3
1963 1092 2029 1131 ac
2055 1072 2117 1130 10
2132 1071 2186 1132 si

71 1174 136 1234 id
162 1194 431 1255 expresse
469 1171 763 1230 affirment
780 1212 802 1259 ρ
841 1168 929 1226 uti
972 1186 1123 1248 saepe
1160 1164 1234 1224 ab
1284 1165 1422 1245 ipsis
1459 1164 1559 1236 fit3
1601 1164 1671 1221 20
1707 1164 1759 1221 si
1800 1163 2039 1246 aliquod
2071 1165 2180 1226 do-

75 1270 271 1329 ctrinae
300 1278 473 1348 caput
508 1277 790 1345 tanquam
807 1273 1033 1321 certum
1053 1271 1113 1320 et
1133 1259 1501 1342 exploratum
1532 1259 1676 1318 etin
1716 1258 1956 1319 Ecclesia
1979 1282 2189 1343 recep·

71 1375 201 1423 tum
221 1360 529 1433 exhibent3
579 1359 646 1419 3⁰
692 1360 740 1418 si
776 1359 874 1420 vix
910 1378 1061 1421 nova
1091 1366 1290 1416 exorta
1329 1356 1616 1415 sententia
1638 1401 1654 1430 7
1692 1355 1751 1414 in
1788 1354 1951 1414 illam
1984 1357 2189 1416 statim

72 1467 382 1535 exsurgant
421 1467 698 1537 tanquam
736 1454 798 1513 in
843 1458 1100 1514 errorem
1125 1463 1226 1510 aut
1246 1451 1509 1511 haeresim
1529 1497 1544 1527 7
1570 1462 1819 1532 receptae
1844 1451 1906 1509 in
1937 1450 2184 1512 Ecclesia

71 1552 345 1612 doctrinae
392 1550 847 1623 adversantem3
904 1548 972 1608 40
1015 1549 1065 1607 si
1111 1546 1266 1605 illius
1308 1558 1606 1607 auctorem
1656 1547 1956 1626 exagitent
1998 1547 2187 1607 veluti

66 1658 408 1707 novatorem
453 1658 514 1705 et
555 1645 923 1718 liaereticum3
958 1644 1025 1702 50
1059 1643 1110 1701 si
1132 1662 1334 1701 omnes
1371 1652 1472 1701 aut
1495 1641 1760 1724 plerique
1794 1642 1999 1702 saltem
2029 1646 2184 1723 ejus-

67 1741 205 1802 dem
237 1742 420 1801 aetatis
454 1741 788 1822 conspirent
821 1741 884 1798 in
909 1737 1293 1821 proponendo
1318 1737 1512 1818 aliquo
1541 1738 1785 1797 articulo
1811 1738 1898 1796 uti
1922 1737 2183 1797 Ecclesiae

70 1858 135 1896 ac
185 1837 323 1898 fidei
364 1836 628 1896 doctrina
655 1880 671 1911 7
716 1846 818 1894 aut
866 1834 929 1894 in
972 1833 1295 1915 dogmatica
1341 1831 1580 1912 alicujus
1623 1833 1935 1914 Scripturas
1985 1843 2180 1892 textus

70 2097 337 2163 improbare
365 2105 505 2161 atque
529 2112 768 2160 respuere,
794 2096 841 2143 si
860 2094 985 2159 forte
1003 2110 1088 2142 no-

71 2180 306 2237 verimus,
333 2178 457 2242 quod
484 2177 627 2225 aliter
646 2177 911 2238 senserint,
938 2194 1083 2242 quam

72 2259 248 2306 veritas
274 2258 443 2320 habet,
482 2258 648 2306 divino
679 2258 915 2324 adJ'utorio
935 2258 1012 2307 vel
1025 2258 1086 2307 ab

72 2339 185 2388 aliis
209 2338 470 2401 intellecta,
503 2339 579 2388 vel
599 2357 630 2388 a
663 2341 817 2390 nobis.
846 2340 986 2388 Talis
1005 2356 1086 2404 eqo

74 2437 181 2469 sam
199 2422 254 2468 in
272 2423 467 2488 scriptis
481 2421 690 2471 aliorum
699 2457 716 2484 ‚
738 2421 855 2470 tales
873 2420 974 2470 volo
991 2438 1087 2470 esse

73 2504 379 2554 intellectores
397 2523 631 2555 meorum.
662 2505 829 2555 Contr.
844 2506 1087 2555 Faustum

76 2587 305 2651 Maniph.
333 2588 419 2638 lib.
435 2606 507 2649 xi,
529 2605 633 2653 cap.
654 2587 711 2649 5,
736 2606 845 2637 cum
869 2589 927 2637 de
961 2587 1086 2638 Seri-

75 2672 219 2734 pturis
250 2672 385 2718 sacris
415 2672 697 2720 disseruisset
715 2708 728 2730 ‚
770 2671 941 2737 quibus
970 2672 1085 2720 fides

77 2751 343 2800 omnimoda
367 2752 632 2801 adhibenda
661 2761 728 2801 est
747 2789 762 2814 ,
789 2752 944 2801 subdit
973 2769 987 2803 ε
1016 2751 1085 2800 In

73 2832 313 2898 opusculis
322 2843 481 2882 autem
488 2842 784 2901 posterorum
793 2871 810 2896 ‚
826 2852 932 2900 quoe
947 2834 1086 2883 libris

73 2915 510 2964 innumerabilibus
522 2919 846 2981 continentur,
857 2917 942 2965 sed
951 2917 1085 2965 nullo

75 2996 212 3045 modo
247 2997 326 3046 illi
361 3000 698 3049 sacratissimas
734 3002 1083 3049 canonicarum

75 3076 435 3144 Scripturarum
449 3081 735 3130 excellentiae
743 3082 1081 3147 adaequantur,

75 3161 213 3207 etiam
246 3163 301 3208 in
337 3164 709 3229 quibuscumque
746 3174 910 3212 eorum
944 3166 1082 3213 inve-

75 3240 210 3287 nitur
236 3243 396 3292 eadem
424 3248 601 3295 veritas
619 3281 634 3307 ,
667 3246 804 3311 lonqe
831 3256 992 3295 tamen
1014 3255 1083 3296 est

75 3319 236 3384 impar
270 3328 544 3378 auotoritas.
587 3331 758 3394 Itaque
792 3331 850 3377 in
888 3331 958 3376 eis
973 3363 990 3390 ,
1035 3330 1083 3375 si

75 3415 170 3463 qua
191 3401 565 3472 fortepropterea
582 3411 830 3459 dissonare
839 3419 1083 3477 putantur

75 3497 109 3530 a
131 3498 238 3530 vero
253 3519 271 3546 ,
306 3488 422 3550 quia
444 3506 540 3539 nan
566 3500 620 3540 ut
647 3493 778 3542 dicta
802 3503 919 3542 sunt
938 3492 1080 3542 intel·

75 3560 319 3628 liquntur,
347 3575 502 3618 tamen
519 3570 717 3622 liberum
738 3575 811 3624 ibi
828 3574 969 3626 habet
988 3576 1080 3625 lee-

74 3652 146 3691 ιον
158 3640 404 3696 auditorve
414 3650 694 3718 judicium,
719 3674 810 3721 quo
827 3658 898 3707 vel
909 3676 1077 3726 appro-

1169 2093 1246 2142 bet
1271 2093 1396 2158 quod
1420 2091 1685 2160 placuerit,
1708 2093 1782 2142 v'el
1810 2082 2042 2161 improbet
2060 2095 2186 2161 quod

1169 2176 1486 2242 offenderit...
1525 2179 1572 2224 si
1609 2178 1693 2225 cui
1729 2177 2060 2244 displicuerit,
2101 2185 2188 2226 aut

1168 2258 1356 2307 eredere
1393 2258 1631 2322 noluerit,
1668 2277 1766 2308 non
1802 2260 2183 2327 reprehenditur.

1171 2336 1393 2399 Demum,
1408 2343 1570 2389 ceteris
1587 2343 1785 2401 omissis,
1797 2345 1846 2389 in
1856 2340 2019 2407 Epist.
2031 2359 2184 2402 mxxxi,

1167 2421 1235 2469 ad
1281 2419 1572 2486 Hieronym.
1616 2442 1668 2471 n.
1716 2422 1745 2471 3
1769 2459 1782 2484 ,
1828 2433 2185 2472 commemorato

1170 2502 1332 2551 eodem
1362 2503 1420 2552 de
1453 2490 1954 2568 Scripturiscanonicis
1979 2505 2195 2571 judicio,

1169 2588 1320 2652 pergit
1361 2602 1376 2633 ε
1415 2584 1556 2634 Alios
1595 2594 1754 2634 autem
1797 2588 1870 2636 ita
1915 2587 2043 2653 leqo,
2092 2599 2180 2649 ut,

1167 2666 1468 2731 quantalibet
1479 2671 1732 2717 sanctitate
1743 2669 2052 2735 doctrinaque
2055 2688 2185 2737 pras-

1163 2748 1399 2815 polleant,
1421 2767 1519 2798 non
1538 2752 1639 2799 ideo
1665 2769 1828 2800 verum
1849 2761 2041 2819 putem,
2066 2757 2186 2819 quia

1166 2834 1270 2898 ipsi
1294 2835 1368 2880 ita
1394 2839 1650 2881 senserunt
1659 2851 1681 2895 ‚⁰
1705 2835 1788 2882 sed
1815 2838 1932 2900 quia
1961 2836 2088 2885 mihi
2114 2836 2189 2886 vel

1158 2932 1252 2982 per
1277 2915 1383 2964 illos
1411 2925 1626 2965 arcatores
1658 2920 1917 2967 canonicos
1934 2956 1951 2983 ‚
1985 2920 2188 2988 oelpro-

1165 2996 1318 3046 babili
1347 2999 1561 3060 ratione,
1599 2999 1725 3063 quod
1754 3016 1785 3048 a
1821 3018 1933 3050 vero
1964 3018 2064 3051 non
2097 3003 2184 3053 ab·

1167 3078 1418 3136 horreant,
1448 3080 1737 3146 persuadere
1754 3092 2035 3149 potuerunt.

1235 3161 1308 3227 (l)
1344 3162 1527 3212 Illustre
1559 3160 1700 3229 hujus
1720 3169 1793 3214 rei
1814 3168 2078 3232 exemplum
2102 3167 2187 3216 ha-

1165 3245 1331 3294 bemus
1352 3249 1401 3293 in
1422 3245 1504 3294 SS.
1526 3246 1809 3314 Hieronymo
1833 3261 1877 3299 et
1896 3249 2181 3317 Augustino,

1165 3332 1247 3396 qui
1278 3333 1330 3378 in
1363 3331 1601 3380 nonnullis
1625 3335 1746 3381 inter
1767 3350 1818 3382 se
1835 3332 2182 3399 disceptabant,

1164 3412 1288 3461 salva
1318 3413 1569 3473 charitate,
1607 3425 1657 3462 ut
1690 3425 1818 3480 patet
1853 3433 1907 3464 ex
1943 3419 2186 3483 utriusque

1162 3488 1373 3546 Doctoris
1401 3497 1622 3563 epistolis.

1231 3579 1296 3645 (2)
1335 3580 1438 3629 cfr.
1458 3568 1610 3630 Natal.
1629 3580 1884 3648 Argonens.
1907 3600 1985 3649 op.
2013 3581 2093 3632 cit.
2111 3579 2184 3632 De

1161 3669 1255 3726 opt.
1281 3661 1466 3727 leqend.
1495 3662 1639 3713 Patr.
1666 3664 1807 3714 meth-
1830 3683 1878 3731 p.
1903 3679 2088 3730 111,cap.
2106 3680 2122 3713 1
2141 3681 2183 3713 ι.
