<?xml version="1.0" encoding="UTF-8"?>
<!DOCTYPE html PUBLIC "-//W3C//DTD XHTML 1.0 Transitional//EN"
    "http://www.w3.org/TR/xhtml1/DTD/xhtml1-transitional.dtd">
<html xmlns="http://www.w3.org/1999/xhtml" xml:lang="en" lang="en">
 <head>
  <title>
</title>
<meta http-equiv="Content-Type" content="text/html;charset=utf-8" />
  <meta name='ocr-system' content='tesseract 3.04.00' />
  <meta name='ocr-capabilities' content='ocr_page ocr_carea ocr_par ocr_line ocrx_word'/>
</head>
<body>
  <div class='ocr_page' id='page_1' title='image "a603693809perruoft_0346.png"; bbox 0 0 2502 4134; ppageno 0'>
   <div class='ocr_carea' id='block_1_1' title="bbox 263 99 1798 160">
    <p class='ocr_par' dir='ltr' id='par_1_1' title="bbox 263 99 1798 160">
     <span class='ocr_line' id='line_1_1' title="bbox 263 99 1798 160; baseline -0.003 0"><span class='ocrx_word' id='word_1_1' title='bbox 263 99 382 160; x_wconf 84' lang='lat'>338</span> <span class='ocrx_word' id='word_1_2' title='bbox 864 117 1060 155; x_wconf 59' lang='lat' dir='ltr'>macr.</span> <span class='ocrx_word' id='word_1_3' title='bbox 1113 119 1180 154; x_wconf 72' lang='lat' dir='ltr'>nu</span> <span class='ocrx_word' id='word_1_4' title='bbox 1226 118 1375 156; x_wconf 66' lang='lat' dir='ltr'>Locis</span> <span class='ocrx_word' id='word_1_5' title='bbox 1419 120 1798 159; x_wconf 70' lang='lat' dir='ltr'>rnssotooicis.</span> 
     </span>
    </p>
   </div>
   <div class='ocr_carea' id='block_1_2' title="bbox 266 256 2404 1008">
    <p class='ocr_par' dir='ltr' id='par_1_2' title="bbox 266 256 2404 1008">
     <span class='ocr_line' id='line_1_2' title="bbox 266 256 2393 343; baseline -0.001 -20"><span class='ocrx_word' id='word_1_6' title='bbox 266 261 521 324; x_wconf 82' lang='lat' dir='ltr'><strong>vinciam</strong></span> <span class='ocrx_word' id='word_1_7' title='bbox 543 259 756 317; x_wconf 88' lang='lat' dir='ltr'>inferat</span> <span class='ocrx_word' id='word_1_8' title='bbox 774 256 1215 316; x_wconf 85' lang='lat' dir='ltr'>consecutiones</span> <span class='ocrx_word' id='word_1_9' title='bbox 1233 302 1247 330; x_wconf 82' lang='grc'><em>,</em></span> <span class='ocrx_word' id='word_1_10' title='bbox 1276 257 1579 339; x_wconf 83' lang='lat' dir='ltr'><strong>ipsamque</strong></span> <span class='ocrx_word' id='word_1_11' title='bbox 1606 260 1739 320; x_wconf 88' lang='lat' dir='ltr'>fidei</span> <span class='ocrx_word' id='word_1_12' title='bbox 1766 272 2035 320; x_wconf 89' lang='lat' dir='ltr'>naturam</span> <span class='ocrx_word' id='word_1_13' title='bbox 2062 274 2393 343; x_wconf 65' lang='lat' dir='ltr'>pervertat,</span> 
     </span>
     <span class='ocr_line' id='line_1_3' title="bbox 268 350 2396 439; baseline -0 -22"><span class='ocrx_word' id='word_1_14' title='bbox 268 355 552 416; x_wconf 89' lang='lat' dir='ltr'>nonnulla</span> <span class='ocrx_word' id='word_1_15' title='bbox 579 353 675 410; x_wconf 88' lang='lat' dir='ltr'>hic</span> <span class='ocrx_word' id='word_1_16' title='bbox 700 373 770 411; x_wconf 85' lang='lat' dir='ltr'>ex</span> <span class='ocrx_word' id='word_1_17' title='bbox 805 350 1192 434; x_wconf 76' lang='lat' dir='ltr'>philosophiae</span> <span class='ocrx_word' id='word_1_18' title='bbox 1214 374 1373 435; x_wconf 91' lang='lat' dir='ltr'>penu</span> <span class='ocrx_word' id='word_1_19' title='bbox 1406 351 1756 435; x_wconf 89' lang='lat' dir='ltr'>deprompta</span> <span class='ocrx_word' id='word_1_20' title='bbox 1775 400 1792 430; x_wconf 78' lang='lat'>.,</span> <span class='ocrx_word' id='word_1_21' title='bbox 1822 358 2126 434; x_wconf 89' lang='lat' dir='ltr'>juniorum</span> <span class='ocrx_word' id='word_1_22' title='bbox 2157 379 2396 439; x_wconf 86' lang='lat' dir='ltr'>praeser·</span> 
     </span>
     <span class='ocr_line' id='line_1_4' title="bbox 272 446 2395 530; baseline 0 -19"><span class='ocrx_word' id='word_1_23' title='bbox 272 454 375 512; x_wconf 90' lang='lat' dir='ltr'>tim</span> <span class='ocrx_word' id='word_1_24' title='bbox 417 448 821 528; x_wconf 82' lang='lat' dir='ltr'>theologorum</span> <span class='ocrx_word' id='word_1_25' title='bbox 854 446 1200 523; x_wconf 72' lang='lat' dir='ltr'>commodo,</span> <span class='ocrx_word' id='word_1_26' title='bbox 1248 449 1610 530; x_wconf 76' lang='lat' dir='ltr'>praemittere</span> <span class='ocrx_word' id='word_1_27' title='bbox 1661 453 2050 511; x_wconf 89' lang='lat' dir='ltr'>necessarium</span> <span class='ocrx_word' id='word_1_28' title='bbox 2095 453 2395 527; x_wconf 67' lang='lat' dir='ltr'>ducimus7</span> 
     </span>
     <span class='ocr_line' id='line_1_5' title="bbox 268 542 2399 630; baseline 0.001 -26"><span class='ocrx_word' id='word_1_29' title='bbox 268 567 398 628; x_wconf 86' lang='lat' dir='ltr'>quae</span> <span class='ocrx_word' id='word_1_30' title='bbox 427 543 746 626; x_wconf 89' lang='lat' dir='ltr'>quamdam</span> <span class='ocrx_word' id='word_1_31' title='bbox 780 543 967 604; x_wconf 83' lang='lat' dir='ltr'>veluti</span> <span class='ocrx_word' id='word_1_32' title='bbox 1001 542 1189 603; x_wconf 89' lang='lat' dir='ltr'>basim</span> <span class='ocrx_word' id='word_1_33' title='bbox 1230 564 1296 602; x_wconf 88' lang='lat' dir='ltr'>ac</span> <span class='ocrx_word' id='word_1_34' title='bbox 1340 543 1795 603; x_wconf 88' lang='lat' dir='ltr'>fundamentum</span> <span class='ocrx_word' id='word_1_35' title='bbox 1834 544 1989 606; x_wconf 87' lang='lat' dir='ltr'>infra</span> <span class='ocrx_word' id='word_1_36' title='bbox 2033 546 2399 630; x_wconf 85' lang='lat' dir='ltr'>disputandis</span> 
     </span>
     <span class='ocr_line' id='line_1_6' title="bbox 269 639 2400 725; baseline 0.001 -26"><span class='ocrx_word' id='word_1_37' title='bbox 269 639 642 699; x_wconf 79' lang='lat' dir='ltr'>constituant.</span> <span class='ocrx_word' id='word_1_38' title='bbox 676 641 829 697; x_wconf 90' lang='lat' dir='ltr'>Dum</span> <span class='ocrx_word' id='word_1_39' title='bbox 868 659 1006 697; x_wconf 89' lang='lat' dir='ltr'>vero</span> <span class='ocrx_word' id='word_1_40' title='bbox 1028 684 1043 713; x_wconf 60' lang='lat'>7</span> <span class='ocrx_word' id='word_1_41' title='bbox 1077 659 1205 720; x_wconf 77' lang='lat' dir='ltr'>quae</span> <span class='ocrx_word' id='word_1_42' title='bbox 1234 649 1393 698; x_wconf 90' lang='lat' dir='ltr'>recta</span> <span class='ocrx_word' id='word_1_43' title='bbox 1420 651 1557 698; x_wconf 88' lang='lat' dir='ltr'>sunt</span> <span class='ocrx_word' id='word_1_44' title='bbox 1592 660 1660 698; x_wconf 87' lang='lat' dir='ltr'>ac</span> <span class='ocrx_word' id='word_1_45' title='bbox 1690 639 1989 698; x_wconf 88' lang='lat' dir='ltr'>saniorum</span> <span class='ocrx_word' id='word_1_46' title='bbox 2024 641 2400 725; x_wconf 88' lang='lat' dir='ltr'>philosopho-</span> 
     </span>
     <span class='ocr_line' id='line_1_7' title="bbox 270 733 2403 821; baseline 0.001 -26"><span class='ocrx_word' id='word_1_47' title='bbox 270 757 403 795; x_wconf 89' lang='lat' dir='ltr'>rum</span> <span class='ocrx_word' id='word_1_48' title='bbox 434 734 651 813; x_wconf 84' lang='lat' dir='ltr'>judicio</span> <span class='ocrx_word' id='word_1_49' title='bbox 694 734 888 818; x_wconf 87' lang='lat' dir='ltr'>quoad</span> <span class='ocrx_word' id='word_1_50' title='bbox 935 733 1328 794; x_wconf 82' lang='lat' dir='ltr'>substantiam</span> <span class='ocrx_word' id='word_1_51' title='bbox 1369 734 1622 817; x_wconf 82' lang='lat' dir='ltr'>probata</span> <span class='ocrx_word' id='word_1_52' title='bbox 1661 735 2046 816; x_wconf 67' lang='lat' dir='ltr'>proferimuS,</span> <span class='ocrx_word' id='word_1_53' title='bbox 2097 737 2403 821; x_wconf 84' lang='lat' dir='ltr'>haudqua—</span> 
     </span>
     <span class='ocr_line' id='line_1_8' title="bbox 271 827 2403 914; baseline 0.002 -26"><span class='ocrx_word' id='word_1_54' title='bbox 271 827 449 913; x_wconf 88' lang='lat' dir='ltr'>quam</span> <span class='ocrx_word' id='word_1_55' title='bbox 475 852 581 889; x_wconf 90' lang='lat' dir='ltr'>nos</span> <span class='ocrx_word' id='word_1_56' title='bbox 609 830 987 912; x_wconf 78' lang='lat' dir='ltr'>intelligimus</span> <span class='ocrx_word' id='word_1_57' title='bbox 1023 831 1374 912; x_wconf 84' lang='lat' dir='ltr'>quaestiones</span> <span class='ocrx_word' id='word_1_58' title='bbox 1414 851 1577 892; x_wconf 85' lang='lat' dir='ltr'>mere</span> <span class='ocrx_word' id='word_1_59' title='bbox 1619 830 1964 910; x_wconf 84' lang='lat' dir='ltr'>ideologicas</span> <span class='ocrx_word' id='word_1_60' title='bbox 1995 853 2060 891; x_wconf 91' lang='lat' dir='ltr'>ac</span> <span class='ocrx_word' id='word_1_61' title='bbox 2091 831 2403 914; x_wconf 71' lang='lat' dir='ltr'>psycholo-</span> 
     </span>
     <span class='ocr_line' id='line_1_9' title="bbox 277 925 2404 1008; baseline 0.001 -23"><span class='ocrx_word' id='word_1_62' title='bbox 277 927 426 1006; x_wconf 81' lang='lat' dir='ltr'>gicas</span> <span class='ocrx_word' id='word_1_63' title='bbox 463 925 758 987; x_wconf 81' lang='lat' dir='ltr'>dirimere.</span> <span class='ocrx_word' id='word_1_64' title='bbox 787 926 871 987; x_wconf 90' lang='lat' dir='ltr'>Ab</span> <span class='ocrx_word' id='word_1_65' title='bbox 910 926 1020 985; x_wconf 90' lang='lat' dir='ltr'>hoc</span> <span class='ocrx_word' id='word_1_66' title='bbox 1051 926 1245 997; x_wconf 71' lang='lat' dir='ltr'>enim,</span> <span class='ocrx_word' id='word_1_67' title='bbox 1272 925 1320 985; x_wconf 89' lang='lat' dir='ltr'>si</span> <span class='ocrx_word' id='word_1_68' title='bbox 1345 925 1583 1008; x_wconf 91' lang='lat' dir='ltr'>quidem</span> <span class='ocrx_word' id='word_1_69' title='bbox 1613 925 1728 986; x_wconf 81' lang='lat' dir='ltr'>illae</span> <span class='ocrx_word' id='word_1_70' title='bbox 1755 926 1910 985; x_wconf 89' lang='lat' dir='ltr'>Fidei</span> <span class='ocrx_word' id='word_1_71' title='bbox 1941 927 2252 987; x_wconf 83' lang='lat' dir='ltr'>veritatem</span> <span class='ocrx_word' id='word_1_72' title='bbox 2282 950 2404 987; x_wconf 92' lang='lat' dir='ltr'>non</span> 
     </span>
    </p>
   </div>
   <div class='ocr_carea' id='block_1_3' title="bbox 273 1021 2406 1199">
    <p class='ocr_par' dir='ltr' id='par_1_3' title="bbox 273 1021 2406 1199">
     <span class='ocr_line' id='line_1_10' title="bbox 273 1021 2406 1104; baseline 0.001 -24"><span class='ocrx_word' id='word_1_73' title='bbox 273 1023 600 1102; x_wconf 72' lang='lat' dir='ltr'>attingant,</span> <span class='ocrx_word' id='word_1_74' title='bbox 648 1021 915 1103; x_wconf 83' lang='lat' dir='ltr'>theologo</span> <span class='ocrx_word' id='word_1_75' title='bbox 963 1021 1421 1104; x_wconf 84' lang='lat' dir='ltr'>temperandum</span> <span class='ocrx_word' id='word_1_76' title='bbox 1463 1023 1708 1081; x_wconf 90' lang='lat' dir='ltr'>omnino</span> <span class='ocrx_word' id='word_1_77' title='bbox 1743 1033 1851 1081; x_wconf 89' lang='lat' dir='ltr'>est.</span> <span class='ocrx_word' id='word_1_78' title='bbox 1893 1022 2042 1081; x_wconf 90' lang='lat' dir='ltr'>Sunt</span> <span class='ocrx_word' id='word_1_79' title='bbox 2082 1034 2277 1082; x_wconf 88' lang='lat' dir='ltr'>autem</span> <span class='ocrx_word' id='word_1_80' title='bbox 2313 1023 2406 1082; x_wconf 87' lang='lat' dir='ltr'>in-</span> 
     </span>
     <span class='ocr_line' id='line_1_11' title="bbox 274 1117 593 1199; baseline 0.006 -24"><span class='ocrx_word' id='word_1_81' title='bbox 274 1117 593 1199; x_wconf 87' lang='lat' dir='ltr'>sequentia.</span> 
     </span>
    </p>
   </div>
   <div class='ocr_carea' id='block_1_4' title="bbox 1085 1310 1601 1366">
    <p class='ocr_par' dir='ltr' id='par_1_4' title="bbox 1085 1310 1601 1366">
     <span class='ocr_line' id='line_1_12' title="bbox 1085 1310 1601 1366; baseline 0.006 -3"><span class='ocrx_word' id='word_1_82' title='bbox 1085 1313 1171 1364; x_wconf 89' lang='lat' dir='ltr'>PR</span> <span class='ocrx_word' id='word_1_83' title='bbox 1181 1312 1292 1364; x_wconf 86' lang='lat' dir='ltr'>AEN</span> <span class='ocrx_word' id='word_1_84' title='bbox 1298 1310 1475 1366; x_wconf 66' lang='lat' dir='ltr'><strong>OTAN</strong></span> <span class='ocrx_word' id='word_1_85' title='bbox 1485 1311 1573 1365; x_wconf 90' lang='lat' dir='ltr'>DA</span> <span class='ocrx_word' id='word_1_86' title='bbox 1588 1353 1601 1366; x_wconf 91' lang='lat'><strong>.</strong></span> 
     </span>
    </p>
   </div>
   <div class='ocr_carea' id='block_1_5' title="bbox 278 1512 2419 3691">
    <p class='ocr_par' dir='ltr' id='par_1_5' title="bbox 278 1512 2418 2549">
     <span class='ocr_line' id='line_1_13' title="bbox 364 1512 2414 1591; baseline -0.002 -17"><span class='ocrx_word' id='word_1_87' title='bbox 364 1516 460 1575; x_wconf 89' lang='grc'>16.</span> <span class='ocrx_word' id='word_1_88' title='bbox 507 1515 794 1574; x_wconf 83' lang='lat' dir='ltr'>Humanae</span> <span class='ocrx_word' id='word_1_89' title='bbox 834 1523 1061 1571; x_wconf 80' lang='lat' dir='ltr'>naturae</span> <span class='ocrx_word' id='word_1_90' title='bbox 1109 1513 1527 1572; x_wconf 76' lang='lat' dir='ltr'>incredibilem</span> <span class='ocrx_word' id='word_1_91' title='bbox 1572 1517 1703 1571; x_wconf 81' lang='lat' dir='ltr'>veri</span> <span class='ocrx_word' id='word_1_92' title='bbox 1741 1512 1978 1570; x_wconf 77' lang='lat' dir='ltr'>visendi</span> <span class='ocrx_word' id='word_1_93' title='bbox 2017 1512 2414 1591; x_wconf 77' lang='lat' dir='ltr'>cupiditatem</span> 
     </span>
     <span class='ocr_line' id='line_1_14' title="bbox 278 1606 2416 1693; baseline -0.004 -21"><span class='ocrx_word' id='word_1_94' title='bbox 278 1614 467 1672; x_wconf 89' lang='lat' dir='ltr'>inesse</span> <span class='ocrx_word' id='word_1_95' title='bbox 491 1657 507 1685; x_wconf 89' lang='lat'>.‚</span> <span class='ocrx_word' id='word_1_96' title='bbox 547 1622 609 1670; x_wconf 91' lang='lat' dir='ltr'>ut</span> <span class='ocrx_word' id='word_1_97' title='bbox 644 1609 921 1693; x_wconf 84' lang='lat' dir='ltr'>praeclare</span> <span class='ocrx_word' id='word_1_98' title='bbox 959 1607 1283 1667; x_wconf 85' lang='lat' dir='ltr'>adnotabat</span> <span class='ocrx_word' id='word_1_99' title='bbox 1318 1607 1577 1683; x_wconf 67' lang='lat' dir='ltr'>Tullius,</span> <span class='ocrx_word' id='word_1_100' title='bbox 1619 1608 2024 1689; x_wconf 89' lang='lat' dir='ltr'>unusquisque</span> <span class='ocrx_word' id='word_1_101' title='bbox 2059 1608 2119 1665; x_wconf 91' lang='lat' dir='ltr'>in</span> <span class='ocrx_word' id='word_1_102' title='bbox 2146 1628 2205 1665; x_wconf 93' lang='lat' dir='ltr'>se</span> <span class='ocrx_word' id='word_1_103' title='bbox 2235 1606 2416 1664; x_wconf 82' lang='lat' dir='ltr'>sentit</span> 
     </span>
     <span class='ocr_line' id='line_1_15' title="bbox 279 1701 2416 1788; baseline -0.003 -21"><span class='ocrx_word' id='word_1_104' title='bbox 279 1719 454 1788; x_wconf 89' lang='lat' dir='ltr'>atque</span> <span class='ocrx_word' id='word_1_105' title='bbox 496 1706 815 1786; x_wconf 85' lang='lat' dir='ltr'>experitur.</span> <span class='ocrx_word' id='word_1_106' title='bbox 856 1703 1167 1763; x_wconf 89' lang='lat' dir='ltr'>Undenam</span> <span class='ocrx_word' id='word_1_107' title='bbox 1203 1725 1378 1784; x_wconf 90' lang='lat' dir='ltr'>porro</span> <span class='ocrx_word' id='word_1_108' title='bbox 1420 1701 1510 1761; x_wconf 88' lang='lat' dir='ltr'>hic</span> <span class='ocrx_word' id='word_1_109' title='bbox 1547 1704 1730 1762; x_wconf 90' lang='lat' dir='ltr'>animi</span> <span class='ocrx_word' id='word_1_110' title='bbox 1760 1725 1996 1777; x_wconf 63' lang='lat' dir='ltr'>sensus,</span> <span class='ocrx_word' id='word_1_111' title='bbox 2042 1702 2163 1761; x_wconf 85' lang='lat' dir='ltr'>haec</span> <span class='ocrx_word' id='word_1_112' title='bbox 2200 1702 2325 1762; x_wconf 88' lang='lat' dir='ltr'>veri</span> <span class='ocrx_word' id='word_1_113' title='bbox 2356 1712 2416 1761; x_wconf 91' lang='lat' dir='ltr'>et</span> 
     </span>
     <span class='ocr_line' id='line_1_16' title="bbox 279 1795 2415 1881; baseline -0.003 -20"><span class='ocrx_word' id='word_1_114' title='bbox 279 1802 406 1861; x_wconf 88' lang='lat' dir='ltr'>falsi</span> <span class='ocrx_word' id='word_1_115' title='bbox 440 1800 881 1881; x_wconf 88' lang='lat' dir='ltr'>qualiscumque</span> <span class='ocrx_word' id='word_1_116' title='bbox 932 1798 1139 1856; x_wconf 89' lang='lat' dir='ltr'>notitia</span> <span class='ocrx_word' id='word_1_117' title='bbox 1168 1843 1184 1873; x_wconf 65' lang='lat'><em>7</em></span> <span class='ocrx_word' id='word_1_118' title='bbox 1226 1798 1272 1855; x_wconf 89' lang='lat' dir='ltr'>si</span> <span class='ocrx_word' id='word_1_119' title='bbox 1312 1819 1521 1856; x_wconf 81' lang='lat' dir='ltr'>verum</span> <span class='ocrx_word' id='word_1_120' title='bbox 1564 1820 1673 1880; x_wconf 89' lang='lat' dir='ltr'>pro</span> <span class='ocrx_word' id='word_1_121' title='bbox 1710 1797 1972 1856; x_wconf 87' lang='lat' dir='ltr'>humana</span> <span class='ocrx_word' id='word_1_122' title='bbox 2016 1809 2214 1856; x_wconf 89' lang='lat' dir='ltr'>mente</span> <span class='ocrx_word' id='word_1_123' title='bbox 2256 1795 2415 1855; x_wconf 90' lang='lat' dir='ltr'>haud</span> 
     </span>
     <span class='ocr_line' id='line_1_17' title="bbox 278 1891 2417 1974; baseline -0.004 -17"><span class='ocrx_word' id='word_1_124' title='bbox 278 1897 592 1968; x_wconf 69' lang='lat' dir='ltr'>existeret,</span> <span class='ocrx_word' id='word_1_125' title='bbox 642 1905 745 1953; x_wconf 88' lang='lat' dir='ltr'>aut</span> <span class='ocrx_word' id='word_1_126' title='bbox 797 1915 1106 1974; x_wconf 90' lang='lat' dir='ltr'>nunquam</span> <span class='ocrx_word' id='word_1_127' title='bbox 1158 1891 1305 1951; x_wconf 87' lang='lat' dir='ltr'>illud</span> <span class='ocrx_word' id='word_1_128' title='bbox 1357 1893 1585 1974; x_wconf 88' lang='lat' dir='ltr'>assequi</span> <span class='ocrx_word' id='word_1_129' title='bbox 1644 1892 1886 1974; x_wconf 76' lang='lat' dir='ltr'>posset?</span> <span class='ocrx_word' id='word_1_130' title='bbox 1931 1892 2101 1951; x_wconf 92' lang='lat' dir='ltr'>Unde</span> <span class='ocrx_word' id='word_1_131' title='bbox 2146 1891 2243 1950; x_wconf 93' lang='lat' dir='ltr'>illa</span> <span class='ocrx_word' id='word_1_132' title='bbox 2291 1891 2417 1951; x_wconf 89' lang='lat' dir='ltr'>veri</span> 
     </span>
     <span class='ocr_line' id='line_1_18' title="bbox 281 1988 2415 2071; baseline -0.003 -18"><span class='ocrx_word' id='word_1_133' title='bbox 281 2015 345 2053; x_wconf 88' lang='lat' dir='ltr'>ac</span> <span class='ocrx_word' id='word_1_134' title='bbox 383 1992 508 2051; x_wconf 89' lang='lat' dir='ltr'>falsi</span> <span class='ocrx_word' id='word_1_135' title='bbox 548 1990 847 2051; x_wconf 88' lang='lat' dir='ltr'>distinctio</span> <span class='ocrx_word' id='word_1_136' title='bbox 870 2035 885 2061; x_wconf 90' lang='lat'>.,</span> <span class='ocrx_word' id='word_1_137' title='bbox 922 2001 1098 2071; x_wconf 90' lang='lat' dir='ltr'>atque</span> <span class='ocrx_word' id='word_1_138' title='bbox 1141 1990 1285 2048; x_wconf 89' lang='lat' dir='ltr'>acris</span> <span class='ocrx_word' id='word_1_139' title='bbox 1322 1990 1383 2047; x_wconf 90' lang='lat' dir='ltr'>in</span> <span class='ocrx_word' id='word_1_140' title='bbox 1417 1989 1659 2049; x_wconf 89' lang='lat' dir='ltr'>homine</span> <span class='ocrx_word' id='word_1_141' title='bbox 1694 1988 1907 2047; x_wconf 90' lang='lat' dir='ltr'>falsum</span> <span class='ocrx_word' id='word_1_142' title='bbox 1949 2011 2056 2070; x_wconf 91' lang='lat' dir='ltr'>pro</span> <span class='ocrx_word' id='word_1_143' title='bbox 2095 2010 2233 2048; x_wconf 89' lang='lat' dir='ltr'>vero</span> <span class='ocrx_word' id='word_1_144' title='bbox 2268 1988 2415 2048; x_wconf 89' lang='lat' dir='ltr'>acci-</span> 
     </span>
     <span class='ocr_line' id='line_1_19' title="bbox 281 2081 2415 2172; baseline -0.003 -26"><span class='ocrx_word' id='word_1_145' title='bbox 281 2087 480 2172; x_wconf 89' lang='lat' dir='ltr'>piendi</span> <span class='ocrx_word' id='word_1_146' title='bbox 533 2087 795 2145; x_wconf 82' lang='lat' dir='ltr'>anxietas</span> <span class='ocrx_word' id='word_1_147' title='bbox 841 2096 1017 2166; x_wconf 90' lang='lat' dir='ltr'>atque</span> <span class='ocrx_word' id='word_1_148' title='bbox 1058 2084 1346 2158; x_wconf 61' lang='lat' dir='ltr'>formido,</span> <span class='ocrx_word' id='word_1_149' title='bbox 1402 2086 1452 2143; x_wconf 91' lang='lat' dir='ltr'>si</span> <span class='ocrx_word' id='word_1_150' title='bbox 1502 2106 1812 2166; x_wconf 88' lang='lat' dir='ltr'>nunquam</span> <span class='ocrx_word' id='word_1_151' title='bbox 1858 2086 1981 2166; x_wconf 91' lang='lat' dir='ltr'>ipse</span> <span class='ocrx_word' id='word_1_152' title='bbox 2034 2084 2294 2166; x_wconf 87' lang='lat' dir='ltr'>primum</span> <span class='ocrx_word' id='word_1_153' title='bbox 2342 2081 2415 2141; x_wconf 92' lang='lat' dir='ltr'>ab</span> 
     </span>
     <span class='ocr_line' id='line_1_20' title="bbox 282 2179 2417 2261; baseline -0.004 -18"><span class='ocrx_word' id='word_1_154' title='bbox 282 2182 467 2244; x_wconf 85' lang='lat' dir='ltr'>altero</span> <span class='ocrx_word' id='word_1_155' title='bbox 499 2180 720 2241; x_wconf 89' lang='lat' dir='ltr'>valeret</span> <span class='ocrx_word' id='word_1_156' title='bbox 757 2179 1134 2260; x_wconf 76' lang='lat' dir='ltr'>dignoscere?</span> <span class='ocrx_word' id='word_1_157' title='bbox 1165 2181 1287 2239; x_wconf 93' lang='lat' dir='ltr'>Hoc</span> <span class='ocrx_word' id='word_1_158' title='bbox 1321 2190 1477 2239; x_wconf 89' lang='lat' dir='ltr'>certe</span> <span class='ocrx_word' id='word_1_159' title='bbox 1507 2202 1694 2238; x_wconf 90' lang='lat' dir='ltr'>unum</span> <span class='ocrx_word' id='word_1_160' title='bbox 1732 2180 1870 2237; x_wconf 88' lang='lat' dir='ltr'>satis</span> <span class='ocrx_word' id='word_1_161' title='bbox 1907 2201 2014 2261; x_wconf 89' lang='lat' dir='ltr'>per</span> <span class='ocrx_word' id='word_1_162' title='bbox 2055 2201 2181 2239; x_wconf 91' lang='lat' dir='ltr'>sese</span> <span class='ocrx_word' id='word_1_163' title='bbox 2217 2190 2417 2237; x_wconf 84' lang='lat' dir='ltr'>osten·</span> 
     </span>
     <span class='ocr_line' id='line_1_21' title="bbox 283 2274 2417 2358; baseline -0.003 -20"><span class='ocrx_word' id='word_1_164' title='bbox 283 2279 405 2353; x_wconf 74' lang='lat' dir='ltr'>dit,</span> <span class='ocrx_word' id='word_1_165' title='bbox 441 2289 704 2337; x_wconf 89' lang='lat' dir='ltr'>mentem</span> <span class='ocrx_word' id='word_1_166' title='bbox 740 2298 874 2336; x_wconf 92' lang='lat' dir='ltr'>cum</span> <span class='ocrx_word' id='word_1_167' title='bbox 904 2275 1130 2353; x_wconf 77' lang='lat' dir='ltr'>obJecto</span> <span class='ocrx_word' id='word_1_168' title='bbox 1169 2297 1273 2334; x_wconf 91' lang='lat' dir='ltr'>suo</span> <span class='ocrx_word' id='word_1_169' title='bbox 1296 2321 1311 2349; x_wconf 63' lang='lat' dir='ltr'>a</span> <span class='ocrx_word' id='word_1_170' title='bbox 1357 2275 1573 2335; x_wconf 87' lang='lat' dir='ltr'>scilicet</span> <span class='ocrx_word' id='word_1_171' title='bbox 1603 2296 1734 2333; x_wconf 83' lang='lat' dir='ltr'>vero</span> <span class='ocrx_word' id='word_1_172' title='bbox 1748 2319 1768 2347; x_wconf 81' lang='lat'><em>,</em></span> <span class='ocrx_word' id='word_1_173' title='bbox 1801 2274 2130 2335; x_wconf 81' lang='lat' dir='ltr'>naturalem</span> <span class='ocrx_word' id='word_1_174' title='bbox 2167 2296 2417 2358; x_wconf 92' lang='lat' dir='ltr'>propor-</span> 
     </span>
     <span class='ocr_line' id='line_1_22' title="bbox 284 2370 2418 2454; baseline -0.002 -20"><span class='ocrx_word' id='word_1_175' title='bbox 284 2374 504 2434; x_wconf 92' lang='lat' dir='ltr'>tionem</span> <span class='ocrx_word' id='word_1_176' title='bbox 538 2370 756 2431; x_wconf 83' lang='lat' dir='ltr'>habere</span> <span class='ocrx_word' id='word_1_177' title='bbox 777 2417 793 2446; x_wconf 69' lang='lat'>,</span> <span class='ocrx_word' id='word_1_178' title='bbox 825 2392 890 2430; x_wconf 92' lang='lat' dir='ltr'>ac</span> <span class='ocrx_word' id='word_1_179' title='bbox 913 2371 993 2430; x_wconf 89' lang='lat' dir='ltr'>ita</span> <span class='ocrx_word' id='word_1_180' title='bbox 1026 2371 1277 2454; x_wconf 84' lang='lat' dir='ltr'>proinde</span> <span class='ocrx_word' id='word_1_181' title='bbox 1306 2393 1431 2431; x_wconf 90' lang='lat' dir='ltr'>esse</span> <span class='ocrx_word' id='word_1_182' title='bbox 1465 2382 1674 2430; x_wconf 88' lang='lat' dir='ltr'>natura</span> <span class='ocrx_word' id='word_1_183' title='bbox 1708 2383 2112 2454; x_wconf 87' lang='lat' dir='ltr'>comparatam</span> <span class='ocrx_word' id='word_1_184' title='bbox 2136 2417 2151 2445; x_wconf 59' lang='lat' dir='ltr'>a</span> <span class='ocrx_word' id='word_1_185' title='bbox 2193 2383 2260 2429; x_wconf 93' lang='lat' dir='ltr'>ut</span> <span class='ocrx_word' id='word_1_186' title='bbox 2285 2392 2418 2430; x_wconf 90' lang='lat' dir='ltr'>cum</span> 
     </span>
     <span class='ocr_line' id='line_1_23' title="bbox 285 2465 1834 2549; baseline -0.004 -19"><span class='ocrx_word' id='word_1_187' title='bbox 285 2490 389 2543; x_wconf 87' lang='lat' dir='ltr'>e0.‚</span> <span class='ocrx_word' id='word_1_188' title='bbox 429 2467 635 2528; x_wconf 87' lang='lat' dir='ltr'>saltem</span> <span class='ocrx_word' id='word_1_189' title='bbox 672 2465 987 2549; x_wconf 88' lang='lat' dir='ltr'>aliquando</span> <span class='ocrx_word' id='word_1_190' title='bbox 1010 2513 1025 2542; x_wconf 70' lang='lat'>‚</span> <span class='ocrx_word' id='word_1_191' title='bbox 1073 2468 1131 2527; x_wconf 85' lang='lat' dir='ltr'>vi</span> <span class='ocrx_word' id='word_1_192' title='bbox 1169 2488 1274 2526; x_wconf 89' lang='lat' dir='ltr'>sua</span> <span class='ocrx_word' id='word_1_193' title='bbox 1314 2467 1499 2549; x_wconf 85' lang='lat' dir='ltr'>possit</span> <span class='ocrx_word' id='word_1_194' title='bbox 1539 2469 1834 2548; x_wconf 79' lang='lat' dir='ltr'>conjungi.</span> 
     </span>
    </p>

    <p class='ocr_par' dir='ltr' id='par_1_6' title="bbox 283 2563 2419 3691">
     <span class='ocr_line' id='line_1_24' title="bbox 372 2563 2419 2646; baseline -0.001 -22"><span class='ocrx_word' id='word_1_195' title='bbox 372 2565 465 2625; x_wconf 88' lang='lat'>17.</span> <span class='ocrx_word' id='word_1_196' title='bbox 514 2565 588 2624; x_wconf 90' lang='lat' dir='ltr'>At</span> <span class='ocrx_word' id='word_1_197' title='bbox 618 2564 778 2623; x_wconf 91' lang='lat' dir='ltr'>enim</span> <span class='ocrx_word' id='word_1_198' title='bbox 811 2563 872 2622; x_wconf 90' lang='lat' dir='ltr'>id</span> <span class='ocrx_word' id='word_1_199' title='bbox 909 2564 1104 2646; x_wconf 90' lang='lat' dir='ltr'>ipsum</span> <span class='ocrx_word' id='word_1_200' title='bbox 1133 2585 1205 2622; x_wconf 83' lang='lat' dir='ltr'>ex</span> <span class='ocrx_word' id='word_1_201' title='bbox 1232 2575 1499 2622; x_wconf 84' lang='lat' dir='ltr'>accurata</span> <span class='ocrx_word' id='word_1_202' title='bbox 1529 2563 1743 2623; x_wconf 89' lang='lat' dir='ltr'>mentis</span> <span class='ocrx_word' id='word_1_203' title='bbox 1770 2575 1981 2623; x_wconf 85' lang='lat' dir='ltr'>nostrae</span> <span class='ocrx_word' id='word_1_204' title='bbox 2006 2563 2227 2644; x_wconf 81' lang='lat' dir='ltr'>analysi</span> <span class='ocrx_word' id='word_1_205' title='bbox 2254 2563 2419 2622; x_wconf 87' lang='lat' dir='ltr'>lucu-</span> 
     </span>
     <span class='ocr_line' id='line_1_25' title="bbox 284 2655 2418 2740; baseline -0.001 -21"><span class='ocrx_word' id='word_1_206' title='bbox 284 2661 477 2720; x_wconf 89' lang='lat' dir='ltr'>lenter</span> <span class='ocrx_word' id='word_1_207' title='bbox 518 2658 740 2732; x_wconf 79' lang='lat' dir='ltr'>elucet3</span> <span class='ocrx_word' id='word_1_208' title='bbox 778 2658 993 2717; x_wconf 91' lang='lat' dir='ltr'>talibus</span> <span class='ocrx_word' id='word_1_209' title='bbox 1039 2658 1258 2740; x_wconf 87' lang='lat' dir='ltr'>quippe</span> <span class='ocrx_word' id='word_1_210' title='bbox 1301 2658 1508 2717; x_wconf 89' lang='lat' dir='ltr'>mediis</span> <span class='ocrx_word' id='word_1_211' title='bbox 1546 2655 1947 2740; x_wconf 87' lang='lat' dir='ltr'>praesidiisque</span> <span class='ocrx_word' id='word_1_212' title='bbox 1977 2681 2008 2717; x_wconf 88' lang='lat' dir='ltr'>a</span> <span class='ocrx_word' id='word_1_213' title='bbox 2040 2671 2283 2732; x_wconf 68' lang='lat' dir='ltr'>natura,</span> <span class='ocrx_word' id='word_1_214' title='bbox 2319 2679 2418 2717; x_wconf 89' lang='lat' dir='ltr'>re-</span> 
     </span>
     <span class='ocr_line' id='line_1_26' title="bbox 288 2753 2404 2836; baseline -0.002 -22"><span class='ocrx_word' id='word_1_215' title='bbox 288 2754 433 2814; x_wconf 91' lang='lat' dir='ltr'>ctius</span> <span class='ocrx_word' id='word_1_216' title='bbox 446 2775 478 2813; x_wconf 91' lang='lat' dir='ltr'>a</span> <span class='ocrx_word' id='word_1_217' title='bbox 491 2776 766 2836; x_wconf 89' lang='lat' dir='ltr'>supremo</span> <span class='ocrx_word' id='word_1_218' title='bbox 780 2766 1004 2813; x_wconf 87' lang='lat' dir='ltr'>naturae</span> <span class='ocrx_word' id='word_1_219' title='bbox 1025 2755 1268 2813; x_wconf 86' lang='lat' dir='ltr'>Auctore</span> <span class='ocrx_word' id='word_1_220' title='bbox 1283 2800 1300 2830; x_wconf 75' lang='lat'><strong>‚</strong></span> <span class='ocrx_word' id='word_1_221' title='bbox 1324 2753 1486 2812; x_wconf 85' lang='lat' dir='ltr'>illam</span> <span class='ocrx_word' id='word_1_222' title='bbox 1502 2755 1850 2813; x_wconf 90' lang='lat' dir='ltr'>instructam</span> <span class='ocrx_word' id='word_1_223' title='bbox 1874 2753 2368 2835; x_wconf 85' lang='lat' dir='ltr'>deprehendimus</span> <span class='ocrx_word' id='word_1_224' title='bbox 2388 2798 2404 2826; x_wconf 82' lang='lat'>.‚</span> 
     </span>
     <span class='ocr_line' id='line_1_27' title="bbox 288 2835 2411 2933; baseline -0.002 -24"><span class='ocrx_word' id='word_1_225' title='bbox 288 2849 499 2933; x_wconf 91' lang='lat' dir='ltr'>quibus</span> <span class='ocrx_word' id='word_1_226' title='bbox 539 2850 852 2910; x_wconf 87' lang='lat' dir='ltr'>veritatem</span> <span class='ocrx_word' id='word_1_227' title='bbox 903 2861 1066 2924; x_wconf 71' lang='lat' dir='ltr'>tuto7</span> <span class='ocrx_word' id='word_1_228' title='bbox 1095 2849 1325 2915; x_wconf 30' lang='lat' dir='ltr'>‘saltem</span> <span class='ocrx_word' id='word_1_229' title='bbox 1379 2852 1440 2907; x_wconf 90' lang='lat' dir='ltr'>in</span> <span class='ocrx_word' id='word_1_230' title='bbox 1498 2847 1788 2930; x_wconf 87' lang='lat' dir='ltr'>aliquibus</span> <span class='ocrx_word' id='word_1_231' title='bbox 1816 2895 1832 2923; x_wconf 79' lang='lat'>‚</span> <span class='ocrx_word' id='word_1_232' title='bbox 1894 2835 2170 2930; x_wconf 89' lang='lat' dir='ltr'>certoque</span> <span class='ocrx_word' id='word_1_233' title='bbox 2221 2846 2411 2906; x_wconf 89' lang='lat' dir='ltr'>valeat</span> 
     </span>
     <span class='ocr_line' id='line_1_28' title="bbox 289 2942 2417 3028; baseline -0.002 -23"><span class='ocrx_word' id='word_1_234' title='bbox 289 2945 595 3025; x_wconf 83' lang='lat' dir='ltr'>attingere.</span> <span class='ocrx_word' id='word_1_235' title='bbox 637 2944 867 3028; x_wconf 91' lang='lat' dir='ltr'>Duplici</span> <span class='ocrx_word' id='word_1_236' title='bbox 915 2944 1076 3004; x_wconf 90' lang='lat' dir='ltr'>enim</span> <span class='ocrx_word' id='word_1_237' title='bbox 1114 2943 1372 3005; x_wconf 90' lang='lat' dir='ltr'>humana</span> <span class='ocrx_word' id='word_1_238' title='bbox 1411 2944 1800 3026; x_wconf 85' lang='lat' dir='ltr'>cognoscendi</span> <span class='ocrx_word' id='word_1_239' title='bbox 1842 2944 2082 3003; x_wconf 89' lang='lat' dir='ltr'>facultas</span> <span class='ocrx_word' id='word_1_240' title='bbox 2125 2942 2417 3002; x_wconf 90' lang='lat' dir='ltr'>elemento</span> 
     </span>
     <span class='ocr_line' id='line_1_29' title="bbox 289 3039 2419 3119; baseline 0 -21"><span class='ocrx_word' id='word_1_241' title='bbox 289 3041 410 3102; x_wconf 90' lang='lat' dir='ltr'>sive</span> <span class='ocrx_word' id='word_1_242' title='bbox 438 3041 644 3101; x_wconf 88' lang='lat' dir='ltr'>ordine</span> <span class='ocrx_word' id='word_1_243' title='bbox 671 3050 899 3101; x_wconf 90' lang='lat' dir='ltr'>constat</span> <span class='ocrx_word' id='word_1_244' title='bbox 918 3085 935 3115; x_wconf 85' lang='lat'>.,</span> <span class='ocrx_word' id='word_1_245' title='bbox 970 3039 1177 3100; x_wconf 89' lang='lat' dir='ltr'>ordine</span> <span class='ocrx_word' id='word_1_246' title='bbox 1216 3040 1488 3102; x_wconf 88' lang='lat' dir='ltr'>videlicet</span> <span class='ocrx_word' id='word_1_247' title='bbox 1520 3045 1824 3119; x_wconf 78' lang='lat' dir='ltr'>empyrico</span> <span class='ocrx_word' id='word_1_248' title='bbox 1853 3060 1918 3099; x_wconf 92' lang='lat' dir='ltr'>ac</span> <span class='ocrx_word' id='word_1_249' title='bbox 1941 3040 2260 3107; x_wconf 76' lang='lat' dir='ltr'>rationali,</span> <span class='ocrx_word' id='word_1_250' title='bbox 2297 3039 2419 3099; x_wconf 89' lang='lat' dir='ltr'>sive</span> 
     </span>
     <span class='ocr_line' id='line_1_30' title="bbox 291 3133 2419 3217; baseline 0 -24"><span class='ocrx_word' id='word_1_251' title='bbox 291 3134 494 3196; x_wconf 85' lang='lat' dir='ltr'>ordine</span> <span class='ocrx_word' id='word_1_252' title='bbox 542 3135 804 3196; x_wconf 88' lang='lat' dir='ltr'>sensibili</span> <span class='ocrx_word' id='word_1_253' title='bbox 846 3157 911 3196; x_wconf 90' lang='lat' dir='ltr'>ac</span> <span class='ocrx_word' id='word_1_254' title='bbox 954 3135 1165 3209; x_wconf 73' lang='lat' dir='ltr'>ideali,</span> <span class='ocrx_word' id='word_1_255' title='bbox 1216 3135 1347 3211; x_wconf 74' lang='lat' dir='ltr'>vel,</span> <span class='ocrx_word' id='word_1_256' title='bbox 1400 3137 1448 3195; x_wconf 90' lang='lat' dir='ltr'>si</span> <span class='ocrx_word' id='word_1_257' title='bbox 1487 3135 1566 3194; x_wconf 88' lang='lat' dir='ltr'>ita</span> <span class='ocrx_word' id='word_1_258' title='bbox 1617 3135 1912 3217; x_wconf 89' lang='lat' dir='ltr'>appellare</span> <span class='ocrx_word' id='word_1_259' title='bbox 1961 3133 2156 3208; x_wconf 69' lang='lat' dir='ltr'>lubet,</span> <span class='ocrx_word' id='word_1_260' title='bbox 2211 3134 2419 3194; x_wconf 90' lang='lat' dir='ltr'>ordine</span> 
     </span>
     <span class='ocr_line' id='line_1_31' title="bbox 283 3229 2419 3313; baseline 0 -25"><span class='ocrx_word' id='word_1_261' title='bbox 283 3230 688 3311; x_wconf 71' lang='lat' dir='ltr'>psycholoyico</span> <span class='ocrx_word' id='word_1_262' title='bbox 717 3251 782 3290; x_wconf 90' lang='lat' dir='ltr'>ac</span> <span class='ocrx_word' id='word_1_263' title='bbox 816 3230 1021 3310; x_wconf 87' lang='lat' dir='ltr'>ordine</span> <span class='ocrx_word' id='word_1_264' title='bbox 1054 3234 1235 3312; x_wconf 70' lang='lat' dir='ltr'>onico</span> <span class='ocrx_word' id='word_1_265' title='bbox 1271 3230 1368 3292; x_wconf 87' lang='lat' dir='ltr'>vel</span> <span class='ocrx_word' id='word_1_266' title='bbox 1403 3231 1740 3313; x_wconf 72' lang='lat' dir='ltr'>oretoloyi&#39;co.</span> <span class='ocrx_word' id='word_1_267' title='bbox 1776 3232 1969 3289; x_wconf 89' lang='lat' dir='ltr'>Unum</span> <span class='ocrx_word' id='word_1_268' title='bbox 1998 3241 2200 3289; x_wconf 86' lang='lat' dir='ltr'>tamen</span> <span class='ocrx_word' id='word_1_269' title='bbox 2233 3229 2419 3290; x_wconf 86' lang='lat' dir='ltr'>idem-</span> 
     </span>
     <span class='ocr_line' id='line_1_32' title="bbox 292 3325 2416 3409; baseline 0.001 -27"><span class='ocrx_word' id='word_1_270' title='bbox 292 3346 411 3406; x_wconf 90' lang='lat' dir='ltr'>que</span> <span class='ocrx_word' id='word_1_271' title='bbox 447 3335 539 3384; x_wconf 89' lang='lat' dir='ltr'>est</span> <span class='ocrx_word' id='word_1_272' title='bbox 571 3326 924 3408; x_wconf 89' lang='lat' dir='ltr'>principium</span> <span class='ocrx_word' id='word_1_273' title='bbox 958 3325 1137 3401; x_wconf 70' lang='lat' dir='ltr'>illud,</span> <span class='ocrx_word' id='word_1_274' title='bbox 1167 3327 1326 3408; x_wconf 93' lang='lat' dir='ltr'>quod</span> <span class='ocrx_word' id='word_1_275' title='bbox 1357 3328 1615 3387; x_wconf 86' lang='lat' dir='ltr'>sentiens</span> <span class='ocrx_word' id='word_1_276' title='bbox 1650 3325 1823 3385; x_wconf 89' lang='lat' dir='ltr'>simul</span> <span class='ocrx_word' id='word_1_277' title='bbox 1861 3337 2036 3408; x_wconf 90' lang='lat' dir='ltr'>atque</span> <span class='ocrx_word' id='word_1_278' title='bbox 2076 3326 2416 3409; x_wconf 85' lang='lat' dir='ltr'>intelligens</span> 
     </span>
     <span class='ocr_line' id='line_1_33' title="bbox 296 3418 2415 3504; baseline 0.001 -25"><span class='ocrx_word' id='word_1_279' title='bbox 296 3418 590 3502; x_wconf 90' lang='lat' dir='ltr'>duplicem</span> <span class='ocrx_word' id='word_1_280' title='bbox 615 3420 782 3480; x_wconf 88' lang='lat' dir='ltr'>illum</span> <span class='ocrx_word' id='word_1_281' title='bbox 802 3422 1070 3483; x_wconf 88' lang='lat' dir='ltr'>ordinem</span> <span class='ocrx_word' id='word_1_282' title='bbox 1089 3423 1152 3481; x_wconf 87' lang='lat' dir='ltr'>in</span> <span class='ocrx_word' id='word_1_283' title='bbox 1174 3444 1235 3482; x_wconf 91' lang='lat' dir='ltr'>se</span> <span class='ocrx_word' id='word_1_284' title='bbox 1260 3423 1578 3482; x_wconf 89' lang='lat' dir='ltr'>arctissime</span> <span class='ocrx_word' id='word_1_285' title='bbox 1604 3421 1931 3501; x_wconf 81' lang='lat' dir='ltr'>conjungit,</span> <span class='ocrx_word' id='word_1_286' title='bbox 1953 3422 2415 3504; x_wconf 90' lang='lat' dir='ltr'>eorumdemque</span> 
     </span>
     <span class='ocr_line' id='line_1_34' title="bbox 296 3516 2413 3598; baseline 0.001 -25"><span class='ocrx_word' id='word_1_287' title='bbox 296 3536 515 3574; x_wconf 77' lang='lat' dir='ltr'>nexum</span> <span class='ocrx_word' id='word_1_288' title='bbox 560 3516 805 3598; x_wconf 91' lang='lat' dir='ltr'>percipit</span> <span class='ocrx_word' id='word_1_289' title='bbox 853 3539 920 3577; x_wconf 92' lang='lat' dir='ltr'>ac</span> <span class='ocrx_word' id='word_1_290' title='bbox 958 3519 1243 3579; x_wconf 85' lang='lat' dir='ltr'>intuetur.</span> <span class='ocrx_word' id='word_1_291' title='bbox 1296 3520 1422 3593; x_wconf 86' lang='lat' dir='ltr'>Quo</span> <span class='ocrx_word' id='word_1_292' title='bbox 1459 3519 1561 3592; x_wconf 77' lang='lat' dir='ltr'>fit,</span> <span class='ocrx_word' id='word_1_293' title='bbox 1605 3528 1671 3576; x_wconf 89' lang='lat' dir='ltr'>ut</span> <span class='ocrx_word' id='word_1_294' title='bbox 1707 3518 1920 3577; x_wconf 88' lang='lat' dir='ltr'>veritas</span> <span class='ocrx_word' id='word_1_295' title='bbox 1959 3540 2022 3577; x_wconf 87' lang='lat' dir='ltr'>ac</span> <span class='ocrx_word' id='word_1_296' title='bbox 2055 3518 2413 3598; x_wconf 88' lang='lat' dir='ltr'>objectivitas</span> 
     </span>
     <span class='ocr_line' id='line_1_35' title="bbox 296 3594 2413 3691; baseline 0.001 -24"><span class='ocrx_word' id='word_1_297' title='bbox 296 3608 464 3668; x_wconf 85' lang='lat' dir='ltr'>realis</span> <span class='ocrx_word' id='word_1_298' title='bbox 489 3609 761 3669; x_wconf 82' lang='lat' dir='ltr'>humanae</span> <span class='ocrx_word' id='word_1_299' title='bbox 796 3613 1171 3691; x_wconf 79' lang='lat' dir='ltr'>cognitioniS‚</span> <span class='ocrx_word' id='word_1_300' title='bbox 1214 3635 1277 3672; x_wconf 86' lang='lat' dir='ltr'>ac</span> <span class='ocrx_word' id='word_1_301' title='bbox 1310 3613 1560 3674; x_wconf 84' lang='lat' dir='ltr'>scientiae</span> <span class='ocrx_word' id='word_1_302' title='bbox 1596 3611 1881 3672; x_wconf 86' lang='lat' dir='ltr'>certitudo</span> <span class='ocrx_word' id='word_1_303' title='bbox 1927 3635 1997 3676; x_wconf 79' lang='lat' dir='ltr'>ex</span> <span class='ocrx_word' id='word_1_304' title='bbox 2039 3594 2413 3676; x_wconf 49' lang='lat' dir='ltr'>hac¹tantum</span> 
     </span>
    </p>
   </div>
  </div>
 </body>
</html>
