2502 4134
863 127 1062 167 macr.
1108 130 1176 166 DB
1220 131 1370 171 mols
1414 133 1798 176 Tussomamls.

271 99 391 160 314

272 287 369 326 eos
398 268 613 348 passim
650 268 713 324 in
753 266 1086 349 epigraphis
1127 282 1342 330 vocant
1378 275 1626 336 domnos
1650 291 1710 339 et
1734 282 2007 343 dominos
2033 285 2146 367 (1),
2192 286 2409 369 ubique

271 361 666 424 venerationis
711 383 777 421 ac
822 367 1168 426 reverentiae
1217 389 1382 428 causa
1411 414 1426 443 ⁷
1476 383 1612 431 vota
1662 376 1839 435 etiam
1888 379 2025 461 ipsis
2067 364 2408 463 persolvisse

269 457 627 519 exhibentur
655 458 992 520 Christiani.
1030 463 1122 521 Sic
1153 463 1473 525 Cet-mosius
1509 478 1569 526 et
1607 469 1916 532 Victorino
1952 497 2131 537 Panno
2167 490 2222 537 ct
2251 501 2406 537 Msuae

269 575 506 613 nomom
545 558 772 614 sanctis
815 559 1208 637 Martyrz'bue
1255 572 1385 620 vota
1427 562 1669 624 solvisse
1713 565 1991 630 dicuntur
2031 573 2153 651 (2);
2198 588 2406 636 votum-

265 649 490 730 pariter
530 652 588 709 S.
630 652 802 712 Petro
843 654 1080 713 solvisse
1120 655 1411 734 Agathum
1447 659 1801 739 quemdam,
1844 662 2013 725 docet
2057 669 2407 730 Gruteriana-

266 746 573 827 inscriptio
621 747 738 827 (3).·,
791 749 1294 831 quemadmodum
1342 765 1402 813 et
1440 755 1641 816 tabula
1682 780 2005 820 marmorea
2041 783 2073 821 a
2113 763 2409 825 Fabrettio

265 842 495 925 prolata
531 843 769 906 exhibet
811 859 1015 907 votum
1054 847 1320 909 oblatum
1354 851 1532 911 Paulo
1575 853 1688 935 (4).
1730 857 1970 916 Sanctos
2015 859 2195 918 etiam
2240 862 2332 942 pie
2372 883 2405 922 a

266 939 537 998 fidelibus
565 941 740 1002 fuisse
764 942 1063 1003 invocatos
1094 957 1346 1005 testatur
1373 948 1673 1031 inscriptio
1703 951 1859 1033 apud
1891 954 2188 1032 Maffejum
2223 978 2236 1015 :
2268 979 2406 1018 PETE

266 1058 374 1095 Pno
406 1059 690 1098 PARENTES
718 1063 857 1099 Tuos
895 1041 1010 1121 (5),
1050 1054 1110 1101 et
1142 1042 1327 1103 altera
1361 1044 1519 1126 apud
1555 1046 1934 1107 Bonarotium
1964 1071 1977 1108 ;
2009 1073 2142 1110 1³an
2170 1074 2233 1110 m·
2259 1074 2406 1112 noc-A

266 1155 373 1192 rno
407 1154 655 1195 FRATRES
691 1160 763 1196 ET
802 1157 1038 1198 sonamus
1077 1162 1215 1198 Tuos
1267 1140 1383 1221 (6),
1421 1140 1519 1200 ubi
1566 1141 1839 1204 observat
1875 1144 1949 1204 cl.
1994 1146 2403 1228 Guadagnius‚

266 1229 373 1290 etsi
406 1243 565 1291 recta
599 1230 793 1292 latinae
826 1233 1133 1295 locutionis
1172 1248 1464 1296 structura
1496 1237 1587 1297 his
1621 1239 1802 1299 titulis
1837 1240 2242 1317 desideratur,
2280 1266 2406 1303 non

266 1328 462 1386 minus
495 1350 617 1389 esse
639 1328 874 1389 illarum
900 1353 1009 1412 pro
1027 1344 1236 1412 ‚nostro
1260 1332 1537 1414 dogmate
1559 1357 1893 1417 expressam
1914 1340 2271 1399 sententiam
2292 1341 2401 1420 (7).

264 1421 436 1482 Plura
458 1429 585 1503 jam
620 1425 925 1486 attulimus
959 1451 1063 1488 suo
1098 1428 1257 1505 loeo,
1294 1451 1423 1511 quae
1451 1432 1811 1512 patefaciunt
1842 1434 2092 1515 priscam
2120 1434 2404 1495 Christia-

259 1667 496 1722 acceperat
525 1675 552 1705 a
583 1658 641 1706 cl.
672 1668 862 1708 auctore
882 1696 895 1718 ‚
937 1660 1053 1707 datis
1094 1661 1151 1708 ad
1182 1678 1289 1709 eum

257 1741 422 1789 litteris
469 1757 527 1788 10
568 1733 710 1791 Febr.
762 1739 921 1806 1842,
971 1746 1031 1790 ita
1073 1744 1234 1791 scribit
1274 1762 1288 1792 ε

258 1823 599 1872 Bibractensis
632 1831 718 1872 tua
753 1826 1012 1890 inscriptio
1046 1842 1180 1873 nunc
1204 1843 1293 1892 per

257 1922 420 1954 omnes
459 1904 745 1957 Germanice
777 1906 940 1955 doctas
965 1908 1291 1973 ephemerides

256 1988 527 2046 discurrit,
570 1989 654 2037 sed
686 2005 785 2038 non
820 1998 901 2038 tuo
939 1992 1170 2053 nomine,
1217 1994 1289 2040 ita

255 2081 367 2119 sunt
394 2069 607 2132 φίλαυτοι
630 2071 874 2135 haeretici,
891 2090 1053 2121 verum
1072 2074 1292 2145 Eranzii

255 2163 302 2203 et
327 2153 557 2205 aliorum.
582 2153 696 2222 Quis
727 2173 823 2204 non
853 2158 1075 2220 miretur,
1105 2168 1207 2222 post
1232 2175 1287 2206 ea

256 2255 358 2304 quae
391 2238 626 2299 diximus,
672 2238 875 2304 ignorari
911 2241 961 2286 in
1004 2237 1285 2303 Germania,

255 2323 382 2389 quod
407 2333 564 2371 tamen
589 2341 686 2371 non
702 2324 1000 2388 ignorabatur
1018 2326 1070 2371 in
1089 2323 1254 2389 Anglia
1270 2360 1283 2384 ‚

251 2407 351 2472 jam
391 2406 502 2454 inde
546 2424 572 2454 a
613 2405 836 2455 Januario
879 2409 993 2455 anni
1035 2403 1157 2470 1841
1181 2442 1195 2464 ,
1235 2416 1289 2454 ut

253 2495 385 2555 patet
434 2507 489 2538 ex
561 2487 669 2537 The
717 2487 925 2536 catholic
977 2480 1247 2554 Muqazine
1269 2526 1285 2548 ,

254 2590 305 2640 p.
340 2590 502 2622 xtvni.
534 2572 739 2640 January
776 2571 898 2638 1841
928 2611 942 2633 ,
980 2572 1216 2622 London?

325 2657 393 2719 (l)
428 2657 566 2706 Plura
599 2658 806 2723 exempla
832 2659 1005 2723 profert
1022 2657 1278 2720 Victorius,

254 2741 306 2788 in
337 2739 518 2789 dissert.
552 2742 629 2788 cit.
662 2759 764 2806 pag.
799 2738 863 2788 28
893 2751 938 2789 et
967 2757 1069 2806 seq.

322 2823 392 2886 (2)
432 2823 549 2871 Eam
579 2824 769 2889 protulit
814 2822 1060 2886 zaccaria,
1104 2825 1155 2871 in
1197 2841 1281 2872 sua

256 2903 420 2954 Sioria
473 2905 717 2955 letteraria
767 2903 977 2954 d'Italia
995 2941 1012 2967 ‚
1068 2905 1159 2956 vol.
1204 2922 1280 2966 ιι,

258 3005 365 3053 pag.
403 2985 535 3050 533,
566 2988 771 3039 Venezia
816 2987 960 3056 1751·

325 3070 396 3132 (3)
431 3071 569 3137 Apud
611 3072 876 3122 Zaccariam
902 3111 916 3134 ,
962 3073 1146 3123 dissert.
1198 3077 1280 3124 cit.

256 3168 359 3217 cap.
392 3153 478 3203 ult.

326 3233 398 3297 (4)
415 3233 450 3281 I
449 3237 803 3302 nscriptionum
818 3239 1157 3303 antiquarum,
1173 3254 1280 3302 ques

256 3319 316 3366 in
347 3317 537 3367 aedibus
562 3323 787 3385 paternis
825 3330 1161 3378 asservantur,
1199 3338 1284 3369 ea·-

246 3398 453 3467 plicctio
468 3410 512 3451 et
524 3400 909 3452 additamentum
921 3440 938 3466 ‚
958 3403 1115 3453 Romae
1136 3401 1281 3471 1699,

255 3500 361 3548 pag.
390 3480 520 3551 758,
547 3502 594 3532 n.
626 3481 744 3552 639.

324 3564 395 3631 (ὅ)
433 3566 488 3615 ln
524 3564 713 3617 Musoeo
761 3568 1068 3631 Veronensi,
1107 3570 1280 3620 Veron.

267 3646 424 3719 1749,
462 3667 565 3717 pag.
606 3648 737 3717 264,
768 3671 814 3703 n.
856 3654 929 3702 13.

1449 1662 1515 1727 (6)
1561 1662 1904 1712 Osservazioni
1913 1682 2055 1731 sopra
2070 1666 2400 1733 alcu-nifrana-

1377 1748 1530 1793 menti
1563 1747 1618 1793 di
1653 1749 1758 1794 vasi
1786 1749 1976 1796 antichi
2003 1749 2058 1797 di
2088 1759 2217 1799 vetro
2242 1755 2405 1800 ornati

1375 1828 1432 1876 di
1453 1829 1613 1892 fi'qure
1630 1832 1807 1877 trovali
1824 1829 1904 1878 ne'
1921 1833 2136 1880 cimiteri
2149 1832 2204 1880 di
2219 1833 2397 1895 Roma,

1375 1911 1555 1960 Firenz.
1594 1910 1750 1978 1716,
1786 1932 1889 1978 pag.
1932 1911 2045 1964 168.

1450 1992 1515 2058 (7)
1561 1993 1796 2061 Opuscoli
1818 1998 2038 2061 postumi
2065 1997 2266 2046 italiani
2287 2015 2312 2046 e
2331 1997 2403 2046 la·-

1373 2077 1471 2122 tini
1501 2074 1611 2122 dell’
1634 2094 1797 2127 avvoc.
1814 2078 1868 2124 F
1865 2095 2000 2125 ranc.
2026 2078 2295 2144 Guadaqni
2309 2080 2399 2129 Ro-

1372 2173 1516 2205 mano
1534 2193 1548 2217 ,
1598 2158 1744 2207 Roma
1793 2157 1921 2208 1838
1944 2197 1957 2220 ‚
2009 2158 2150 2211 Orat.
2189 2177 2276 2221 111,
2318 2161 2400 2210 De

1371 2239 1609 2304 diqnitate
1651 2250 1696 2289 et
1735 2227 1942 2290 utilitate
1981 2252 2398 2292 monumentorum

1370 2321 1647 2381 christian„
1672 2342 1776 2389 pag.
1811 2341 1923 2375 100.
1941 2325 2050 2375 Huc
2071 2329 2210 2376 etiam
2228 2338 2400 2393 spectat

1370 2407 1639 2471 inscriptio,
1669 2425 1810 2473 quam
1840 2400 2014 2457 nonita
2034 2410 2212 2473 pridem
2232 2412 2284 2458 in
2303 2427 2395 2459 οω-

1371 2493 1565 2538 meterio
1598 2492 1679 2538 viae
1699 2489 2004 2540 Nomentanae
2027 2491 2086 2541 ad
2104 2491 2156 2540 S.
2174 2492 2396 2556 Agnetem

1370 2577 1538 2639 reperit
1561 2574 1677 2623 alter
1697 2575 1874 2640 collega
1892 2593 2022 2623 meus
2038 2575 2275 2625 Rethoric.
2290 2593 2397 2640 pro-

1368 2657 1477 2706 fess.
1511 2660 1563 2704 in
1593 2656 1715 2706 Coll.
1740 2657 1879 2707 Rom.
1902 2657 1977 2707 Cl.
1997 2658 2050 2707 P.
2069 2658 2169 2708 Jos.
2188 2659 2394 2719 Marchi,

1368 2757 1606 2807 quamque
1651 2742 1857 2804 reposuit
1891 2743 1942 2788 in
1978 2740 2149 2789 Mnsaeo
2198 2741 2394 2790 Kirche-

1368 2825 1533 2882 riano,
1562 2838 1617 2870 ac
1644 2821 1786 2870 latine
1813 2825 1878 2870 ita
1911 2841 1958 2870 se
1988 2823 2131 2872 habet
2157 2840 2172 2871 ε

1481 2928 1739 2984 Dionysius.
1771 2930 1899 2971 Puer.
1937 2929 2151 2971 Innocens

1482 3001 1582 3042 Hic.
1619 3002 1820 3053 Quiescit.
1854 3002 1972 3043 Cum.
2003 3001 2175 3042 Sanctis

1483 3070 1813 3114 Recordamini.
1840 3076 2008 3114 Autem.
2036 3072 2189 3114 Etiam

1486 3143 1708 3186 Nostrum.
1737 3145 1805 3184 In.
1839 3144 2021 3185 Sanctis.
2054 3145 2219 3186 Vestris

1484 3217 1700 3258 Precibus.
1733 3217 1809 3258 Et.
1842 3217 1949 3259 Mei.
1979 3217 2161 3259 Scilicet.
2196 3218 2281 3269 Qui

1483 3289 1663 3347 Sculpsi.
1696 3290 1773 3331 Et.
1806 3290 1914 3331 Mei.
1950 3291 2046 3343 Qui-
2082 3291 2256 3347 Scripsi.

1369 3391 1501 3439 Hanc
1532 3406 1702 3454 graece,
1731 3401 1871 3454 prout
1895 3400 2071 3455 reperta
2099 3400 2198 3450 est,
2234 3390 2394 3454 vulga-

1362 3475 1434 3522 bit
1466 3471 1810 3539 inusti-abitque
1835 3474 1885 3520 in
1914 3490 2080 3538 opere,
2108 3474 2184 3520 cui
2211 3474 2396 3519 incum-

1363 3557 1437 3605 bit
1465 3556 1525 3604 cl.
1558 3564 1717 3604 auctor
1737 3592 1752 3615 ‚
1789 3558 1908 3605 circa
1961 3565 2264 3604 monumenta
2300 3560 2396 3602 vet.

1368 3636 1764 3687 Christianorum.
