2502 4134
250 142 368 203 528

874 167 1075 204 TnAC'r.
1125 169 1194 204 ΒΕ
1239 168 1392 207 LOCIS
1437 171 1827 213 Tuuozouflcls.

249 306 430 367 modo
459 304 721 390 pendere
751 319 928 389 queat
948 353 963 381 ,
1002 307 1114 368 sed
1143 313 1362 382 unice,
1394 311 1482 369 uti
1518 310 1773 372 diximus
1794 360 1812 389 ,
1845 338 1884 375 a.
1905 318 2126 378 motivo
2147 321 2411 397 formali

249 403 392 465 fidei
436 403 647 469 divinae
673 401 787 482 (l).
1043 480 1047 484 .

332 498 474 558 278.
520 497 624 556 His
651 498 966 579 praemissis
989 543 1004 574 ,
1033 499 1131 560 vix
1148 498 1504 582 probatione
1531 524 1700 583 egere
1719 502 1955 564 videtur
1973 506 2154 568 thesis
2180 521 2402 572 nostra.

249 598 402 655 Nam
454 614 589 652 cum
633 592 967 672 objectum,
1014 606 1079 653 ut
1118 608 1368 672 vocant2
1412 601 1732 659 materiale
1774 600 1909 660 fidei
1958 614 2174 664 nostrae
2209 617 2406 666 totum

248 693 630 757 historicum„
658 690 772 759 sit„
826 711 890 748 ac
934 690 1219 750 revelatio
1269 691 1393 773 ipsa
1442 694 1518 752 sit.
1559 697 1837 774 factum,
1899 696 2163 778 adeoque
2206 712 2267 760 et
2303 701 2404 761 illa

247 787 444 847 omnia
469 832 485 861 a
534 805 662 867 quae
709 786 770 844 in
822 785 1187 846 revelatione
1219 789 1606 849 continentur
1627 836 1648 865 ³
1682 792 1785 866 fit,
1839 804 1906 850 ut
1940 792 2224 854 revelatio
2249 799 2403 874 ejus-

247 905 361 966 que
386 882 609 961 obJecta
635 882 863 963 possint
888 882 1085 964 quoad
1116 905 1322 945 eorum
1361 882 1738 945 existentiam
1765 887 2134 948 documentis
2159 889 2405 951 demon-

247 981 421 1039 strari
450 1026 466 1052 a
503 1001 623 1037 non
659 979 856 1036 minus
897 999 961 1037 ac
1005 978 1413 1039 credibilitatis
1446 982 1706 1056 motiva,
1748 1004 1877 1065 quae
1922 1007 2139 1067 nempe
2176 985 2405 1046 homini

171 1168 174 1174 x
245 1076 555 1138 evidenter
599 1073 887 1146 suadent,
935 1073 1120 1134 talem
1159 1075 1353 1158 reipsa
1399 1098 1525 1137 esse
1569 1078 2030 1155 revelationem,
2082 1103 2212 1163 quae
2241 1082 2403 1143 divi-

245 1173 408 1232 nitus
461 1171 597 1230 data
646 1169 1013 1253 perhibetur.
1062 1172 1197 1231 Haec
1238 1194 1416 1255 porro
1456 1175 1653 1233 omnia
1693 1175 1820 1234 sine
1859 1175 2037 1235 alacri
2079 1176 2402 1260 seduloque

244 1270 476 1344 studio,
514 1269 640 1328 sine
677 1268 934 1327 scientiae
963 1290 1027 1327 ac
1060 1269 1304 1328 rationis
1353 1291 1498 1352 ope,
1537 1292 1603 1331 ac
1636 1270 1811 1352 longa
1845 1272 2244 1355 diuturnaque
2272 1296 2401 1335 me-

243 1368 532 1427 ditatione
575 1387 752 1425 nemo
788 1368 915 1444 jam
963 1364 1073 1423 sibi
1122 1366 1341 1447 poterit
1380 1388 1721 1449 comparare
1758 1369 1869 1448 (2).
1915 1370 2054 1443 Quis
2091 1370 2291 1451 itaque
2331 1391 2399 1430 ea

243 1475 587 1547 assequetur
641 1462 754 1520 nisi
802 1461 1141 1541 theoloqu
1205 1466 1367 1540 cujus
1414 1485 1630 1522 munus
1677 1477 1765 1523 est
1826 1465 1950 1524 haec
1998 1468 2120 1546 ipsa
2170 1465 2397 1543 objecta

243 1559 548 1622 credibilia
578 1556 941 1619 ostendere?
986 1560 1186 1615 Potest
1234 1558 1432 1639 itaque
1467 1558 1728 1618 humana
1759 1561 1906 1618 ratio
1942 1572 2074 1642 post
2116 1560 2395 1642 adeptam

245 1659 426 1718 fidem
453 1655 842 1715 fundamenta
871 1653 1054 1733 ipsius
1086 1654 1441 1735 investigare
1465 1675 1530 1712 ac
1555 1653 1827 1734 detegere
1847 1701 1862 1730 ‚
1889 1665 1956 1714 ut
1978 1677 2044 1715 ea
2075 1655 2190 1714 illis
2214 1657 2396 1736 possit
2473 1647 2477 1652 ⁴

224 1765 611 1838 proponere,
660 1751 761 1833 qui
810 1749 885 1807 ad
933 1770 1064 1808 eam
1108 1749 1620 1828 investigationem
1659 1751 1855 1808 minus
1905 1751 2101 1809 idonei
2144 1762 2284 1808 sunt
2334 1762 2396 1810 et

242 1850 597 1932 comparati,
650 1866 835 1927 eaque
879 1843 952 1902 ab
997 1843 1468 1904 adversariorum
1511 1846 1741 1926 impetu
1800 1846 1970 1904 tueri.

326 1948 471 2008 279.
522 1943 695 2018 Quod
738 1962 879 2002 vero
921 1940 994 2000 de
1045 1938 1160 2000 fide
1210 1944 1452 2023 ejusque
1495 1939 1899 2001 fundamentis
1945 1942 2007 2000 in
2046 1942 2391 2006 universum

309 2142 384 2211 (l)
423 2140 534 2188 Haec
552 2177 564 2199 ‚
596 2139 648 2186 ut
677 2139 889 2201 superius
908 2135 1236 2183 adnotavimus
1255 2171 1270 2194 ‚

241 2226 301 2276 ab
332 2225 571 2273 Hermesio
595 2238 692 2270 non
718 2223 804 2268 rite
826 2219 1070 2277 distincta,
1095 2218 1175 2266 sed
1202 2227 1273 2266 te-

242 2326 367 2357 mere
393 2307 618 2373 permixta
651 2304 858 2351 fuerunt.

311 2391 379 2456 (2)
416 2388 553 2456 Quod
579 2386 656 2435 hic
673 2388 874 2434 dicimus
891 2384 950 2432 de
969 2385 1153 2431 motivis
1172 2399 1275 2432 cre-

240 2474 485 2524 dibilitatis
499 2509 512 2533 ,
545 2470 722 2538 quibus
747 2471 886 2518 etiam
904 2465 1275 2515 internoscendis

239 2556 541 2622 tutandisque
579 2552 739 2600 alacri
780 2548 1037 2614 seduloque
1071 2547 1268 2608 audio,

238 2641 456 2688 scientim
502 2653 561 2684 ac
603 2636 813 2683 rationis
857 2650 973 2698 ope,
1023 2647 1082 2679 ac
1131 2631 1273 2696 [onya

240 2725 573 2787 diuturnaque
596 2719 909 2768 meditatione
936 2735 1051 2781 opus
1077 2733 1175 2765 esse
1196 2734 1271 2764 as-

244 2813 473 2867 serimu3‚
515 2807 710 2869 intelligi
753 2803 927 2852 debent
966 2802 1121 2867 quoad
1157 2817 1269 2859 eos,

245 2892 329 2960 qui
353 2892 627 2958 singillatim
649 2889 748 2936 haec
769 2886 1066 2951 expendunt,
1089 2900 1273 2932 eorum-

246 2994 339 3043 que
357 2979 452 3025 vim
471 2974 528 3023 ad
557 2974 896 3021 convictionem
916 2968 1178 3016 intellectus
1199 2985 1274 3015 ex-

249 3069 458 3124 ponunt,
488 3074 541 3106 ac
563 3056 800 3104 vindicant
828 3052 887 3101 ab
912 3052 1275 3116 impugnationi-

246 3145 336 3192 bus
366 3141 735 3192 incredulorum.
766 3137 815 3185 Si
847 3147 1001 3185 autem
1027 3135 1167 3183 simul
1191 3134 1270 3182 illa

247 3236 514 3294 spectentur
540 3241 593 3273 ac
619 3227 669 3271 in
703 3240 787 3271 suo
813 3221 1056 3285 complexu
1073 3255 1085 3276 ‚
1108 3235 1275 3283 quam-

246 3312 356 3359 dam
389 3308 670 3358 evidentiam
714 3323 804 3370 prae
846 3322 893 3352 se
934 3304 1091 3350 serunt
1112 3338 1125 3360 ,
1170 3315 1272 3365 quae

246 3395 489 3444 radiorum
514 3393 655 3439 etiam
685 3389 844 3437 oculos
871 3384 1090 3451 percellat
1115 3385 1273 3448 eisque

247 3478 486 3528 evidenter
532 3472 803 3522 credibilem
858 3468 1020 3517 reddat
1064 3463 1272 3514 divinam

248 3561 600 3612 revelationem.
624 3555 721 3602 Hac
749 3555 929 3601 ratione
958 3551 1176 3615 componi
1201 3551 1275 3596 in-

249 3656 318 3694 ter
343 3661 390 3693 se
415 3657 548 3707 posse
577 3638 816 3696 videntur,
850 3651 954 3700 quae
975 3631 1274 3681 Valsecchius

248 3739 295 3777 et
339 3723 652 3790 Spedalierius
702 3717 932 3768 contraria
971 3719 1272 3782 scripserunt.

1360 2132 1668 2183 Valsecchius
1711 2136 1838 2183 enim
1880 2153 1974 2183 una
2010 2152 2119 2183 cum
2160 2135 2388 2199 Bergierio

1357 2218 1633 2278 contendit,
1655 2218 1793 2266 rudes
1822 2235 1951 2283 posse
1976 2219 2062 2266 sibi
2090 2219 2223 2267 facile
2255 2235 2387 2267 com·

1358 2318 1520 2367 parare
1544 2302 1925 2366 compendiosam
1942 2302 2389 2352 demonstrationem

1357 2381 1682 2433 credibilitatis
1717 2384 2007 2444 christianae,
2044 2401 2127 2433 seu
2162 2401 2388 2449 superna-

1334 2467 1519 2538 turalis
1554 2485 1609 2516 ac
1637 2467 1810 2516 divinae
1845 2466 2172 2530 revelationis3
2212 2465 2388 2532 Speda-

1357 2553 1547 2613 lierius,
1585 2554 1636 2600 in
1681 2550 1897 2617 Analyai
1935 2553 2182 2600 examinis
2223 2553 2389 2601 critici

1358 2637 1581 2697 Frereti,
1612 2654 1714 2701 cap.
1748 2635 1803 2684 13
1822 2676 1834 2695 ‚
1862 2647 1949 2684 art.
1986 2653 2014 2683 2
2041 2647 2085 2685 et
2110 2636 2139 2684 3
2157 2675 2169 2697 ‚
2203 2646 2400 2693 utrum-„

1358 2738 1449 2787 que
1475 2721 1804 2786 impugnavit,
1842 2730 1982 2785 atque
2017 2720 2132 2768 adeo
2164 2719 2384 2783 singulari

1356 2810 1497 2874 plane
1526 2808 1755 2855 sententia
1786 2821 2051 2870 progressus
2069 2814 2164 2861 est,
2196 2814 2248 2852 ut
2263 2817 2378 2868 prae·

1358 2893 1579 2958 requisita
1602 2890 1660 2937 ad
1680 2889 1788 2937 fidei
1812 2878 1969 2937 actum
1985 2923 1998 2945 ‚
2027 2888 2259 2935 ordinaria
2279 2885 2378 2948 lege

1357 2964 1579 3022 omnibus
1606 2973 1860 3020 necessaria
1882 3008 1896 3031 ‚
1932 2972 2140 3037 rejecerit
2162 3006 2175 3028 ‚
2205 2970 2255 3016 in
2282 2985 2376 3032 quo

1357 3067 1476 3106 certe
1509 3054 1789 3121 suffragium
1829 3054 2070 3101 doctorum
2115 3067 2210 3098 non
2253 3047 2375 3097 tulit.

1358 3140 1544 3205 Optima
1575 3140 1624 3185 in
1656 3138 1745 3185 hoc
1778 3137 1918 3184 habet
1950 3135 2005 3183 cl.
2045 3131 2283 3181 Gerdilius
2318 3132 2377 3180 ad

1358 3222 1697 3272 ostendendum
1720 3261 1731 3278 ‚
1781 3217 2014 3286 quomodo
2061 3217 2197 3263 etiam
2249 3215 2376 3262 rudis

1359 3306 1557 3372 populus
1583 3304 1794 3352 fidelium
1824 3299 2157 3350 rationabiliter
2182 3299 2376 3345 omnino

1360 3391 1592 3440 adhaereat
1609 3389 1863 3436 christianae
1893 3383 2126 3431 catholicae
2149 3382 2286 3441 fidei,
2319 3381 2377 3428 de

1360 3476 1554 3540 ejusque
1566 3474 1752 3521 veritate
1769 3478 1919 3517 certus
1938 3467 2172 3515 moraliter
2187 3467 2258 3514 sit.
2274 3463 2375 3512 Cfr.

1361 3556 1708 3606 Introduzioue
1753 3551 1845 3599 allo
1887 3549 2049 3598 studio
2081 3548 2207 3597 della
2235 3544 2377 3611 reliq.

1359 3659 1463 3707 pag.
1505 3637 1594 3702 137
1624 3646 1667 3684 et
1697 3653 1829 3701 seqq.
