2502 4134
2126 170 2235 229 131

447 196 608 232 PART.
658 191 717 230 11.
762 192 886 230 GAP.
933 191 1020 228 111.
1070 192 1138 230 DE
1179 191 1333 231 SAGR·
1380 190 1675 230 sempron.
1726 191 1911 228 INTER.

126 335 409 397 examinis
429 380 445 410 7
473 332 772 393 interdum
799 343 1011 415 urgent
1051 332 1184 393 fidei
1221 331 1552 414 symbolicae
1583 333 2040 415 professioneme,
2079 354 2238 392 nunc

126 432 395 511 dogmata
420 428 874 511 amplectuntur,
899 449 1057 486 nunc
1079 438 1363 510 respuunt
1387 427 1569 488 veluti
1591 427 1977 489 accidentales
1997 427 2236 502 formaS‚

127 527 252 586 sine
270 524 479 607 quibus
506 523 703 604 religio
724 522 915 605 quoad
933 522 1320 582 substantiam
1337 523 1650 582 consistere
1666 522 1858 583 valeat
1871 546 1891 600 3·
1911 522 2087 584 modo
2109 544 2245 582 cum

129 623 395 682 metistis
419 631 479 679 et
508 621 578 679 M
575 623 783 699 ystz'eis
795 662 818 690 ,
861 639 1003 699 quos
1032 629 1243 678 vocant
1265 664 1281 692 a
1311 618 1374 676 in
1406 616 1583 699 plena
1623 627 1933 678 versantur
1959 618 2092 678 fidei
2129 618 2239 677 ob—

119 716 348 794 J‘ectivae
375 714 767 774 indifferentia
786 759 801 788 ,
835 734 943 772 nec
971 713 1083 772 nisi
1104 713 1378 773 affectum
1410 734 1510 771 seu
1536 733 1774 771 sensum
1805 712 2121 793 quemdam
2151 736 2241 774 re-

127 810 394 890 ligiosum
435 821 765 881 sectantum
814 807 988 867 modo
1028 807 1268 867 demum
1301 829 1433 867 cum
1470 806 1842 866 rationalistis
1877 818 1936 866 et
1972 808 2243 888 mythicis

131 905 292 965 omni
314 926 547 987 prorsus
565 903 1120 985 supernaturalismo
1138 902 1498 963 valedicunt}
1518 905 1744 984 Nempe
1767 922 1881 983 quo
1904 922 1963 959 se
1982 913 2243 977 vertant,

130 1022 232 1060 seu
258 1000 450 1061 verius
472 1044 487 1073 ‚
519 998 786 1058 dolenter
815 997 942 1056 dico
964 1041 980 1070 ,
1014 1017 1131 1078 quo
1157 1002 1433 1054 corruant
1460 997 1729 1056 nesciunt
1755 997 1865 1075 (1).

217 1095 352 1153 199.
403 1094 479 1152 Ut
500 1094 672 1172 igitur
690 1090 914 1172 pauciS‚
942 1110 1075 1171 quae
1098 1089 1279 1147 fusius
1303 1111 1412 1170 pro
1429 1090 1512 1148 rei
1530 1091 1816 1168 gravitate
1843 1090 2213 1153 disseruimus
2231 1140 2247 1169 .‚

132 1188 584 1270 complectamur
629 1207 646 1244 ι
705 1187 925 1244 Omnes
974 1183 1336 1244 conveniunt
1388 1183 1566 1243 fidem
1608 1184 1993 1264 theologicam
2037 1187 2255 1270 absque

131 1282 325 1364 regula
361 1281 548 1362 aliqua
574 1278 840 1360 proxima
883 1290 944 1337 et
987 1277 1314 1353 infallibili,
1365 1280 1452 1338 cui
1503 1300 1628 1339 sese
1665 1279 1934 1341 homines
1977 1281 2258 1359 subjicere

130 1377 412 1450 debeant,
437 1374 637 1434 haberi
660 1373 1114 1456 haudquaquam
1137 1395 1323 1454 posse.
1348 1376 1385 1434 J
1388 1397 1484 1434 am
1504 1396 1644 1435 vero
1665 1376 1894 1436 sublata
1916 1399 2017 1437 seu
2035 1380 2254 1457 rejecta

129 1471 392 1533 Ecclesiae
414 1470 756 1529 auctoritate
773 1515 788 1544 .,
815 1469 938 1528 haec
963 1469 1233 1551 nuspiam
1257 1482 1534 1551 apparet,
1559 1493 1680 1529 non
1704 1472 1765 1530 in
1793 1473 2089 1555 Scriptura
2106 1474 2250 1548 sola,

130 1589 250 1627 non
276 1569 339 1626 in
366 1566 485 1625 sola
508 1565 854 1627 individuali
875 1566 1100 1625 ratione
1120 1611 1136 1640 ,
1163 1587 1284 1624 non
1310 1566 1373 1624 in
1394 1566 1603 1647 spiritu
1632 1568 1863 1648 privato
1888 1590 1919 1627 a
1947 1569 2167 1651 Spiritu
2190 1572 2247 1630 S.

129 1662 447 1736 illustrat03
486 1682 621 1741 ergo
662 1671 762 1719 aut
793 1660 1054 1721 Ecclesiae
1094 1660 1456 1721 admittenda
1498 1663 1846 1737 auctoritas7‘
1892 1675 1992 1722 aut
2034 1664 2255 1747 absque

129 1758 244 1817 fide
259 1758 320 1816 in
344 1768 627 1839 perpetuo
652 1755 917 1836 religioso
942 1756 1303 1838 scepticismo
1327 1756 1733 1816 fluctuandum
1760 1759 1884 1837 (2);
1927 1780 2026 1818 seu
2046 1804 2062 1834 .,
2094 1759 2254 1840 quod

131 1852 288 1912 idem
338 1862 425 1911 est
446 1897 462 1927 ,
517 1855 911 1911 Protestantes
953 1850 1175 1930 abjecta
1220 1852 1479 1911 Ecclesiae
1522 1853 1863 1912 auctoritate
1882 1899 1898 1927 ,
1943 1876 2250 1936 nunquam

133 1946 274 2006 certi
316 1967 439 2007 esse
483 1957 728 2028 possunt
769 1946 859 2029 de¹
890 1945 1211 2026 dogmatica
1255 1948 1687 2029 Scripturarum
1733 1947 2255 2031 interpretatione,

134 2041 295 2122 quod
325 2041 853 2101 demonstrandum
881 2042 1318 2124 assumpsimus,

939 2234 1430 2276 DIFFICULTATES.

1434 2303 1451 2326 l

218 2371 358 2432 200.
403 2372 534 2451 obj.
566 2375 776 2455 prima.
813 2377 874 2433 10
902 2378 1034 2435 Non
1059 2375 1170 2435 alia
1198 2376 1392 2455 regula
1417 2377 1477 2434 in
1504 2377 1932 2457 Scripturarum
1954 2379 2248 2460 interpre-

201 2603 266 2667 (1)
304 2602 489 2652 Scilicet
507 2604 837 2663 protestantes,
861 2621 970 2653 eum
986 2620 1143 2653 eorum

130 2703 240 2751 pace
271 2687 329 2733 sit
356 2685 532 2733 dictum
553 2722 566 2744 ‚
612 2688 759 2734 vivam
796 2691 934 2751 atque
963 2701 1144 2751 expres·

131 2785 228 2815 sam
269 2767 454 2815 illorum
499 2769 752 2833 imaginem
786 2767 1026 2826 referunt,
1060 2770 1142 2833 qui

131 2850 181 2896 in
219 2865 382 2913 campo
423 2847 630 2897 Sennaar
674 2851 788 2896 turri
821 2849 963 2898 Babel
996 2849 1142 2897 aedifi-

131 2933 284 2980 canda}
299 2950 482 2998 operam
495 2932 682 2980 dabant.
692 2933 990 2982 Putandusne
1003 2933 1142 2993 Deus,

132 3016 488 3078 sapientissimus
516 3031 571 3062 ac
597 3017 850 3063 misericors
879 3021 1006 3078 pater
1025 3053 1036 3073 ,
1070 3025 1139 3063 ta-

132 3090 224 3142 lem
239 3092 416 3143 dedisse
429 3095 698 3142 hominibus
715 3096 980 3159 religionem
998 3132 1011 3154 ,
1029 3113 1142 3160 qua-

133 3174 224 3222 lem
265 3175 663 3225 Protestantismus
707 3174 992 3242 profitetur?
1044 3177 1143 3225 Hoc

139 3254 250 3313 mihi
299 3258 478 3306 videtur
534 3261 742 3307 omnium
803 3259 1140 3324 paradoxorum

141 3337 405 3386 maximum.
488 3360 493 3363 ’

210 3413 280 3476 (2)
295 3415 696 3484 Gir-,Opusc-Frid.
710 3420 856 3470 Lucas
870 3459 883 3483 ‚
903 3422 1137 3484 Reasom,

141 3503 228 3542 etc.
247 3512 326 3544 seu
342 3498 524 3550 Motiva
534 3502 599 3550 ad
611 3503 982 3569 amplectendam
996 3503 1140 3567 fidem

138 3574 630 3631 catholieo-romanam
644 3619 661 3647 ,
691 3588 904 3652 exposita
927 3587 1143 3635 societati

140 3659 402 3708 amicorum
433 3661 540 3724 (seu
566 3663 877 3729 Quakerorum
896 3668 911 3732 )
932 3706 944 3729 ,
985 3669 1136 3718 Lond.

1239 2602 1394 2670 1839,
1427 2622 1531 2669 pag.
1564 2604 1626 2652 32
1656 2612 1703 2653 et
1735 2623 1867 2672 seqq.
1892 2606 1974 2655 His
1997 2611 2123 2657 enim
2148 2627 2255 2659 mo-

1232 2688 1336 2734 tivis
1352 2723 1365 2746 ‚
1401 2702 1502 2751 quae
1523 2686 1587 2733 ibi
1606 2689 1803 2751 ingenue
1819 2687 2112 2755 studioseque
2128 2692 2257 2740 evol-

1231 2770 1328 2828 vit,
1364 2768 1702 2832 expergefactus
1732 2771 1933 2833 optimus
1960 2772 2044 2819 iste
2070 2773 2170 2831 vir,
2200 2790 2257 2822 ac

1230 2852 1469 2898 veritatem
1489 2851 1665 2898 sincero
1686 2852 1843 2897 animo
1859 2851 2072 2916 diligens,
2100 2852 2255 2918 Quac-

1229 2931 1442 2981 kerorum
1463 2936 1725 2982 societatem
1745 2935 1821 2981 cui
1840 2934 2103 2983 adhaerebat
2120 2937 2254 2986 dese-

1230 3017 1345 3072 ruit,
1380 3033 1518 3080 seque
1541 3018 1590 3062 in
1609 3017 1817 3080 quietum
1843 3016 2079 3065 catholicae
2096 3017 2253 3069 Eccle-

1233 3098 1306 3144 siae
1352 3108 1535 3162 portum
1574 3099 1775 3160 recepit,
1819 3099 1869 3144 in
1915 3115 2008 3164 quo
2059 3099 2252 3151 demum

1228 3195 1391 3243 pacem
1405 3216 1418 3238 ‚
1435 3197 1574 3244 quam
1586 3179 1807 3227 hactenus
1818 3180 1979 3228 frustra
1995 3185 2252 3246 quaesierat,

1229 3259 1540 3325 plenissimam
1567 3270 1728 3309 nactus
1752 3271 1836 3310 est.
1860 3262 1999 3311 Plura
2018 3264 2156 3330 huJ'us
2175 3285 2254 3332 ge·

1229 3346 1351 3391 neris
1380 3341 1588 3406 exempla
1608 3380 1621 3402 ‚
1656 3360 1802 3410 eaque
1834 3346 2112 3409 perillustris
2132 3385 2146 3407 ,
2177 3348 2252 3396 di-

1229 3426 1334 3490 vina
1354 3427 1580 3490 aspirante
1608 3427 1747 3490 gratia
1770 3463 1783 3486 ,
1819 3425 1955 3475 nobis
1975 3428 2110 3477 affert
2125 3445 2252 3478 nunc

1230 3510 1446 3572 temporis
1483 3506 1681 3572 Anglia‚
1722 3506 1900 3573 majora
1941 3512 1991 3558 in
2037 3510 2161 3570 dies,
2197 3520 2251 3558 ut

1230 3587 1510 3638 confidimus
1528 3627 1541 3650 ‚
1573 3589 1768 3639 allatura
1788 3588 1798 3637 ἒ

1904 3750 1961 3808 9,
