2502 4134
2092 147 2232 218 303,

357 180 515 217 PART.
565 180 627 214 11.
679 177 833 214 Snc'r.
880 176 945 213 11.
995 177 1120 213 GAP.
1169 177 1233 213 11.
1280 175 1347 210 ΒΕ
1394 175 1527 211 ΜΕΙ).
1579 173 1707 209 GEN.
1757 169 1920 206 TRAD.

93 325 202 390 bus
234 323 300 391 in
329 319 582 402 politiori
617 318 946 378 litteratura
983 338 1120 376 sane
1156 315 1431 388 exculti8‚
1474 315 1596 374 sed*
1613 314 2012 385 doctrinarum
2050 313 2215 391 copia

92 430 275 499 atque
320 414 717 498 profunditate
770 413 939 493 longe
992 410 1385 473 inferioribus.
1449 409 1653 471 Aiebat
1707 406 2028 467 Leibnitius
2049 450 2067 480 ,
2122 427 2214 466 res

94 511 313 579 summi
330 510 500 592 pretii
532 509 869 569 delitescere
903 508 1011 567 sub
1046 507 1271 567 rudiori
1297 504 1772 568 scholasticorum
1800 502 2030 562 cortice..
2061 502 2214 563 Sane

94 607 168 667 ab
213 606 336 665 istis
385 626 593 684 magna
624 625 712 664 ‚ex
758 615 923 685 parte
972 625 1117 683 opus
1163 622 1371 672 suum,
1418 599 1505 660 De
1533 603 1685 677 jure
1728 600 1869 657 belli
1916 608 1972 656 et
2003 599 2179 676 pacis
2191 639 2218 669 ,

95 702 328 762 Grotius
361 699 664 760 delibavit.
704 697 1093 779 Barbeyracus
1122 694 1318 778 plures
1352 692 1678 752 confutavit
1714 713 1936 751 errores
1968 691 2213 753 Puffen-

95 797 269 856 dorfii
303 795 582 855 doctrinis
619 793 1091 857 scholasticorum
1124 791 1235 869 (1).
1280 852 1282 855 ,

1064 982 1099 1062 S
1142 980 1303 1040 VIII.

923 1144 1012 1202 De
1037 1122 1391 1201 'Hoereticiffl

184 1313 321 1370 460.
373 1307 677 1368 Mirabitur
714 1306 956 1366 fortasse
994 1304 1317 1386 quispiam,
1358 1324 1464 1362 nos
1512 1303 1666 1363 inter
1693 1302 2046 1363 Traditionis
2078 1306 2225 1389 dog-

103 1405 322 1464 maticae
370 1413 549 1463 testes
600 1401 886 1461 advocare
938 1399 1239 1459 haereticos
1289 1398 1444 1481 ipsos
1467 1444 1483 1470 ,
1534 1398 1797 1484 Ecclesiae
1840 1399 2117 1461 doctrinae
2159 1423 2229 1462 ac

100 1498 444 1559 Traditionis
497 1498 806 1557 acerrimos
844 1495 1073 1568 hostes3
1118 1515 1324 1555 verum
1347 1540 1362 1567 .,
1417 1493 1464 1552 si
1505 1495 1550 1552 is
1587 1485 1844 1576 Penitius
1883 1516 2008 1554 rem
2045 1496 2230 1556 intro»

9 1589 19 1597 ⁷
100 1595 303 1676 spiciat
324 1639 339 1665 .,
364 1604 624 1652 nostram
651 1591 857 1672 agendi
886 1592 1175 1650 rationem
1205 1589 1402 1648 mirari
1432 1589 1680 1649 desinet.
1707 1577 1937 1650 Etenim
1969 1590 2223 1651 haeretici

103 1689 194 1749 vel
237 1688 407 1750 inviti
445 1687 666 1767 duplex
706 1708 940 1768 semper
985 1684 1154 1744 nobis
1194 1684 1458 1767 praebent
1495 1683 2025 1745 luculentissimum
2065 1707 2225 1746 verae

101 1783 237 1843 fidei
275 1805 339 1842 ac
376 1783 714 1863 dogmaticae
755 1781 1104 1841 Traditionis
1142 1781 1542 1839 testimonium
1565 1826 1580 1855 .‚
1619 1791 1748 1838 tum
1787 1802 2005 1863 nempe
2051 1781 2113 1839 in
2154 1803 2223 1841 eo

102 1879 259 1961 quod
291 1878 583 1952 retinent,
626 1899 757 1936 cum
804 1898 927 1937 sese
955 1875 1029 1935 ab
1070 1875 1317 1935 Ecclesia
1358 1886 1664 1958 separant,
1705 1885 1833 1934 tum
1865 1876 1928 1933 in
1964 1897 2033 1937 eo
2066 1876 2223 1959 quod

102 1976 472 2056 impugnant.
1484 2038 1486 2040 y

185 2069 323 2128 461.
375 2070 453 2128 Ac
484 2069 676 2151 primo
707 2067 943 2150 quidem
972 2078 1149 2127 testes
1173 2066 1427 2127 haeretici
1453 2077 1591 2125 sunt
1613 2065 1874 2126 Ecclesiae
1896 2064 2037 2126 fidei
2063 2066 2225 2125 locu-

100 2163 405 2245 pletissimi
437 2185 502 2221 ac
540 2162 888 2223 Traditionis
916 2208 932 2238 ,
986 2163 1045 2221 in
1092 2184 1160 2222 eo
1207 2162 1367 2248 quod
1407 2162 1701 2238 retinent,
1755 2182 1857 2221 seu
1894 2160 1958 2219 in
2000 2160 2227 2221 laciniis

101 2257 353 2338 antiquae
377 2257 546 2331 fidei,
578 2279 720 2338 quas
745 2279 939 2316 secum
966 2257 1241 2317 deferunt
1260 2302 1276 2332 .,
1307 2279 1438 2315 cum
1472 2256 1546 2316 ab
1585 2256 1831 2317 Ecclesia
1862 2256 2185 2316 abscedunt
2205 2302 2223 2332 .‚

103 2362 202 2410 aut
248 2349 323 2409 ob
368 2373 530 2409 suam
581 2352 966 2432 pertinaciam
1004 2351 1077 2410 ab
1126 2373 1192 2411 ea
1236 2351 1639 2433 expelluntur.
1693 2354 1923 2411 Etenim
1974 2352 2229 2412 haeretici

100 2458 236 2506 ante
267 2448 530 2530 proprias
561 2449 961 2508 innovationes
990 2448 1052 2506 in
1088 2447 1333 2507 Ecclesia
1368 2447 1648 2507 catholica
1689 2447 1944 2507 instituti
1981 2459 2121 2507 sunt
2157 2468 2225 2509 ac

172 2667 241 2730 (1)
270 2666 367 2717 Csr.
387 2665 561 2726 Gerdil,
579 2667 754 2733 Saqqio
772 2667 1125 2716 d'instruzione

106 2750 359 2814 teoloqae‘oa,
393 2761 479 2800 art.
527 2750 676 2814 Deqli
704 2751 975 2814 scolastici,
1013 2770 1123 2817 opp.

106 2832 214 2881 edit.
242 2832 384 2881 Rom.
409 2843 524 2881 tom.
554 2851 580 2879 x
596 2870 610 2895 ,
639 2849 745 2900 pag.
770 2831 865 2900 267
886 2851 900 2896 3
921 2851 1007 2882 nec
1030 2851 1126 2882 non

108 2913 372 2963 Muzzarelli
391 2953 402 2974 ‚
444 2914 492 2962 It
516 2914 642 2963 buon
671 2932 756 2963 uso
787 2915 911 2962 della
940 2915 1123 2980 loqica,

109 3012 263 3058 opusc.
291 3013 338 3043 iv
351 3034 364 3055 ‚
395 2995 621 3060 Teoloqia
634 3032 650 3058 ‚
671 2997 781 3044 edit.
799 2997 932 3046 Rom.
951 3009 1064 3047 tom.
1081 3015 1124 3062 ¹3

112 3078 216 3125 item
256 3078 316 3128 D.
346 3079 519 3146 Boyer‚
556 3083 603 3129 in
641 3099 717 3146 op.
752 3079 956 3145 Defensa
989 3082 1046 3129 de
1079 3081 1126 3130 la

112 3159 316 3208 methodo
358 3162 757 3228 d’enaeiynemem
798 3166 959 3213 suivie
1005 3163 1128 3212 dana

114 3237 178 3286 les
202 3241 344 3290 &coles
370 3244 659 3310 catholiques
674 3279 691 3307 ,
721 3245 865 3296 Paris.
906 3244 1129 3296 1836.1n

117 3319 389 3372 scholasticis
406 3326 722 3392 distinguenda
742 3339 880 3388 sunt,
898 3346 1002 3394 qnae
1017 3347 1130 3393 pen-

118 3402 228 3450 dent
258 3403 314 3451 ab
345 3408 513 3471 ingenii
542 3428 597 3459 ac
626 3414 986 3460 ratiocinationis
1018 3430 1130 3460 acu-

120 3485 275 3545 mine,
313 3485 370 3533 ab
406 3490 487 3548 iis,
518 3509 623 3556 quae
649 3496 896 3558 apositivis
927 3494 1131 3559 pendent

119 3566 428 3631 documentis;
459 3571 507 3618 in
534 3574 615 3634 iis,
637 3591 739 3641 qnae
772 3576 830 3624 ad
863 3574 1010 3640 prima
1030 3594 1131 3642 spe-

119 3659 274 3709 etant,
294 3668 429 3700 nemo
448 3653 633 3706 sortasse
663 3675 738 3707 eos
771 3661 1039 3726 superavit3
1081 3663 1130 3709 in

1211 2668 1309 2716 aliis
1326 2685 1437 2716 vero
1457 2670 1622 2733 passim
1652 2669 1878 2718 labuntur
1902 2668 2127 2718 librorum
2148 2687 2232 2735 po-

1210 2754 1436 2800 tissimum
1454 2769 1506 2800 ac
1524 2753 1920 2801 documentorum
1937 2755 2093 2818 inopia
2106 2791 2120 2814 ‚
2142 2771 2233 2820 qua

1209 2844 1341 2892 aetas,
1363 2836 1413 2882 in
1436 2853 1528 2900 qua
1554 2835 1621 2883 illi
1660 2835 1945 2894 floruerunt,
1972 2834 2229 2885 laborabat.

1210 2915 1311 2964 cfr.
1363 2918 1501 2966 etiam
1549 2917 1700 2966 Gener
1719 2955 1732 2977 ,
1786 2920 1836 2965 in
1881 2917 2133 2966 Prodromo
2179 2934 2196 2965 1
2216 2955 2231 2977 ‚

1210 2997 1470 3062 Theologiae
1553 2999 1878 3053 scholastico·
1913 2999 2182 3065 dogmaticae
2216 3037 2232 3060 ‚

1212 3097 1343 3145 capp.
1375 3098 1392 3128 1
1415 3118 1428 3139 ‚
1462 3096 1521 3141 2,
1560 3080 1588 3128 3
1623 3087 1671 3130 et
1705 3079 1737 3144 4
1760 3117 1773 3140 ,
1814 3081 1896 3129 ubi
1932 3085 2112 3146 copiose
2140 3083 2235 3131 his-

1214 3166 1381 3211 toriam
1407 3164 1548 3211 tradit
1574 3163 1853 3212 scholasticae
1880 3163 2117 3230 theologiae
2142 3183 2236 3214 una

1213 3262 1321 3294 cum
1354 3250 1454 3312 ejus
1481 3246 1722 3305 vindiciis,
1747 3246 1917 3312 quibus
1934 3247 2115 3296 addidit
2131 3266 2235 3298 aca-

1211 3329 1471 3377 demiarum
1520 3345 1709 3377 censum
1727 3365 1742 3388 ‚
1777 3331 1827 3377 in
1857 3330 2028 3395 quibus
2057 3331 2236 3379 schola-

1212 3413 1324 3459 stica
1351 3411 1530 3459 exculta
1567 3411 1654 3458 fuit
1696 3427 1722 3458 a
1757 3412 1908 3460 seculo
1942 3412 2115 3461 Eccles.
2139 3429 2232 3469 ιιι,

1214 3509 1360 3561 usqne
1376 3494 1436 3543 ad
1456 3512 1532 3543 an.
1561 3491 1683 3561 1767
1702 3530 1716 3555 ,
1741 3504 1788 3543 et
1817 3494 2072 3544 elenchum
2090 3494 2235 3544 Scho-

1216 3577 1481 3626 lasticornm
1500 3615 1512 3636 ‚
1547 3578 1630 3643 qui
1659 3577 1849 3642 singulis
1877 3578 2038 3627 seculis
2065 3579 2235 3627 florue-
2271 3588 2273 3590 ’

1218 3670 1351 3722 runt,
1374 3676 1544 3726 eosque
1563 3676 1700 3725 supra
1724 3670 1959 3710 sexcentos
1979 3670 2234 3710 enumerat.
