2502 4134
291 139 378 199 ν50

900 157 1113 196 TRAGT.
1160 159 1230 194 DE
1275 156 1429 196 LOCIS
1471 157 1850 198 THEOLOGIGIS.

297 305 455 386 ipsos
492 300 673 360 libros
712 301 776 359 in
820 298 1083 363 diversas
1134 300 1331 360 abiere
1381 301 1746 375 sententias3
1804 302 1992 362 donec
2046 304 2155 364 visi
2204 303 2446 364 demum

298 410 441 459 sunt
461 444 476 473 7
505 397 545 456 ii
575 395 784 455 saltem
819 398 921 479 qui
947 397 1010 456 in
1040 396 1356 457 Germania
1393 394 1646 476 degunt,
1685 399 1957 467 unanimi
1992 399 2178 483 ferme
2207 421 2447 461 consen-

299 498 463 554 sione
521 491 872 568 admittere,
925 504 1223 575 quotquot
1276 493 1430 552 Novi
1487 493 1643 553 Test.
1706 493 1889 554 libros
1944 497 2006 554 in
2068 518 2294 557 canone
2342 518 2448 556 suo

299 590 581 650 catholica
630 600 897 651 recenset
942 590 1193 650 Ecclesia
1237 589 1350 669 (l).
1402 590 1619 649 Verum
1661 591 1829 652 novis
1876 591 2198 652 Bibliorum
2242 593 2449 652 studiis

299 688 564 748 excitatis
587 733 602 762 a
633 708 698 746 ac
726 686 1128 746 rationalismo
1156 686 1219 744 in
1246 684 1370 745 dies
1399 679 1914 767 percrebescente,
1941 688 2087 749 adeo
2117 711 2315 749 secum
2337 689 2450 772 ipsi

299 808 565 869 pugnare
604 797 949 868 coeperunt,
994 794 1060 842 ut
1104 784 1203 844 vix
1238 782 1395 842 ullus
1435 782 1586 843 liber
1628 784 1738 858 sit.,'
1773 805 1896 843 non
1933 787 2109 847 modo
2147 809 2218 847 ex
2253 786 2452 847 deute·

300 882 694 942 ro-canonicis
726 927 741 955 .,
781 880 885 939 sed
927 882 1106 939 etiam
1150 901 1223 941 ex
1262 880 1766 963 proto-canonicis
1805 880 2109 964 utriusque
2146 884 2403 944 Foederis
2433 929 2451 956 ,

298 999 480 1062 quem
513 979 763 1037 istorum
808 976 1018 1059 aliquis
1056 999 1131 1037 ex
1170 998 1347 1036 censu
1394 978 1811 1036 canonicarum
1851 977 2286 1057 Scripturarum
2328 1002 2453 1038 non

300 1084 598 1157 expungat
620 1119 637 1149 3
668 1084 770 1132 aut
806 1072 1017 1132 saltem
1057 1093 1260 1131 annon
1289 1070 1719 1153 expungendus
1767 1071 1842 1131 sit
1887 1072 2279 1134 vehementer
2329 1096 2452 1134 non

302 1170 532 1232 dubitet
571 1171 678 1252 (2).

370 1434 440 1499 (l)
457 1433 554 1482 Cfr.
568 1433 810 1492 Jamsens,
827 1432 918 1481 loc.
935 1434 1022 1482 cit.
1043 1442 1086 1479 et
1106 1430 1339 1492 Moehler,

302 1515 615 1584 Symbolique
628 1553 642 1577 ‚
666 1527 780 1564 tom.
796 1533 830 1562 11
844 1551 858 1575 ‚
878 1515 1015 1580 ehap.
1032 1511 1083 1573 5,
1101 1510 1127 1578 ἓ
1144 1511 1230 1577 41.

374 1601 445 1665 (2)
483 1600 641 1664 Longa
673 1601 815 1672 nimis
848 1615 921 1646 res
946 1606 1064 1646 esset
1086 1597 1205 1646 velle
1229 1596 1343 1645 Pro·

308 1693 526 1733 testantes
557 1698 827 1742 recensere,
857 1683 939 1748 qui
968 1697 1118 1728 unum
1142 1680 1214 1729 vel
1231 1679 1346 1729 alte-

309 1785 416 1816 rum
448 1766 626 1814 librum
656 1766 1100 1831 proto-canonicum
1132 1766 1226 1811 suis
1255 1781 1344 1811 au-

307 1850 516 1900 ctoribus
550 1850 918 1917 adjudicarunt3
958 1849 1188 1913 proferam
1226 1864 1348 1896 non-

309 1934 443 1982 nulla
477 1933 689 1999 exempla
732 1950 786 1981 ex
824 1934 933 1997 ipsis
985 1930 1347 1978 protestantibus

311 2018 607 2082 deprompta.
635 2015 1007 2065 Pentateuchum
1033 2024 1136 2079 post
1155 2015 1346 2063 exilium

309 2100 654 2166 babylonicum
687 2102 912 2166 scriptum
940 2108 1248 2147 autumarunt
1271 2098 1346 2146 Fr.

311 2183 422 2234 Car.
442 2185 475 2232 F
482 2185 591 2233 ulda
610 2222 623 2245 ,
648 2182 775 2233 God.
803 2184 974 2244 flasse,
1000 2182 1140 2232 Joan.
1172 2181 1345 2230 Christ.

312 2267 590 2333 Nachfigal,
632 2267 773 2316 Joan.
811 2266 965 2315 Sever.
999 2265 1144 2314 Vater
1164 2302 1177 2326 ‚
1205 2265 1347 2314 Mart.

314 2352 372 2400 de
418 2351 604 2411 Wette,
654 2351 802 2400 Leon.
850 2351 1092 2399 Bertholdt
1115 2386 1129 2410 ‚
1179 2350 1353 2414 aliique

315 2435 443 2501 apud
464 2434 822 2495 Rosenmiiller‚
859 2430 1051 2498 Proloq.
1088 2435 1142 2480 in
1171 2428 1352 2479 Penta-

316 2518 472 2568 teuch.
504 2518 704 2567 Librum
736 2517 847 2567 Job.
878 2535 976 2565 non
1004 2517 1246 2565 historiam
1273 2514 1354 2563 sed

318 2602 528 2650 fabulam
572 2603 745 2650 referre
796 2600 1089 2649 contendunt
1138 2598 1353 2664 Spanhe-

319 2686 462 2744 mins,
483 2684 784 2749 CarpzoviuS‚
804 2682 1071 2742 Michaelis,
1088 2684 1355 2746 passimque

320 2777 504 2832 recepta
536 2776 603 2814 est
635 2766 760 2830 apud
788 2765 1097 2814 protestantes
1127 2761 1356 2828 ejusmodi

322 2851 554 2898 sententia
575 2887 587 2909 ,
631 2848 756 2914 apud
793 2848 1014 2896 eumdem
1061 2848 1111 2892 in
1156 2842 1354 2907 Proloq-

322 2934 379 2980 in
430 2932 552 2994 Job‚·
606 2933 779 2999 quibus
818 2933 1059 2996 praeiverat
1107 2928 1357 2976 Lutherus.

323 3014 528 3064 Castalio
548 3053 561 3077 ‚
589 3015 708 3064 Beza
737 3023 879 3078 teste,
911 3012 1037 3078 apud
1061 3010 1358 3060 Bonfrerium

324 3097 417 3148 loc.
449 3101 528 3147 cit.
566 3109 796 3165 tanquam
831 3099 1072 3162 impuram
1109 3105 1153 3143 et
1186 3094 1358 3143 obscae-

327 3199 439 3231 nam
479 3185 748 3231 cantionem
782 3180 1032 3230 Canticum
1069 3181 1362 3228 canticorum

326 3268 495 3333 rejicit.
509 3266 870 3331 Evangeliorum
890 3265 1249 3314 commentarios
1268 3264 1362 3310 suis

327 3351 623 3409 auctoribus,
649 3349 823 3415 quibus
850 3349 1171 3397 inscribuntur
1188 3383 1200 3403 ‚
1225 3346 1364 3411 abju-

328 3432 480 3481 dicant
527 3433 742 3493 Herder,
786 3431 1083 3481 Eckermann
1105 3467 1118 3487 ‚
1155 3427 1361 3477 Giesele-

329 3534 438 3575 rus,
472 3515 700 3564 Sartorius
719 3554 733 3576 ‚
765 3515 1009 3564 Paulusius
1029 3549 1043 3575 ‚
1083 3512 1208 3578 apud
1239 3510 1360 3559 Kni-

329 3600 437 3649 noel
460 3639 474 3661 ‚
505 3598 640 3648 Prot.
675 3601 731 3646 in
751 3597 952 3663 Evanq.
970 3595 1054 3664 qui
1069 3594 1361 3646 contendunt

329 3697 387 3729 ex
407 3680 750 3732 narrationibus
765 3717 779 3745 ,
799 3698 879 3731 ore
899 3678 1232 3747 Apostolorum
1252 3694 1359 3743 pro-

1426 1433 1605 1497 pagatis
1621 1469 1634 1491 ,
1663 1430 1722 1480 ab
1741 1433 1915 1497 ignotis
1931 1432 2204 1480 hominibus
2219 1449 2299 1480 eos
2318 1432 2460 1482 fuisse

1425 1523 1654 1563 exaratos.
1681 1513 1808 1573 Alii,
1838 1525 1890 1562 ut
1919 1514 2158 1561 Michaelis
2188 1523 2233 1562 et
2260 1513 2462 1564 Kuinoel

1425 1598 1525 1661 ipse
1540 1634 1553 1657 ‚
1583 1607 1830 1645 recurrunt
1847 1598 1903 1644 ad
1925 1599 2140 1662 ignotum
2158 1613 2459 1646 communem

1427 1680 1609 1729 fontem
1651 1684 1807 1729 nescio
1840 1699 1982 1746 quem
2014 1679 2424 1746 Syrochaldaicum
2444 1719 2459 1743 ,

1427 1779 1488 1812 ex
1519 1780 1614 1829 quo
1648 1765 1735 1811 tria
1770 1765 1925 1827 priora
1958 1762 2210 1828 Evangelia
2246 1775 2464 1829 excerpta

1429 1856 1574 1907 sunt,
1616 1844 2001 1911 Urevanqelium
2031 1855 2201 1894 vocant
2221 1883 2234 1907 ,
2270 1852 2327 1894 ut
2351 1847 2464 1896 alias

1427 1929 1654 1978 diximus.
1702 1928 1924 1994 Vogelius
1970 1939 2125 1977 censet
2147 1966 2160 1988 ‚
2210 1929 2464 1994 quemdam

1428 2012 1457 2061 J
1463 2012 1934 2061 adaco-Christianum
1951 2021 2189 2060 auctorem
2206 2027 2303 2060 esse
2319 2013 2467 2061 Evan-

1428 2096 1540 2163 gelii
1565 2095 1763 2144 Joannis
1784 2097 2073 2159 nuncupati3
2105 2094 2464 2143 Ballenstadtius

1431 2190 1476 2228 et
1490 2178 1682 2228 Hor-tius
1702 2180 1995 2236 existimant,
2028 2177 2119 2225 hoc
2140 2179 2293 2242 ipsum
2310 2177 2467 2226 Evan-

1430 2264 1610 2331 gelium
1671 2263 1732 2312 ab
1788 2265 1950 2329 ignoto
2008 2261 2217 2328 quodam
2275 2262 2467 2311 homine

1434 2347 1750 2396 Alexandrino
1772 2383 1787 2407 ‚
1839 2343 1998 2394 seculo
2041 2361 2058 2393 1
2099 2355 2299 2394 exeunte
2318 2383 2332 2405 ‚
2383 2350 2467 2395 aut

1434 2447 1527 2479 sec.
1576 2447 1612 2478 11
1667 2432 1863 2495 ineunte
1881 2466 1895 2491 ‚
1944 2430 2087 2478 fuisse
2129 2431 2461 2492 conscriptum.

1437 2513 1795 2562 Bretschneider
1827 2530 1981 2579 neque
2008 2511 2237 2560 Joannem
2271 2509 2466 2574 Aposto-

1436 2595 1554 2654 lum,
1567 2613 1722 2661 neque
1736 2596 2042 2644 christianum
2056 2592 2296 2641 Palaestina
2312 2595 2468 2641 oriun-

1436 2678 1552 2727 dum
1581 2676 1748 2743 ibique
1775 2677 2018 2740 degentem
2037 2711 2050 2736 ,
2077 2693 2232 2741 neque
2251 2694 2276 2723 a
2293 2675 2320 2723 J
2328 2677 2467 2724 udaeis

1437 2769 1626 2818 natum,
1654 2759 1735 2807 sed
1761 2759 1906 2806 alium
1933 2758 2189 2824 quemdam
2215 2758 2469 2823 disciplinas

1438 2841 1764 2891 Alexandrinae
1812 2842 2053 2890 addictum
2075 2879 2089 2903 ‚
2138 2858 2229 2891 sec.
2270 2858 2306 2889 11
2350 2842 2469 2890 illud

1438 2926 1762 2990 conscripsisse
1777 2962 1790 2985 ,
1813 2934 1858 2973 et
1877 2942 1902 2973 e
1930 2925 2178 2973 traditione
2205 2934 2284 2972 aut
2301 2926 2471 2990 scripta

1439 3018 1519 3057 aut
1536 3026 1634 3055 non
1654 3010 1820 3072 scripta
1846 3008 2079 3070 hausisse3
2100 3007 2223 3072 apud
2238 3003 2439 3055 Kuinoel
2453 3043 2467 3067 ,

1442 3086 1577 3140 Prol.
1607 3091 1665 3138 in
1692 3089 1894 3154 Evanq.
1912 3090 2067 3138 Joan.
2093 3091 2175 3155 qui
2195 3099 2348 3137 tamen
2369 3089 2471 3137 lau-

1442 3175 1521 3223 dat
1556 3174 1993 3223 Bretschneiderum
2031 3172 2171 3221 veluti
2206 3171 2397 3219 doctum
2428 3183 2473 3220 et

1444 3258 1756 3307 moderatum.
1785 3255 1910 3321 Quid
1942 3253 2087 3321 igitur
2121 3255 2208 3302 erit
2234 3253 2292 3301 de
2317 3255 2472 3301 minus

1446 3340 1695 3388 moderatis
1711 3336 2084 3386 Protestantibus
2101 3339 2122 3382 ἶ
2149 3333 2324 3383 Omitto
2343 3334 2472 3383 blas-

1446 3424 1681 3490 phemias,
1726 3438 1842 3487 quas
1875 3423 1975 3487 jam
2013 3420 2222 3467 recensui
2254 3420 2303 3466 in
2334 3423 2469 3466 tract.

1442 3504 1516 3556 De
1542 3521 1656 3554 vera
1680 3502 1944 3571 reliqione,
1979 3512 2098 3567 part.
2129 3518 2165 3549 11
2183 3538 2196 3559 ‚
2229 3519 2362 3567 prop.
2390 3517 2436 3548 rx
2453 3537 2467 3560 ‚

1445 3591 1504 3640 de
1530 3589 1702 3657 quibus
1721 3589 1862 3636 etiam
1885 3586 2066 3635 consuli
2091 3595 2242 3651 potest
2271 3584 2389 3632 Baro
2413 3582 2471 3631 de

1445 3673 1608 3724 Starck
1620 3710 1635 3737 ‚
1658 3674 1711 3722 in
1735 3669 1972 3721 Convivio
1996 3666 2249 3720 Theoduli.
2265 3666 2442 3717 Omitto
2454 3702 2467 3727 ‚
