2502 4134
304 99 421 159 176

890 119 1089 161 TRAGT.
1137 124 1207 161 DE
1249 123 1401 164 Locls
1445 126 1826 168 THEOLOGICIS.

299 264 520 347 passim
540 264 657 345 (l).
683 261 1085 323 Ostenderunt
1100 286 1278 348 porro
1299 277 1562 329 auctores
1575 270 1670 329 isti
1687 316 1703 346 2
1723 294 1842 331 non
1860 272 2047 333 solum
2066 274 2128 333 in
2142 274 2405 338 doctrina
2419 323 2434 353 .,

305 362 409 422 sed
435 382 626 443 neque
653 361 717 419 in
756 358 1240 421 substantialibus
1276 362 1449 424 rebus
1475 365 1653 426 ullam
1696 371 1941 452 reperiri
1987 370 2440 455 discrepantiam

304 459 464 518 inter
485 456 813 516 versionem
830 457 1135 538 Vulgatam
1156 480 1221 517 ac
1239 460 1615 541 primigenios
1627 473 1845 540 textus,
1864 466 2022 548 quod
2034 471 2161 546 jam
2179 468 2438 530 fatentur

303 556 700 612 Protestantes
738 553 882 635 ipsi,
925 577 1176 636 quorum
1220 553 1559 617 testimonia
1598 559 1773 640 paulo
1819 574 1956 622 ante
1996 563 2300 623 attulimus
2337 577 2438 625 aut

304 648 731 723 indicavimuS‚
769 649 1098 732 iisdemque
1123 649 1231 709 alia
1263 650 1432 733 plura
1471 651 1637 732 adjici
1670 669 1910 736 possent
1931 704 1948 734 7
1977 660 2025 718 si
2075 680 2221 742 opus
2251 672 2426 722 esset.

302 744 411 804 Hic
436 757 721 827 praeterea
747 746 939 804 omitti
966 745 1171 827 nequit
1191 792 1206 821 7
1237 747 1555 807 nonnullos
1585 748 1767 811 veluti
1791 750 2221 836 discrepantem
2252 777 2282 815 a
2307 768 2439 818 tex-

302 839 461 900 tibus
489 841 853 923 primigeniis
896 843 1226 903 versionem
1253 842 1498 903 latinam
1531 866 1598 904 eo
1632 846 1871 907 nomine
1895 850 2218 912 traduxisse
2236 898 2251 927 ,
2280 852 2439 934 quod

302 938 547 997 minime
581 937 700 997 haec
732 938 1048 999 conveniat
1078 959 1211 998 cum
1241 938 1536 999 codicibus
1573 963 1673 1000 seu
1702 942 1966 1002 codicum
2000 939 2230 1006 familiis
2253 994 2269 1022 .,
2295 970 2437 1030 quas

300 1034 414 1115 ipsi
444 1034 625 1095 secuti
668 1046 828 1094 sunt.
871 1036 971 1095 Ast
1004 1035 1066 1094 hi
1105 1036 1439 1096 meminisse
1476 1035 1764 1097 deberent
1786 1085 1802 1114 7
1830 1040 2157 1101 versionem
2192 1042 2437 1103 latinam

303 1129 570 1214 pluribus
596 1130 799 1191 seculis
840 1131 1219 1191 vetustiorem
1252 1153 1375 1190 esse
1402 1132 1695 1193 codicibus
1725 1134 2032 1210 omnibus,
2071 1160 2216 1218 quos
2246 1139 2436 1199 adhuc

302 1227 702 1310 possidemus3
759 1239 818 1287 et
864 1226 1088 1287 codices
1145 1226 1463 1288 hodiernos
1508 1231 1830 1311 comparari
1889 1231 2048 1292 haud
2087 1256 2256 1315 posse
2303 1257 2437 1295 cum

302 1323 730 1407 antiquioribus
751 1371 767 1389 ,
798 1345 943 1405 quos
984 1343 1105 1405 prae
1135 1322 1402 1383 manibus
1430 1323 1765 1385 habuerunt
1792 1327 2018 1409 antiqui
2050 1330 2431 1412 interpretes7

301 1421 364 1480 in
394 1420 605 1503 quibus
627 1420 870 1482 diversae
909 1420 1187 1485 lectiones
1212 1418 1671 1480 inueniebantur
1694 1443 1726 1481 a
1767 1425 2187 1484 recentioribus
2212 1425 2435 1487 discre-

301 1527 510 1599 pantes
545 1517 633 1598 (2)
650 1561 673 1589 ,
700 1514 1036 1598 eaedemque
1057 1515 1275 1594 judicio
1304 1515 1564 1577 Ecclesiae
1599 1517 1870 1578 verioreS.
1896 1519 2292 1593 Quamobrem
2314 1545 2435 1581 non

301 1612 485 1675 semel
530 1635 666 1676 vera
702 1612 877 1673 lectio
908 1633 941 1671 e
987 1610 1350 1673 versionibus
1386 1611 1500 1670 illis
1546 1614 1728 1695 quaeri
1777 1614 1953 1675 debet
2002 1637 2067 1676 ac
2109 1618 2285 1676 statui
2315 1618 2431 1699 (3).

371 1835 436 1897 (l)
471 1833 719 1892 Morinus‚
758 1830 1119 1880 Exercitation.
1156 1830 1322 1879 biblio.

300 1916 607 1966 Blanchinius
625 1953 639 1975 ‚
679 1912 735 1961 V
731 1913 933 1962 indiciae
946 1950 962 1975 ‚
999 1923 1088 1962 etc.

371 2000 441 2065 (⁹2)
480 2000 580 2049 Hoc
606 1998 865 2047 luculenter
884 2008 1006 2063 patet
1027 2015 1079 2047 ex
1104 1996 1161 2044 iis
1177 2034 1191 2057 ‚
1223 2012 1325 2063 quae

296 2082 458 2131 ,scribit
493 2081 542 2130 S,
582 2081 893 2145 Hieronymus
936 2079 994 2128 ad
1035 2078 1288 2127 Damasum
1308 2116 1321 2139 ,

299 2168 351 2214 in
375 2165 573 2232 quibus,
595 2181 703 2213 cum
724 2171 1127 2211 commemorasset
1145 2162 1325 2210 codices

298 2249 569 2297 Lucianaeos
598 2257 644 2296 et
665 2246 1009 2312 Hesychian05‚
1030 2261 1145 2311 quos
1166 2262 1324 2309 repro-

298 2332 407 2391 bat,
437 2330 677 2395 profitetur
695 2366 709 2390 ‚
738 2346 786 2377 se
806 2326 1055 2392 Evangelia
1085 2327 1146 2375 ad
1183 2324 1242 2375 V
1234 2335 1326 2374 ete-

298 2431 373 2462 res
390 2414 572 2463 codices
591 2412 862 2461 emendasse
875 2447 887 2469 ‚
909 2402 1117 2458 scribens
1130 2425 1143 2457 :
1158 2407 1327 2474 I9itur

297 2496 400 2545 hoec
419 2492 808 2563 praefaciuncula
838 2491 1101 2559 pollicetur
1119 2499 1327 2557 quatuor

297 2587 487 2627 tantum
518 2576 851 2642 Evanqelia...
891 2574 1110 2624 codt‘cum
1144 2589 1324 2638 φατο-

297 2678 408 2710 ram
427 2661 677 2708 emendata
692 2659 964 2720 collatione,
986 2658 1068 2705 sed
1083 2665 1292 2704 veterum
1302 2690 1320 2717 ,

295 2762 403 2810 quae
423 2761 482 2791 ne
501 2743 707 2792 multum
725 2761 753 2790 a
772 2742 990 2791 lectionis
1019 2739 1187 2788 latinoe
1209 2754 1323 2786 con-

296 2826 552 2875 suetudine
576 2825 922 2890 discreparent.
949 2821 1027 2871 Isti
1058 2830 1215 2870 autem
1243 2839 1321 2869 ve-

296 2923 417 2960 teres
452 2911 634 2959 codices
663 2921 771 2957 sunt
793 2908 1137 2957 Palaestinenses
1155 2942 1169 2965 ,
1207 2921 1324 2970 quos

300 2993 542 3060 collegerat
567 3004 612 3042 et
636 2993 966 3052 emendaverat
994 2987 1241 3052 Origenes,
1274 2996 1324 3034 ut

300 3078 494 3140 ipsemet
508 3074 770 3140 profitetur,
794 3073 1058 3121 Commeat.
1068 3072 1121 3117 in
1133 3066 1321 3117 Matth.

301 3174 416 3206 xxiv
436 3194 450 3217 ,
477 3155 543 3206 36
561 3194 573 3217 ‚
609 3168 654 3206 et
677 3156 746 3204 In
760 3157 900 3222 epist.
931 3154 996 3202 ad
1027 3151 1139 3201 Gal.
1165 3169 1237 3213 111,
1268 3167 1286 3198 1
1307 3186 1321 3211 ,

301 3240 385 3289 ubi
412 3239 602 3287 subdit:
625 3242 769 3297 Hoc,
798 3237 924 3304 quod
949 3239 1004 3284 in
1034 3234 1323 3301 exemplari-

302 3324 391 3373 bus
428 3322 734 3372 Adamantii
760 3339 859 3371 non
891 3320 1121 3380 habetur,
1156 3319 1323 3366 omisi-

302 3422 410 3454 mus
429 3443 444 3467 ,
483 3407 659 3471 quique
697 3405 1044 3470 reperiebantur
1071 3404 1122 3450 in
1149 3401 1323 3450 biblio·
1359 3443 1364 3445 ,

303 3490 436 3539 theca
451 3487 722 3536 Caesareensi
740 3507 764 3536 a
784 3487 835 3536 S.
851 3485 1093 3552 Pamphilo
1108 3483 1320 3533 collecta.

302 3575 445 3623 Porro
467 3583 567 3622 tum
582 3571 759 3621 Veteris
779 3583 878 3620 tum
895 3571 1014 3621 Novi
1036 3569 1324 3619 Testamenti

305 3657 483 3707 codices
510 3656 617 3704 Mss.
649 3657 730 3720 qui
763 3654 915 3703 adhuc
944 3661 1263 3712 asservantur,
1286 3654 1324 3699 si

1413 1833 1618 1896 excipias
1664 1830 1944 1881 Vaticanum
1988 1845 2031 1883 et
2071 1834 2437 1886 Alexandrinum

1413 1930 1493 1961 seu
1531 1912 1906 1976 Loudinensem,
1955 1920 2036 1983 qui
2080 1927 2234 1966 tamen
2268 1918 2436 1968 Hiero-

1412 2013 1555 2060 nymo
1573 1999 1840 2062 posteriores
1867 2009 2002 2059 sunt,
2028 2002 2162 2064 pauci
2180 2001 2434 2049 admodum

1411 2080 1669 2127 ascendunt
1696 2079 1754 2127 ad
1783 2097 1875 2147 sec.
1907 2098 1974 2129 vn
2005 2081 2079 2131 vel
2115 2096 2231 2143 vm3
2266 2084 2434 2149 reliqui

1400 2175 1571 2209 >omnes
1599 2162 1868 2226 posteriores
1893 2172 2020 2212 sunt.
2049 2162 2153 2211 cfr.
2178 2162 2432 2229 Czuppon‚

1410 2260 1489 2307 op.
1519 2245 1599 2291 cit.
1637 2255 1754 2293 tom.
1784 2261 1825 2304 1,
1859 2261 1963 2309 pag.
2010 2242 2104 2305 114
2135 2255 2181 2294 et
2215 2263 2347 2313 seqq.
2384 2250 2434 2296 in

1408 2335 1538 2374 nota.

1483 2405 1548 2472 (3)
1585 2404 1719 2472 Quod
1745 2424 1833 2456 nec
1858 2407 2078 2457 diffitetur
2102 2412 2200 2474 ipse
2223 2409 2431 2459 Michae-

1410 2491 1496 2551 lis,
1539 2487 1732 2540 Introd.
1765 2500 1880 2541 tom.
1916 2508 1967 2550 i,
2006 2491 2087 2541 ch.
2129 2509 2156 2558 7
2178 2530 2191 2552 ‚
2221 2503 2333 2542 sect.
2372 2495 2430 2543 13

1410 2585 1455 2623 et
1484 2575 1616 2623 alibi.
1647 2573 1766 2622 Sane
1790 2575 1913 2622 hanc
1937 2575 2140 2639 regulam
2160 2586 2341 2624 secutus
2362 2586 2431 2624 est
2486 2608 2489 2610 -

1409 2657 1461 2706 S.
1483 2657 1795 2718 Hieronymus
1825 2658 1882 2706 ad
1913 2658 2223 2722 repudiandos
2250 2661 2429 2710 codices

1409 2741 1677 2789 Lucianaeos
1691 2751 1736 2789 et
1756 2739 2066 2805 Hesychianos
2081 2778 2094 2801 ‚
2123 2753 2174 2790 ut
2194 2741 2362 2807 legitur
2378 2746 2428 2791 in

1409 2825 1487 2872 cit.
1517 2825 1649 2887 epist.
1674 2823 1732 2870 ad
1755 2822 1940 2871 Damas.
1970 2823 2138 2889 Quum
2167 2825 2428 2873 multarum

1406 2906 1622 2968 qentium
1651 2902 1835 2967 linquis
1855 2901 2111 2971 Scriptura
2134 2915 2243 2954 ante
2266 2917 2428 2956 tram-

1409 2985 1510 3034 lata
1544 2985 1736 3048 doceat,
1775 2986 1905 3051 falsa
1949 3004 2046 3035 esse
2060 3024 2078 3049 ,
2119 3005 2227 3052 quoe
2259 2989 2427 3036 addita

1409 3078 1538 3117 sum.
1572 3067 1707 3118 Certe
1734 3070 1887 3135 plures
1915 3081 2062 3136 partes
2086 3073 2135 3117 iu
2155 3069 2274 3120 Nov.
2295 3069 2422 3120 Test.

1410 3154 1629 3218 reperiri,
1670 3155 1720 3200 in
1761 3153 1931 3220 quibus
1970 3152 2165 3218 Vulgata
2201 3155 2425 3202 veriorem

1409 3236 1623 3285 exhibeat
1658 3235 1909 3285 lectionem
1956 3253 2097 3302 quam
2138 3245 2285 3283 textus
2328 3239 2425 3302 ipse

1409 3333 1579 3384 graecus
1596 3353 1610 3375 ,
1643 3316 1812 3366 eruditi
1834 3319 1981 3365 critici
2000 3328 2280 3381 agnoscunt,
2309 3335 2424 3383 prae-

1412 3402 1567 3450 sertim
1596 3401 1647 3446 in
1673 3399 1794 3447 Actis
1824 3399 2077 3464 apostolicis
2094 3437 2106 3459 ‚
2148 3399 2262 3448 adeo
2294 3409 2346 3447 ut
2373 3401 2423 3447 in

1404 3484 1477 3532 his
1496 3499 1592 3530 non
1609 3481 1803 3547 Vulgata
1830 3483 1888 3531 ad
1909 3493 2085 3532 textum
2111 3501 2180 3549 gr.
2209 3483 2290 3532 sed
2308 3500 2418 3547 grae·

1407 3582 1488 3613 cus
1516 3573 1670 3612 textus
1693 3562 1754 3614 ad
1774 3564 1964 3614 latinam
1985 3563 2220 3631 vulgatam
2237 3566 2422 3630 exigen-

1408 3648 1494 3697 dus
1520 3650 1596 3697 sit.
