2502 4134
389 155 549 198 PART.
599 158 662 195 11.
706 156 830 194 cn.
879 155 972 191 111.
1022 155 1091 191 nn
1135 150 1289 191 saon.
1339 150 1624 190 semmua.
1673 148 1858 186 mrim.
2072 123 2189 183 105

78 286 246 367 Bayle
262 285 409 367 ipse,
431 283 700 366 quamvis
718 282 1079 343 calvinianus
1097 280 1369 362 idemque
1393 278 1752 351 incredulus,
1772 275 1973 335 asserit
1993 320 2009 349 5
2030 274 2192 334 nulla

73 403 308 465 prorsus
339 380 561 439 ratione
591 400 724 438 cum
758 379 987 458 ignaros
1020 388 1148 436 tum
1180 376 1379 435 doctos
1413 384 1571 433 certo
1593 372 1702 432 sibi
1731 390 2067 453 comparare
2093 390 2194 449 ge-

75 477 324 534 nuinum
347 495 515 556 posse
535 472 842 532 Librorum
868 494 1161 532 sacrorum
1187 491 1422 530 sensum
1445 469 1558 547 (1).
1588 467 1942 527 Moshemius
1965 511 1979 540 .,
2009 464 2196 525 histo-

75 570 223 628 ricus
272 569 733 651 protestantismi
764 564 877 626 κατ’
913 571 1085 645 ἐξοχὴν
1129 566 1350 638 dictus.
1398 564 1686 623 disserens
1739 562 1812 622 de
1841 561 2194 635 Socinianis,

77 686 327 746 quorum
352 664 708 746 principium
742 675 864 737 est,
899 684 1086 722 sacras
1111 662 1356 720 Litteras
1387 680 1510 718 esse
1529 663 1698 737 juxta
1719 657 1966 716 rationis
1994 655 2198 716 lumen

77 758 549 841 interpretandas
574 803 589 829 ,
627 757 982 840 respondet,
1027 756 1186 839 quod
1218 756 1266 814 si
1304 754 1505 836 'regula
1551 752 1748 812 isthaec
1786 750 2198 827 invalesceret,

75 865 167 913 tot
202 853 379 935 plane
416 853 720 933 religiones
765 852 1127 913 haberentur
1179 862 1324 933 quot
1371 851 1557 931 capita
1598 848 1710 929 (2).
1767 848 1902 906 Jam
1950 866 2090 905 vero
2137 846 2202 904 in

78 948 591 1030 disceptationibus
612 969 744 1007 cum
766 945 1458 1007 Socinianis'inficiabitur
1476 965 1651 1004 nemo
1676 942 1748 1002 de
1772 940 2079 1024 praecipuis
2112 940 2202 1019 agi
2245 971 2247 974 ·

81 1043 446 1124 dogmatibus
466 1042 622 1102 fidei.
653 1042 830 1100 Paulo
858 1053 994 1101 ante
1019 1039 1197 1101 verba
1221 1039 1525 1098 attulimus
1548 1036 1978 1118 Wegscheideri
2001 1081 2017 1109 .,
2045 1056 2203 1095 asse-

82 1141 264 1199 rentis
283 1184 300 1213 ‚
327 1139 683 1218 Scripturam
717 1157 940 1195 sacram
967 1145 1382 1214 argumentum
1411 1134 1713 1198 continere
1741 1133 1952 1190 multis
1970 1134 2039 1190 in
2067 1136 2205 1191 Iocis

84 1237 362 1313 ambique
383 1243 438 1290 et
458 1233 875 1290 obscurissime
899 1251 1241 1309 expressum
1258 1272 1279 1300 ,
1309 1229 1452 1288 item
1480 1230 1865 1308 Scriptorum
1889 1248 2205 1286 sacrorum

82 1349 317 1388 sensum
352 1328 524 1386 haud
560 1315 703 1384 νὰνο
750 1330 999 1384 inventu
1042 1326 1340 1404 difficilem
1387 1324 1517 1404 (3),
1559 1345 1628 1383 ex
1675 1345 1791 1404 quo
1829 1323 1954 1405 ipse
1992 1322 2207 1382 inferre

83 1421 389 1482 contendit
418 1468 434 1497 ,
494 1420 693 1480 Libros
751 1442 939 1480 sacros
989 1421 1235 1479 minime
1291 1420 1468 1479 fuisse
1535 1418 1818 1477 divinitus
1873 1412 2205 1500 inspiratos,

84 1517 323 1579 Lockius
360 1519 611 1595 fatetur,
651 1539 750 1594 se,
790 1517 1058 1599 quamvis
1103 1513 1392 1575 studuerit
1427 1514 1593 1574 Pauli
1633 1514 1927 1596 epistoliS‚
1965 1511 2210 1596 perinde

84 1635 149 1673 ac
169 1615 478 1695 Scripturis
500 1615 704 1674 ceteris
724 1658 741 1689 .,
767 1614 1116 1694 comperisse
1143 1623 1343 1670 tamen
1363 1632 1423 1670 se
1444 1632 1540 1670 eas
1570 1610 1814 1670 minime
1848 1608 2208 1689 intelligere3

83 1709 342 1791 loquitur
382 1721 578 1769 autem
615 1709 687 1769 de
734 1708 945 1782 rebus,
985 1719 1052 1767 ut
1097 1712 1219 1790 ejus
1258 1706 1452 1768 verbis
1495 1718 1769 1782 utamur,
1822 1706 2103 1765 doctrinae
2147 1726 2212 1765 ac

87 1804 450 1864 discussionis
495 1805 607 1884 (4).
651 1803 988 1884 Macknight
1037 1802 1234 1885 plures
1261 1830 1267 1836 ·=
1286 1802 1509 1861 detexit
1565 1803 1754 1861 fontes
1807 1801 2210 1875 obscuritatiS‚

89 1921 218 1982 quae
246 1901 536 1983 reperitur
561 1901 621 1959 in
659 1900 821 1960 Pauli
854 1898 1109 1982 epistolis
1134 1945 1150 1974 ,
1182 1920 1325 1981 quos
1355 1900 1509 1958 inter
1553 1897 1835 1980 loquendi
1867 1897 2083 1956 formas
2118 1918 2214 1957 re-

88 1997 345 2070 censuit,
374 1995 586 2078 quibus
619 1996 920 2079 Apostolus
950 2018 1086 2054 usus
1116 2006 1200 2054 est
1224 1994 1335 2074 (5).
1369 1993 1544 2075 Boyle
1567 2040 1583 2070 ,
1620 2005 1832 2076 praeter
1858 1992 2074 2073 stylum
2101 2013 2216 2074 quo

88 2092 271 2150 utitur
302 2092 608 2174 Apostolus
629 2138 644 2167 ,
684 2091 858 2151 aliam
889 2091 1077 2173 aperit
1109 2090 1476 2152 obscuritatis
1504 2111 1736 2150 causam
1763 2135 1778 2164 ,
1816 2089 1977 2171 quod
2004 2087 2214 2148 Paulus

95 2184 306 2244 scilicet
334 2186 600 2268 pluribus
622 2188 685 2246 in
711 2187 849 2246 locis
877 2187 1196 2269 quamdam
1227 2185 1469 2245 inducat
1495 2186 1654 2244 taciti
1683 2184 1896 2265 dialogi
1920 2182 2178 2267 speciem
2197 2228 2214 2259 ,

95 2301 209 2361 qua
239 2279 456 2339 factum
488 2293 574 2340 est
597 2326 612 2356 a
644 2293 710 2340 ut
736 2275 886 2360 soepe
915 2281 1079 2343 velut
1108 2292 1450 2361 argumenta
1473 2292 1770 2362 assumpta
1800 2280 2020 2340 fuerint
2042 2324 2058 2354 ,
2089 2300 2219 2360 quae

97 2374 404 2456 Apostolus
432 2376 667 2434 nonnisi
691 2377 776 2434 uti
801 2375 1151 2453 obJectiones
1173 2376 1473 2437 evidenter
1501 2375 1763 2436 attulerit
1795 2375 1905 2455 (6).
1934 2374 2219 2434 Jeremias

97 2469 305 2550 Taylor
325 2516 341 2545 7
400 2470 644 2553 celebris
698 2469 855 2530 inter
909 2469 1238 2549 anglicanos
1289 2472 1686 2528 Protestantes
1708 2514 1725 2543 a
1779 2467 2044 2551 pluribus
2085 2466 2222 2526 data

97 2585 271 2645 opera
302 2565 560 2624 ostendit
594 2587 884 2624 summam
922 2564 1324 2624 difficultatem
1350 2575 1506 2624 recte
1530 2585 1716 2623 sacras
1746 2565 1991 2623 Litteras
2026 2564 2221 2623 inter-

98 2658 369 2738 pretandi
392 2660 507 2740 (7).
551 2660 709 2719 Adeo
744 2671 811 2718 ut
843 2660 951 2720 visi
978 2659 1087 2719 hac
1127 2671 1295 2718 aetate
1332 2661 1727 2719 Protestantes
1758 2659 1877 2717 sint
1909 2657 2074 2717 omni
2112 2678 2223 2739 ope

97 2773 465 2835 propugnare
505 2755 936 2836 Scripturarum
974 2753 1389 2814 obscuritatem
1430 2754 1705 2816 adversus
1750 2754 2037 2837 primores
2079 2775 2222 2836 pro-

100 2850 454 2908 testantismi
482 2861 775 2932 parentes,
1020 2847 1024 2851 ’

173 3067 240 3132 (l)
277 3068 415 3133 Apud
439 3086 544 3118 auc.
569 3071 650 3119 cit.
680 3069 748 3118 Le
766 3072 986 3119 ministre
1000 3086 1119 3136 pro·
1274 3070 1340 3130 (3)
1377 3070 1444 3119 Ex
1475 3069 1501 3136 S
1536 3067 1625 3133 43.
1684 3070 1689 3074 ’

106 3155 208 3196 test.
224 3151 488 3215 auoeprises
503 3168 615 3199 avec
628 3150 873 3200 lui-meme
882 3189 898 3214 ‚
921 3170 1024 3217 pag.
1040 3167 1119 3218 27.
1272 3151 1339 3218 (Ιι)
1358 3152 1456 3202 cfr.
1473 3153 1608 3218 Apud
1619 3151 1795 3213 Monte,
1813 3169 1892 3218 op.
1911 3153 1988 3201 cit.
2002 3168 2107 3218 pag.
2123 3148 2221 3201 383

178 3230 242 3293 (2)
287 3227 593 3282 Institution.
649 3232 788 3283 Hist.
835 3234 1120 3282 christiana?
1205 3244 1250 3282 et
1273 3250 1374 3300 seq.
1398 3237 1448 3282 in
1472 3244 1580 3282 nota
1606 3234 1692 3297 (ι).
1990 3234 1993 3238 ’

112 3312 401 3375 recentioris,
415 3313 1120 3382 Helmstadii1741,secul.n1,
1170 3352 1173 3362 .
1275 3316 1339 3380 (5)
1379 3314 1506 3366 lbid.

115 3399 224 3438 sect.
252 3392 281 3440 3
300 3429 314 3453 ,
337 3411 437 3459 cap.
466 3394 499 3459 4
516 3432 530 3456 ,
557 3394 584 3462 S
618 3394 695 3460 14.
718 3397 791 3445 En
819 3397 915 3464 ejus
945 3397 1121 3446 verba:
1279 3396 1355 3461 (6)
1393 3397 1521 3447 lbid.

115 3467 225 3517 Hoc
260 3475 345 3535 qui
379 3475 589 3534 dederit,
634 3479 680 3526 is
716 3480 863 3527 etiam
898 3478 1126 3527 concedat
1279 3479 1347 3544 (7)
1383 3479 1439 3527 In
1467 3496 1547 3544 op.
1581 3475 1654 3526 De
1690 3477 1848 3528 libert.
1871 3474 2225 3546 prophetandi,

115 3566 299 3617 necesse
326 3564 421 3615 est,
454 3566 518 3606 tot
549 3576 646 3609 esse
677 3559 927 3625 reliqiones
951 3576 1119 3627 posse,
1212 3571 1323 3610 sect.
1355 3559 1407 3625 4.
1448 3561 1562 3628 Ejus
1589 3561 1727 3611 verba
1760 3579 1819 3611 ex
1853 3561 2032 3627 anglica
2058 3561 2107 3606 in
2135 3558 2229 3606 lin-

114 3641 226 3696 quat
248 3637 408 3701 capita
428 3649 558 3690 sunt.
1210 3660 1349 3709 guam
1381 3642 1594 3708 gallicam
1621 3660 1839 3694 conversa
1859 3645 1922 3692 ita
1947 3658 1994 3691 se
2018 3639 2193 3690 habent
2218 3653 2233 3688 ε
