2502 4134
288 159 448 198 nar.
497 160 584 195 ιιι.
629 156 781 196 suc-r.
832 158 873 195 1.
919 158 1042 195 cn.
1090 159 1132 194 1.
1183 158 1250 193 nn
1294 157 1424 194 nn.
1475 158 1601 195 mr.
1651 159 1760 198 Fu).
1808 158 1987 196 speci.
2080 139 2197 199 389

92 301 238 362 ratio
273 311 422 360 esset
442 345 457 374 a
498 301 557 358 in
589 320 703 380 quo
733 311 931 358 tamen
967 298 1181 380 oppido
1206 297 1499 359 aberrant.
1531 297 1912 358 Infallibilitas
1944 301 2103 359 enim
2137 302 2199 360 in

89 417 192 454 suo
241 406 521 475 conceptu
569 393 805 474 plenam
856 394 1140 474 importat
1195 393 1632 453 immunitatem
1685 395 1745 451 in
1795 395 2070 453 omnibus
2125 394 2200 454 ab

89 509 282 549 errore
297 533 314 564 9
339 491 579 571 ipsaque
600 488 831 548 errandi
857 487 1237 569 possibilitate
1254 532 1270 562 7
1296 481 1489 568 neque
1515 489 1749 568 propria
1775 501 1863 548 est
1887 489 1996 548 nisi
2024 491 2196 549 unius

87 586 226 657 Dei7
262 588 420 661 cujus
460 584 705 643 essentia
745 583 955 643 veritas
991 593 1113 655 est3
1148 603 1260 663 'per
1286 582 1796 662 participationem
1835 604 1974 642 vero
1998 595 2201 665 ,potest

86 679 262 737 etiam
296 678 569 737 creaturis
607 676 1063 756 intelligentibus
1098 676 1321 750 inesse,
1356 675 1566 757 quibus
1604 688 1664 735 et
1698 699 1812 758 quo
1859 678 2034 736 modo
2066 700 2196 739 eam
2249 695 2253 699 ’

87 775 238 832 Deus
284 774 712 832 communicare
759 772 1028 832 voluerit.
1080 771 1382 855 Certitudo
1419 782 1615 831 autem
1657 771 1720 830 in
1764 794 1868 830 suo
1915 785 2198 856 conceptu

86 890 208 926 non
236 869 489 949 postulat
516 869 626 927 nisi
654 865 1056 926 rationabilem
1077 911 1093 939 ,
1135 865 1374 947 plenam
1408 887 1473 924 ac
1500 867 1729 924 firmam
1770 869 2204 948 persuasionem.

89 962 325 1040 alicujus
360 963 618 1023 veritatis
635 1012 652 1039 7
683 982 858 1043 quam
894 960 1024 1043 quis
1051 983 1157 1042 pro
1189 961 1447 1020 veritatis
1474 971 1689 1029 >natura
1715 982 1746 1019 e
1771 960 2037 1041 pluribus
2065 983 2199 1042 cog-

88 1057 364 1115 noscendi
413 1055 667 1115 fontibus
713 1055 945 1114 haurire
981 1066 1192 1135 potest.
1235 1055 1362 1126 Quo
1395 1054 1462 1112 fit
1506 1066 1572 1112 ut
1608 1054 1814 1137 aliquis
1849 1057 2032 1136 possit
2075 1077 2201 1118 esse

87 1148 468 1210 infallibiliter
506 1161 692 1210 certus
731 1149 806 1207 de
840 1148 1032 1228 aliqua
1070 1147 1351 1219 veritate,
1392 1147 1535 1228 quin
1569 1149 1643 1206 sit
1677 1170 1784 1229 per
1818 1170 1879 1208 se
1915 1149 2193 1210 infallibi-

86 1241 158 1301 lis
175 1289 190 1317 ,
217 1245 481 1324 quamvis
506 1265 619 1300 non
651 1243 831 1322 possit
855 1262 978 1300 esse
1001 1240 1323 1299 infallibilis
1350 1241 1462 1300 nisi
1487 1253 1677 1301 certus
1702 1243 1915 1302 existat
1935 1289 1951 1318 ‚
1979 1246 2200 1328 quippe

86 1338 461 1397 infallibilitas
488 1336 659 1395 latius
696 1347 860 1415 patet
894 1357 1071 1417 quam
1102 1335 1411 1395 certitudo.
1441 1337 1512 1394 2⁰
1547 1336 1912 1396 Attributum
1949 1341 2198 1420 permis-

85 1442 220 1490 cent
264 1430 567 1491 essentiale
611 1451 743 1488 cum
792 1429 1132 1490 accidentali
1169 1453 1271 1490 seu
1303 1431 1459 1491 dono
1501 1430 1910 1513 superaddit03
1955 1436 2198 1512 infalli-

86 1526 288 1583 bilz'tas
312 1547 432 1583 non
454 1536 541 1584 est
570 1524 892 1584 essentialis
915 1535 1192 1585 creaturae
1217 1524 1516 1585 rationalis
1546 1527 1873 1608 proprietas
1890 1573 1906 1600 .,
1931 1528 2194 1611 adeoque

86 1621 138 1678 ei
157 1641 278 1678 non
299 1620 580 1702 competit
597 1641 791 1702 neque
820 1620 883 1679 in
905 1619 1144 1700 singulis
1168 1620 1482 1680 individuis
1512 1642 1702 1702 neque
1728 1622 1790 1679 in
1822 1631 1943 1680 tota
1964 1622 2200 1682 illorum

87 1714 423 1775 collectione
444 1762 459 1790 ‚
502 1716 659 1775 unde
695 1738 874 1794 genus
910 1716 1275 1790 humanum,
1316 1717 1463 1775 ratio
1501 1716 1782 1796 generalis
1804 1762 1820 1789 ,
1862 1729 1972 1776 etc.
2003 1739 2111 1799 per
2138 1740 2199 1778 se

85 1810 342 1869 sallibilia
369 1823 526 1870 sunt.
553 1812 722 1884 Quod
751 1813 797 1869 si
829 1810 999 1870 alicui
1034 1814 1156 1873 sive
1195 1811 1499 1873 individuo
1528 1814 1650 1874 sive
1683 1812 1991 1872 hominum
2023 1814 2200 1873 coetui

85 1907 399 1986 competit,
442 1906 503 1965 id
552 1927 622 1966 ex
663 1905 858 1966 libera
905 1907 1012 1967 Dei
1063 1908 1596 1968 communicatione
1645 1909 1932 1989 contingit
1958 1953 1973 1980 ,
2023 1921 2200 1991 prout

84 2001 328 2075 scimuS‚
377 2001 487 2060 hoc
527 1999 750 2060 donum
796 2002 858 2060 in
902 2003 969 2060 iis
1021 2002 1333 2077 omnibus,
1380 2022 1510 2084 quae
1557 2003 1632 2061 ad
1678 2002 1855 2062 fidem
1897 2025 2200 2084 moresque

82 2098 417 2177 pertinent,
457 2097 628 2156 fuisse
655 2119 688 2156 a
722 2100 842 2158 Deo
877 2098 1370 2157 communicatum
1411 2098 1671 2158 Ecclesiae
1699 2144 1714 2172 a
1753 2119 1884 2180 quoe
1919 2098 2198 2157 confundi

84 2191 290 2271 nequit
314 2212 444 2249 cum
477 2213 685 2270 genere
707 2191 984 2251 humano,
1019 2191 1084 2250 30
1114 2194 1626 2270 Subjectivz‘tatem
1651 2194 2024 2252 confundunt
2058 2214 2193 2253 cum

85 2287 500 2361 objectivitatoe
537 2285 862 2363 subjectum
895 2285 1057 2345 enim
1084 2297 1144 2345 et
1170 2286 1410 2367 quidem
1441 2286 1800 2345 individuale
1831 2287 1977 2345 illud
2007 2287 2198 2347 solum

85 2391 173 2439 est
195 2426 210 2455 ,
253 2379 410 2460 quod
446 2379 890 2461 apprehendere
925 2379 1166 2439 deberet
1192 2401 1257 2439 ac
1286 2369 1457 2439 suum
1480 2380 1670 2440 facere
1694 2380 1956 2440 medium
1982 2382 2005 2459 (
2019 2382 2198 2440 nimi-

61 2491 218 2534 rum
241 2475 642 2534 auctoritatem
674 2474 1057 2555 generalem),
1085 2497 1199 2556 quo
1210 2479 1380 2553 juxta
1405 2475 1757 2536 adversarios
1781 2487 2005 2535 certum
2030 2477 2198 2536 fieret

84 2590 150 2628 ac
191 2568 527 2642 infallibile3
575 2591 786 2651 porro,
828 2569 1115 2651 quidquid
1157 2570 1231 2630 de
1277 2569 1468 2630 medio
1506 2572 1618 2644 sit„
1667 2570 1992 2648 subjectum
2036 2570 2194 2629 haud

83 2677 276 2746 posset
294 2686 465 2723 suum
486 2665 672 2725 facere
696 2665 982 2744 ejusmodi
1003 2665 1265 2725 medium
1289 2665 1400 2724 nisi
1424 2687 1531 2746 per
1552 2665 1849 2726 facultates
1875 2687 2024 2724 suas,
2045 2665 2198 2738 Quid

84 2759 289 2841 igitur,
317 2760 364 2818 si
391 2761 452 2818 in
482 2759 637 2819 hisce
666 2781 969 2842 nunquam
998 2782 1030 2820 a
1061 2760 1403 2843 deceptione
1434 2782 1499 2820 ac
1527 2782 1722 2821 errore
1754 2772 2044 2820 tutaretur
2064 2760 2196 2843 (l)‘?

154 2978 227 3043 (l)
258 2978 443 3045 Optime
483 2979 677 3028 Bautain
709 2982 976 3047 perstringit
1020 2998 1103 3029 au·
1186 2979 1400 3027 celles-ci
1431 2995 1546 3027 vous
1584 2978 1649 3027 leo
1681 2984 2008 3028 reconnaissez
2042 2978 2200 3044 sailli-

89 3070 256 3109 ctorem
268 3062 410 3128 hujus
424 3065 706 3127 systematis:
725 3061 971 3128 Qu’est·ce
982 3063 1101 3110 donc
1183 3061 1278 3109 bles
1297 3098 1310 3120 ‚
1338 3070 1387 3108 et
1402 3061 1460 3108 de
1476 3060 1591 3125 plus
1608 3077 1724 3109 vous
1741 3061 1804 3109 les
1820 3060 2036 3110 declar-ez
2054 3063 2195 3110 inca-

89 3157 178 3205 que
216 3151 329 3191 celte
370 3145 535 3192 raison
569 3143 788 3208 qenerale
835 3145 866 3192 ὰ
906 3143 1102 3208 laquelle
1175 3144 1341 3210 pables
1367 3145 1426 3192 de
1458 3146 1665 3201 science,
1705 3145 1762 3192 de
1794 3146 1970 3202 verite,
2010 3145 2196 3194 decer-

86 3237 205 3270 vouc
232 3225 453 3273 aeoordez
491 3227 535 3273 si
568 3225 884 3274 liberalement
918 3224 959 3273 le
987 3227 1099 3291 pri·
1182 3226 1352 3276 titudo.
1394 3226 1563 3274 Est-ce
1598 3244 1659 3275 en
1696 3225 2010 3275 rassemblant
2049 3235 2195 3274 toules

94 3301 246 3367 vile-qe
265 3303 320 3351 de
340 3303 731 3370 l’infaillibilite?
747 3306 799 3355 E
800 3316 914 3356 st-ce
929 3307 978 3354 la
999 3308 1102 3354 rai·
1185 3307 1250 3356 les
1278 3307 1587 3356 incertitudes
1606 3308 1685 3355 des
1704 3310 1892 3356 ναίεσκε
1904 3309 2093 3373 Ρνὶυόοε
2107 3324 2196 3373 que

95 3400 182 3433 con
209 3384 266 3432 de
297 3392 395 3434 tout
429 3386 470 3434 le
500 3389 670 3437 monde
689 3425 704 3452 ,
741 3405 805 3438 ou
843 3405 910 3437 au
945 3390 1103 3437 moins
1185 3405 1301 3438 vous
1340 3389 1612 3440 obtiendrez
1656 3407 1753 3438 une
1791 3390 2019 3439 certitudo
2055 3392 2197 3455 qene'-

96 3469 165 3516 du
183 3468 300 3534 plus
320 3470 477 3533 qmnd
497 3474 688 3522 nombre
703 3478 729 3522 ?
762 3473 813 3522 E
816 3473 875 3522 lle
902 3489 951 3521 se
980 3486 1104 3520 com·
1186 3464 1312 3533 mle,
1339 3483 1385 3521 et
1399 3473 1447 3520 la
1465 3472 1706 3522 collection
1719 3473 1799 3522 dee
1813 3489 2000 3522 errevurs
2018 3472 2076 3521 de
2094 3480 2197 3519 tous

5 3591 8 3594 Δ
90 3566 205 3616 pose
232 3550 353 3598 donc
378 3550 434 3599 de
465 3550 512 3600 la
536 3553 715 3603 totalice
740 3571 804 3604 ou
835 3554 893 3603 de
921 3554 974 3605 la·
1001 3570 1104 3601 ma·
1188 3554 1255 3604 les
1280 3555 1487 3604 hommes
1504 3555 1804 3619 finirait-elle
1826 3573 1921 3622 par·
1942 3556 2122 3621 sbi-mer
2149 3551 2200 3615 Ia

85 3634 237 3698 jerit&
272 3632 352 3714 dea
378 3635 566 3682 raison
590 3637 943 3700 particulieres.
965 3637 1107 3687 Mais
1191 3639 1382 3687 verite?
1411 3640 1500 3688 loc.
1529 3642 1610 3687 cit.
1634 3655 1733 3703 pag.
1760 3635 1845 3701 47.
