2502 4134
507 174 663 216 mur.
707 173 772 212 11.
820 174 944 212 cu.
993 173 1034 209 1.
1079 172 1148 208 ns
1192 171 1353 209 saca.
1398 171 1545 209 mm.
1592 168 1723 210 cm.
1765 172 1833 209 ur
1877 172 2120 211 sucron.
2301 152 2338 210 9

216 320 442 382 centius
490 320 552 394 Ι,
599 319 664 377 in
704 311 982 398 Epistola
1015 315 1102 374 ad
1143 315 1564 395 Eoesuperium
1599 313 1723 394 (l),
1774 335 1839 375 ac
1879 315 1943 374 S.
1986 314 2341 396 Augustinus

216 438 313 477 an.
355 415 510 490 400,
555 415 648 474 De
681 414 957 472 doctrina
1001 411 1379 482 christiana,
1417 407 1524 468 lib.
1570 408 1658 484 II,
1704 429 1828 490 cap.
1875 410 1949 486 8,
1994 432 2059 470 n.
2107 410 2182 470 13
2218 411 2339 495 (2),

216 524 348 571 tum
422 508 744 571 Concilium
814 505 1290 586 Carthaginiense
1364 505 1444 562 111
1479 550 1495 579 ,
1566 525 1667 564 an.
1741 503 1878 565 397.
1929 505 2340 582 celebratum,

218 628 346 689 cap.
377 606 579 665 XLVII
619 603 734 684 (3),
771 614 903 662 tum
935 601 1257 660 Concilium
1291 601 1688 682 Hypponense
1709 644 1726 674 ,
1763 610 2027 660 coactum
2055 623 2150 662 an.
2183 602 2341 679 393,

221 724 348 761 can.
391 700 603 760 XXVII
643 699 755 779 (4).
802 699 1044 758 Constat
1077 696 1254 775 igitur
1276 741 1292 771 ,
1331 695 1523 756 seculo
1557 694 1820 756 Ecclesiae
1859 695 1934 754 IV
1971 696 2246 757 eumdem
2281 699 2346 758 in

222 795 474 856 Ecclesia
506 796 771 856 Romana
802 792 1050 873 viguisse
1085 812 1380 851 sacrarum
1420 790 1854 874 Scripturarum
1889 811 2209 867 canonem,
2242 795 2346 876 qui

223 915 258 952 a
291 893 471 952 Conc.
495 890 836 950 Tridentino
871 909 986 949 sec.
1015 889 1146 947 XVI
1185 885 1484 947 exhibitus>
1513 896 1602 947 est
1635 907 1700 946 ac
1734 884 1969 947 decreto
2007 907 2111 946 suo
2142 888 2348 948 firma-

225 999 356 1061 tus3
399 996 626 1046 constat
657 994 940 1067 praeterea
959 1028 976 1057 ,
1015 981 1290 1042 eumdem
1325 980 1649 1042 obtinuisse
1683 998 1971 1042 canonem
1999 981 2064 1041 in
2082 981 2349 1042 Africana

226 1081 511 1157 Ecclesia,
550 1091 619 1140 ut
654 1101 725 1139 ex
748 1076 1014 1137 adductis
1047 1076 1235 1157 liquet
1269 1075 1670 1144 documentiS.
1706 1078 2079 1158 Quapropter
2115 1077 2350 1137 conclu-

227 1177 418 1236 dimus
437 1220 455 1251 ,
481 1173 795 1234 Ecclesiam
825 1171 1156 1233 Africanam
1191 1170 1266 1231 ab
1295 1172 1425 1254 ipso
1456 1171 1695 1231 exordio
1733 1189 1839 1231 suo
1871 1172 2033 1233 hunc
2073 1175 2350 1235 eumdem

227 1291 511 1330 canonem
534 1267 609 1328 ab
625 1267 878 1341 Ecclesia
902 1269 1163 1326 Romana
1185 1312 1202 1343 ,
1240 1265 1433 1327 seculo
1462 1268 1514 1326 ΙΙ
1538 1266 1860 1349 incipiente
1885 1279 1987 1328 aut
2014 1272 2038 1328 I
2074 1267 2310 1332 labente
2330 1317 2347 1348 ,

223 1387 340 1425 una
371 1386 506 1426 cum
535 1363 753 1425 Christi
786 1363 903 1424 fide
942 1363 1231 1446 accepisse
1261 1362 1373 1445 (5).

311 1461 406 1521 17.
449 1463 534 1520 Ex
571 1459 662 1519 his
698 1481 875 1542 porro
905 1460 1244 1535 conficitur,
1282 1458 1442 1519 hunc
1471 1459 1669 1542 ipsum
1702 1481 1992 1521 canonem
2018 1465 2145 1540 jam
2181 1462 2349 1526 inva-

224 1556 399 1617 luisse
440 1554 600 1638 apud
640 1557 965 1616 Romanam
1012 1554 1316 1616 Ecclesiam
1369 1553 1479 1615 sub
1523 1557 1706 1616 finem
1742 1556 1920 1617 seculi
1963 1557 2009 1616 I.
2055 1557 2230 1636 Cujus
2267 1559 2351 1618 rei

172 1670 174 1672 ’
221 1663 505 1734 praeterea
538 1648 915 1711 ineluctabile
951 1650 1238 1711 habemus
1264 1662 1679 1733 argumentum
1703 1652 1768 1711 in
1795 1651 2040 1735 epistola
2073 1655 2097 1713 Ι
2131 1653 2350 1736 (quam

224 1747 323 1807 alii
349 1748 402 1806 11
438 1745 684 1827 vocant)
714 1748 772 1806 S.
808 1745 1126 1807 Clementis
1158 1748 1328 1831 Papae
1360 1748 1438 1807 ad
1469 1746 1839 1823 Corinthios3
1875 1770 2016 1808 nam
2037 1794 2053 1823 .,
2093 1750 2180 1807 uti
2200 1754 2352 1828 jam-

224 1843 327 1903 diu
372 1842 912 1908 animadverterant
955 1842 1309 1920 CoteleriuS,
1359 1854 1421 1903 et
1461 1855 1603 1926 :post
1647 1844 1842 1927 ipsum
1883 1856 2131 1926 uterque
2171 1844 2350 1905 Blan-

225 1938 450 1998 chinius
500 1939 630 2020 (6),
687 1939 1068 2020 proferuntur
1122 1937 1271 1999 inibi
1328 1940 1663 2000 testimonia
1722 1961 1795 2000 ex
1858 1939 2131 1999 omnibus
2196 1961 2351 2023 pene

288 2173 359 2238 (1)
395 2174 534 2241 Apud
576 2176 839 2239 Constant,
884 2173 1052 2244 Epist.
1100 2175 1245 2227 Rom.

1403 2176 1471 2244 (5)
1507 2175 1561 2227 Id
1599 2187 1752 2244 aperte
1796 2187 1987 2227 testatur
2031 2175 2083 2227 S.
2118 2177 2352 2226 Innocen-

228 2249 542 2320 Pontifiinter
556 2257 929 2324 innocentianas,
944 2277 1019 2325 ep.
1036 2273 1112 2320 π,
1135 2276 1179 2310 c.
1197 2274 1246 2327 7.·

1333 2260 1426 2307 tius
1470 2259 1522 2321 Ι,
1572 2257 1738 2325 Epist.
1786 2279 1876 2310 xxv
1896 2297 1911 2321 ‚
1965 2259 2030 2308 ad
2069 2257 2365 2322 Decentium·

296 2337 361 2402 (2)
400 2338 612 2404 Quatuor
640 2340 748 2389 libri
791 2342 851 2390 de
878 2341 1093 2390 doctrina
1126 2341 1251 2390 chri-

226 2420 373 2467 stiana
405 2436 433 2467 a
453 2419 508 2469 S.
535 2421 794 2486 Augustino
824 2422 975 2487 coepti
1000 2432 1108 2471 sunt
1133 2425 1252 2470 circa

224 2517 300 2550 an.
334 2501 430 2568 397
453 2539 467 2562 ,
496 2512 540 2550 et
568 2501 768 2552 absoluti
795 2521 881 2574 an.
900 2501 1021 2567 406.

299 2581 366 2647 (3)
405 2582 542 2649 Apud
569 2580 954 2635 Har-duimActa
976 2583 1127 2636 Cone.
1150 2596 1187 2636 t.
1203 2603 1249 2647 1,

228 2665 319 2714 col.
349 2662 469 2731 968.

204 2740 210 2744 ’
302 2747 368 2812 (h)
397 2747 499 2797 Hoc
522 2747 786 2798 Concilium
795 2747 1078 2815 plenarium
1104 2750 1252 2798 totius

231 2829 426 2894 Africoe
449 2841 665 2880 vocatum
689 2842 755 2881 est
777 2850 803 2880 a
822 2831 1028 2881 Possidio
1047 2869 1061 2892 ,
1089 2833 1141 2879 in
1159 2833 1251 2881 vita

230 2908 280 2962 S.
317 2911 598 2980 Augustini,
633 2932 740 2981 cap.
777 2931 826 2981 7.
862 2914 1015 2982 Hujus
1047 2913 1249 2965 Concilii

229 3010 427 3045 canones
439 3000 733 3062 reperiuntur
742 2999 793 3045 in
816 2996 993 3046 Codice
1004 3014 1247 3046 canonum

230 3073 462 3128 Ecclesiae
503 3077 761 3144 Africanoe
776 3098 796 3142 ‚·
829 3097 1033 3147 cumque
1077 3081 1250 3130 suerint

231 3159 304 3208 vel
327 3160 510 3225 probati
541 3161 615 3212 vel
645 3165 874 3212 retractati
903 3181 930 3211 a
955 3163 1104 3212 Conc.
1131 3161 1249 3211 Car-

231 3241 408 3307 thagin.
448 3260 503 3292 ιιι
520 3281 534 3305 ,
580 3262 659 3293 an.
699 3244 795 3312 397
836 3245 1063 3294 celebrato
1081 3283 1095 3305 ‚
1137 3245 1248 3293 hinc

233 3321 287 3371 fit
302 3336 354 3373 ut
370 3329 730 3391 permisceantur
754 3344 862 3376 cum
880 3327 1142 3376 canonibus
1157 3326 1247 3375 hn-

232 3403 308 3468 jixs
324 3411 582 3470 posterioris
595 3409 812 3459 Concilii.
829 3408 928 3458 Cfr.
941 3409 1068 3458 Hard
1076 3412 1213 3458 uinus
1229 3447 1243 3471 ,

236 3483 328 3534 loc.
359 3491 439 3538 cit.
467 3491 558 3540 col.
593 3489 696 3559 954
723 3502 767 3540 et
793 3492 885 3545 col.
921 3485 1052 3560 875,
1083 3493 1166 3541 ubi
1194 3494 1245 3540 in

240 3565 358 3615 Cod.
376 3565 564 3622 Eccles.
584 3574 837 3638 Africanoe
862 3590 1012 3624 canon
1030 3612 1046 3636 ,
1077 3576 1135 3625 de
1152 3593 1245 3643 quo

236 3647 501 3716 loquimur,
530 3659 752 3720 reperitur
780 3656 868 3706 sub
896 3676 948 3708 n.
980 3673 1108 3707 xxiv.

1331 2342 1480 2405 episc.
1508 2338 1833 2406 Euqubinum
1850 2379 1865 2399 ,
1900 2360 1954 2390 n.
1982 2357 2012 2390 2
2032 2379 2046 2403 ,
2075 2332 2201 2407 apud
2232 2341 2355 2389 Cou-

1333 2431 1470 2471 stant.
1507 2438 1584 2487 op.
1620 2425 1696 2473 cit.
1733 2423 1826 2472 col.
1859 2421 1990 2484 856,
2026 2440 2081 2472 ac
2108 2422 2355 2471 Tertullia-

1338 2520 1460 2564 nus,
1507 2502 1590 2552 De
1624 2505 1898 2571 prce-script.
1947 2523 2051 2571 cap.
2093 2503 2191 2567 36,
2237 2504 2353 2555 edit.

1335 2583 1533 2649 Rigalt„
1560 2585 1644 2634 ubi
1679 2596 1927 2654 postquam
1948 2587 2008 2637 de
2023 2584 2157 2636 Petro
2175 2624 2189 2648 ,
2211 2586 2354 2636 Paulo

1298 2692 1321 2705 ι·
1337 2683 1391 2715 ac
1416 2666 1600 2716 Joanne
1630 2668 1919 2727 disseruerit,
1954 2671 2035 2735 qui
2059 2668 2222 2719 Romae
2251 2668 2356 2718 fue-

1336 2759 1476 2809 runt,
1513 2751 1657 2814 pergit
1686 2767 1700 2797 :
1733 2747 2038 2812 Videamus,
2076 2750 2196 2816 quid
2214 2749 2357 2798 ‚didi-

1334 2831 1482 2892 cerit,
1512 2831 1632 2896 quid
1661 2831 1903 2895 docuerit,
1940 2849 2052 2881 cum
2092 2830 2355 2897 Africanis

1333 2930 1516 2980 quoque
1534 2913 1723 2964 ecclesii
1725 2932 1749 2963 s
1763 2918 2116 2966 contesseravit.
2125 2951 2139 2966 .
2149 2952 2159 2964 .
2173 2916 2353 2981 Leqem

1332 3005 1378 3045 et
1403 2996 1677 3065 Prophetas
1714 3015 1825 3047 cum
1843 2996 2150 3064 Evanqelicis
2167 3005 2211 3045 et
2224 2997 2358 3064 Apo-

1328 3077 1510 3127 stolicis
1550 3078 1722 3128 litteris
1759 3082 1956 3142 miscet,
1987 3089 2032 3129 et
2066 3080 2184 3129 inde
2218 3087 2359 3145 potat

1327 3161 1494 3224 fidem.
1530 3161 1586 3211 In
1629 3181 1768 3229 quem
1809 3163 1968 3213 locum
2012 3163 2102 3212 cfr.
2144 3164 2354 3211 adnotat.

1329 3242 1385 3292 P.
1418 3243 1486 3293 De
1514 3244 1560 3293 la
1588 3243 1752 3294 Cerda.
1776 3245 1839 3294 Ut
1875 3247 2086 3294 omittam
2111 3243 2166 3294 S.
2198 3246 2358 3309 Augu-

1328 3329 1530 3388 stinum,
1553 3330 1635 3393 qui
1666 3330 1828 3392 saepius
1854 3329 1981 3377 idem
2011 3324 2218 3378 testatur.
2254 3325 2355 3374 Csr.

1329 3426 1434 3476 quae
1479 3412 1743 3474 scripsimus
1777 3414 1828 3459 in
1871 3420 2007 3460 tract.
2042 3410 2122 3459 De
2168 3409 2355 3459 Trinit-

1330 3508 1434 3556 cap.
1452 3508 1508 3550 11,
1528 3508 1719 3556 propat,
1738 3511 1792 3542 n.
1805 3508 1888 3559 71,
1906 3502 2170 3553 not.2,t.11,
2187 3504 2356 3556 p.299·

1400 3573 1465 3638 (6)
1487 3573 1756 3624 Franciscus
1782 3575 2023 3636 videlicet,
2040 3585 2154 3623 tom.
2171 3590 2205 3621 11
2220 3572 2359 3620 Anas·
2463 3606 2466 3609 .

1329 3658 1430 3706 tasii
1454 3656 1676 3707 biblioth.
1709 3656 1789 3707 De
1814 3659 1929 3707 vitis
1965 3662 2086 3708 rom.
2122 3655 2360 3720 Pontific.
