2502 4134
2166 165 2243 227 53

368 190 523 229 PART.
569 189 636 226 11.
683 186 808 227 GAP.
856 188 896 224 1.
941 187 1010 225 DE
1052 186 1211 228 SACR.
1253 187 1398 225 unu.
1447 184 1579 227 CAN.
1615 183 1696 225 ‘13⁹1'
1739 186 1981 226 AUCTOR.

121 334 296 396 nimis
319 326 537 415 vagum
561 352 626 390 ac
648 328 917 410 generale
941 340 1030 390 est
1049 375 1065 403 ,
1095 351 1206 390 nec
1230 327 1552 413 quidquam
1582 350 1654 389 ex
1687 350 1757 390 eo
1786 330 1997 390 confici
2021 339 2238 412 potest.

123 430 274 505 Quid
322 427 480 510 quod
521 426 830 485 auctoritas
876 423 1074 485 divina
1123 425 1295 504 hujus
1337 423 1475 483 libri
1520 445 1554 482 a
1597 424 2064 486 Protestantibus
2104 426 2247 508 ipsis

118 524 454 607 respuitur?

201 621 302 681 83.
349 621 418 679 20
464 621 666 700 Neque
707 639 780 678 ex
808 615 1290 697 allegationibus3
1325 627 1455 676 tum
1501 615 1710 697 quod
1695 638 1760 674 in
1792 615 1904 675 hoc
1942 638 2249 697 argumen-

120 717 285 776 tandi
312 714 486 775 modo
515 714 589 773 ab
619 713 958 775 adversariis
988 717 1111 790 jam
1151 710 1298 769 illud
1328 733 1438 793 pro
1474 721 1633 771 certo
1669 721 2035 784 assumatur
2069 711 2249 773 libros

123 834 327 871 omnes
361 812 512 871 Novi
556 811 710 867 Test.
758 830 879 867 esse
922 808 1226 866 canonicos
1255 853 1270 882 7
1319 805 1393 866 de
1438 829 1553 889 quo
1602 818 1803 866 tamen
1833 851 1848 879 ,
1901 809 2249 869 auctoritate

123 907 387 966 Ecclesiae
424 904 710 986 seposita,
757 914 913 962 certo
958 904 1098 984 ipsis
1150 912 1421 962 constare
1461 902 1704 983 nequitt,
1749 913 1875 960 tum
1925 900 2085 981 quod
2127 923 2249 963 non

126 1024 328 1061 omnes
355 1000 490 1059 libri
522 999 698 1058 etiam
728 996 1194 1076 proto-canonici
1228 997 1354 1054 Vet.
1386 997 1543 1055 Test.
1577 998 1643 1055 in
1668 999 1834 1059 Novo
1869 998 2244 1057 Testamento

129 1097 452 1176 allegentur
474 1095 593 1175 (l);
630 1103 757 1148 tum
787 1089 1043 1170 denique
1078 1087 1239 1169 quod
1267 1089 1527 1164 mentiO,
1565 1100 1667 1148 aut
1703 1091 1912 1150 saltem
1949 1091 2155 1151 allusio
2187 1093 2247 1152 in

126 1191 286 1249 libris
310 1189 458 1250 Novi
480 1189 631 1245 Test.
651 1183 940 1262 injiciatur
957 1181 1386 1241 nonnullorum
1410 1182 1700 1243 librorum
1718 1230 1733 1260 ,
1763 1204 1918 1268 quos·
1936 1187 2047 1268 ipsi
2068 1187 2246 1270 plane

126 1279 390 1363 rejiciunt
425 1280 537 1364 (2).

205 1377 303 1437 84.
357 1377 422 1435 30
445 1378 648 1457 Neque
680 1394 751 1433 ex
783 1385 1034 1455 quatuor
1060 1375 1328 1456 pri-orum
1356 1374 1688 1434 seculorum
1707 1375 2088 1436 Ecclesiarum
2120 1400 2253 1437 con-

122 1494 331 1547 sensu3
372 1483 439 1530 ut
474 1472 632 1530 enim
667 1469 1065 1544 ostendimuS,
1099 1471 1146 1528 si
1186 1471 1512 1529 Romanam
1557 1492 1739 1529 unam
1772 1473 2024 1553 excipias
2055 1473 2250 1534 Eccle-

122 1570 267 1628 siam
289 1614 306 1644 ,
344 1578 444 1627 aut
478 1565 606 1625 illas
631 1586 759 1646 q-uae
788 1586 861 1625 ex
886 1564 1135 1623 Ecclesia
1162 1566 1422 1625 Romana
1449 1587 1734 1626 canonem
1760 1581 2114 1649 acceperunt
2134 1568 2248 1651 (3),

122 1664 385 1724 Ecclesia>
420 1660 796 1743 particulares
838 1661 1044 1742 primis
1097 1659 1209 1720 illis
1253 1660 1461 1720 seculis
1506 1662 1661 1722 inter
1710 1684 1770 1721 se
1817 1665 2060 1724 minime
2104 1687 2246 1724 con-

124 1757 466 1831 senserunt,
503 1756 605 1816 sed
631 1756 738 1814 ali-a
766 1755 994 1837 plureS,
1027 1755 1136 1814 alia
1165 1776 1307 1816 vero
1333 1757 1633 1837 pauciores
1659 1757 1839 1817 libros
1870 1760 1930 1817 in
1960 1782 2249 1820 canonem

124 1855 345 1915 retulit.
380 1851 607 1913 Deinde
638 1852 687 1909 si
721 1851 1074 1925 adversarii,
1116 1851 1414 1932 primaevae
1446 1852 1600 1910 illius
1639 1854 1826 1912 aetatis
1863 1854 2247 1915 Ecclesiarum

124 1949 465 2010 auctoritate
503 1948 755 2030 permoti
779 1993 794 2021 ,
823 1944 1002 2004 libros
1039 1934 1550 2028 proto-'canonicos
1592 1947 2064 2029 amplectuntur,
2115 1971 2249 2009 cur-

123 2068 261 2107 nam
289 2042 705 2106 eadem'innixi
732 2042 1074 2102 auctoritate
1107 2040 1284 2103 libros
1313 2041 1901 2104 deutero—canonicos
1922 2067 2042 2104 non
2070 2045 2251 2107 susci-

188 2348 261 2414 (l)
293 2350 518 2400 Undecim
535 2388 549 2412 ‚
572 2353 630 2401 ad
656 2355 812 2401 minus
843 2352 952 2401 libri
979 2363 1137 2418 proto-

118 2435 330 2480 eanonici
372 2451 617 2499 nunquam
654 2436 705 2482 in
745 2433 880 2483 Novo
917 2435 1042 2483 Test.
1082 2450 1139 2482 ex

119 2511 275 2562 Veteri
317 2516 599 2580 allegantur,
651 2535 739 2565 nec
782 2518 877 2565 ulla
918 2517 976 2565 ad
1018 2519 1139 2582 ipsos

120 2595 282 2658 allusio
325 2598 412 2657 fit,
450 2617 618 2663 nempe
664 2609 715 2647 1⁰
747 2600 834 2648 lib.
877 2598 1134 2663 Judicum‚

124 2686 178 2724 2⁰
205 2678 363 2739 Ruth,
394 2679 446 2730 3⁰
474 2697 490 2727 1
516 2680 627 2745 Reg.
639 2718 652 2740 ,
676 2679 729 2743 40
749 2698 794 2730 iv
821 2681 953 2743 Reg„
975 2679 1030 2729 50
1049 2681 1135 2728 Pa-

120 2758 254 2824 ralip.
271 2760 380 2810 libr.
398 2761 564 2820 duom,
594 2761 648 2827 60
667 2762 824 2810 Esdrae
840 2770 928 2829 ‚7⁰
943 2763 1134 2821 Esther,

123 2836 178 2887 80
195 2841 512 2903 Ecclesiastes‚
530 2853 585 2910 9⁰
599 2844 778 2893 Cantici
794 2845 930 2894 Cant
955 2853 1029 2892 10⁰
1045 2844 1136 2892 Ab·

124 2921 364 2984 diae,1¹⁰
394 2924 661 2990 Sophoniae.

195 3004 261 3068 (2)
299 3004 430 3055 Tales
461 3018 570 3055 sunt
593 3008 713 3055 liber
737 3006 983 3072 Sapientiae
1002 3045 1016 3069 ‚
1045 3007 1137 3056 Ec·

127 3083 390 3149 clesiastici,
418 3088 606 3149 Tobiae,
636 3089 744 3138 libri
763 3090 1063 3140 Machab.uti
1083 3108 1138 3139 ex

129 3164 330 3216 dicendis
353 3171 544 3234 patebit.

197 3246 260 3311 (3)
295 3249 419 3300 Talis
455 3262 524 3301 est
552 3263 712 3318 praeter
741 3253 980 3302 ecclesiam
1014 3252 1142 3301 Afri-

136 3340 320 3390 canam,
344 3335 532 3383 ecclesia
562 3334 835 3400 Hispanica,
855 3353 955 3401 quae
970 3338 1018 3383 in
1032 3353 1134 3383 can.

136 3402 464 3473 scripturarum
496 3417 634 3481 plane
669 3434 776 3465 cum
808 3417 1010 3465 Ecclesia
1042 3416 1137 3465 Ro-

139 3505 278 3537 mana
317 3501 569 3559 consentit,
611 3509 664 3547 nt
702 3509 825 3564 patet
864 3517 920 3547 ex
939 3498 1140 3548 isidoro

139 3571 324 3639 Hispal.
349 3579 430 3640 qui
449 3583 605 3644 sepius
623 3582 759 3631 nobis
784 3599 898 3632 sacr.
929 3581 1140 3648 Scriptu-

1230 2351 1436 2400 Ecclesia
1459 2387 1474 2412 ‚
1510 2352 1646 2400 nobis
1677 2351 1866 2399 exhibet
1885 2386 1898 2409 ,
1932 2350 2104 2398 scilicet
2122 2346 2250 2414 Ety-

1229 2432 1482 2497 moloqiar.
1521 2434 1608 2481 lib.
1649 2449 1729 2492 vt,
1776 2450 1878 2497 cap.
1925 2449 1942 2479 1
1989 2441 2034 2480 et
2074 2447 2102 2478 2
2147 2448 2161 2479 ε
2199 2434 2252 2480 in

1227 2513 1489 2562 Prooemiis
1509 2513 1562 2563 in
1580 2513 1726 2561 libros
1746 2511 1806 2557 V
1797 2522 1857 2562 ee.
1873 2520 1920 2560 et
1931 2512 2063 2561 Novi
2087 2512 2218 2560 Test.
2228 2531 2252 2573 ;

1226 2606 1327 2644 tum
1354 2595 1405 2643 in
1429 2595 1518 2644 lib.
1541 2613 1587 2655 1,
1611 2593 1683 2643 De
1717 2595 1885 2660 officiis
1902 2629 1917 2654 ‚
1953 2589 2057 2659 cap.
2095 2610 2112 2641 1
2130 2610 2147 2641 1
2169 2631 2183 2655 ‚
2207 2605 2253 2643 et

1224 2677 1402 2742 ubique
1433 2687 1669 2726 enumerat
1707 2676 1851 2725 libros
1896 2676 2000 2724 Vet.
2042 2686 2089 2724 et
2129 2675 2250 2724 Novi

1224 2757 1352 2807 Test.
1387 2761 1675 2823 septuaginta
1705 2759 1840 2807 duos.
1872 2758 1969 2807 cfr.
1990 2759 2107 2807 edit.
2135 2775 2247 2826 opp.

1222 2840 1376 2889 Faust.
1398 2841 1576 2889 Arevali
1594 2839 1641 2888 S.
1655 2841 1705 2889 J.
1724 2840 1881 2888 Romae
1903 2838 2025 2889 1802
2044 2877 2058 2901 ,
2079 2843 2129 2889 in
2147 2858 2251 2906 sep-

1221 2933 1315 2971 tem
1347 2923 1588 2971 volumina
1621 2923 1807 2972 distrih.
1840 2921 1892 2971 S'.
1926 2922 2135 2970 Isidorus
2163 2939 2248 2971 ex-

1221 3023 1373 3071 presse
1399 3006 1682 3072 distinguit,
1719 3005 2113 3071 quemadmodum
2136 3005 2250 3054 olim

1222 3086 1277 3137 S.
1297 3088 1582 3153 Augustinus
1602 3125 1614 3147 ‚
1645 3103 1875 3135 canonem
1901 3086 2207 3136 Hebraeorum
2225 3104 2251 3135 a

1222 3188 1401 3220 canone
1440 3171 1671 3222 Ecclesiae.
1692 3170 1826 3218 Idem
1851 3171 1928 3219 dic
1953 3171 2011 3219 de
2044 3171 2250 3220 ecclesiis

1219 3253 1384 3301 italicis
1403 3290 1416 3312 ‚
1442 3262 1605 3317 praeter
1626 3251 1887 3300 Romanam
1902 3289 1915 3313 ‚
1941 3270 2140 3318 quarum
2158 3264 2250 3302 tes-

1218 3346 1311 3385 tem
1340 3335 1565 3384 habemus
1590 3334 1943 3395 Cassiodorum,
1976 3335 2131 3401 quiin
2165 3336 2252 3385 lib.

1222 3417 1280 3467 de
1311 3416 1485 3466 Instit.
1524 3416 1738 3465 divinar.
1776 3417 2009 3465 Litterar.
2040 3434 2147 3483 cap.
2188 3417 2246 3466 13

1223 3508 1271 3548 et
1305 3497 1395 3562 14,
1427 3508 1472 3547 et
1506 3500 1604 3563 ipse
1632 3498 1852 3547 eumdem
1885 3514 2116 3546 canonem
2137 3514 2247 3545 cum

1226 3580 1431 3630 Ecclesia
1446 3580 1657 3630 Romana
1674 3577 1812 3629 nobis
1830 3580 2019 3646 praebet.
2035 3579 2129 3627 Cfr.
2139 3596 2248 3644 opp.

140 3672 294 3704 rarum
328 3673 552 3709 canonem
570 3696 584 3723 ,
612 3673 747 3728 prout
772 3663 1075 3731 recipiebatur
1093 3666 1145 3714 in
1231 3664 1342 3715 edit.
1355 3664 1602 3730 Rotomag.
1625 3661 1780 3731 1679,
1795 3673 1911 3714 tom·
1926 3678 1966 3713 11
1981 3700 1995 3727 ,
2011 3678 2114 3730 pag.-
2129 3659 2249 3727 546.
