2502 4134
278 79 394 138 470
876 100 1075 136 macr.
1119 99 1188 135 nn
1233 99 1389 137 Loc1s
1435 96 1810 140 ‘rnaotoclmffi

275 244 482 302 labilis
501 261 799 320 apparens
815 284 830 314 7
856 242 1028 299 tellus
1052 241 1175 301 hoec
1195 251 1398 299 nostra
1419 286 1434 314 7
1462 251 1518 299 et
1536 261 1787 320 corpora
1808 247 2060 304 coelestia
2082 289 2100 317 ,
2132 247 2212 303 ab
2245 250 2418 305 omni

273 339 436 418 quod
471 336 761 394 mutabile
805 339 886 394 sit
918 347 1222 416 seqreyata
1263 336 1386 416 (1),
1432 337 1639 418 reponi
1678 336 1954 413 deberet,
1989 340 2052 399 id
2086 363 2411 421 nunquam

275 434 681 492 demonstrari
714 452 884 510 posse
933 431 1042 510 (2).
1093 433 1370 491 Attamen
1419 430 1569 490 illud
1612 432 1793 491 etiam
1844 453 2048 493 verum
2092 447 2214 520 est*7
2254 434 2413 519 quod

277 528 424 587 ratio
463 526 645 585 talem
687 526 1095 609 hypothesim7
1135 528 1183 586 si
1214 527 1458 608 quidem
1500 528 1755 608 gratuito
1792 528 1855 586 in
1892 527 2151 588 medium
2189 533 2416 613 profer-

274 636 440 684 retur
457 671 473 698 7
508 647 582 684 ne
606 624 849 706 quidem
873 627 1115 684 omnino
1153 635 1351 707 posset
1374 624 1449 682 ob
1478 624 1715 706 aliquod
1748 625 2041 706 peculiare
2063 626 2418 688 fundamen-

268 732 400 780 tum
436 721 521 778 uti
562 743 876 780 erroneam
922 721 1264 803 repudiare!
1313 722 1614 780 Revelatio
1651 720 1819 805 nobis
1861 719 2133 780 ostendet
2159 767 2174 795 7
2216 723 2374 803 quod
2399 769 2414 798 7

270 812 578 896 quidquid
618 828 791 875 eoetra
815 818 1012 876 Deum
1036 828 1152 888 est,
1194 828 1278 875 est
1308 827 1593 876 creatu-ra
1621 818 1741 875 Dei
1763 816 1882 895 (3),
1915 828 2092 898 atque
2116 817 2194 875 ita
2216 839 2418 898 quam-

273 934 529 995 cumque
550 913 1172 972 indeterminationem
1192 959 1207 983 7
1243 933 1371 994 quae
1403 925 1670 994 superest
1694 913 1804 971 hac
1828 914 1890 971 in
1921 934 1984 972 re
2006 959 2021 987 7
2058 912 2215 972 tollit
2238 934 2269 972 e
2295 935 2421 973 me-

275 1010 375 1069 dio
405 1010 517 1089 (4).
546 1009 660 1069 Sed
685 1021 852 1070 estne
877 1012 1031 1069 Deus
1059 1011 1119 1068 in
1138 1021 1396 1090 tempore
1423 1031 1488 1068 ac
1514 1010 1575 1068 in
1599 1015 1793 1090 spatio
1812 1009 1845 1068 Ρ
1879 1011 2064 1089 Negat
2086 1011 2422 1069 Hermesius

278 1107 522 1165 omnino
550 1105 742 1187 quoad
778 1117 1050 1185 tempus;
1078 1118 1278 1164 utrum
1306 1127 1444 1166 vero
1480 1128 1600 1165 non
1626 1108 1917 1186 compleat
1942 1110 2206 1184 spatium
2222 1148 2244 1177 ,
2276 1106 2424 1164 ratio

282 1202 365 1262 nil
410 1202 626 1276 habet,
670 1202 830 1261 unde
876 1202 987 1260 hoc
1027 1223 1238 1282 negare
1268 1215 1525 1282 cogatur.
1562 1203 1868 1262 Revelatio
1894 1213 2092 1261 tamen
2118 1201 2421 1275 ostendet7

283 1303 471 1358 Deum
491 1321 611 1358 esse
627 1302 919 1378 spiritum
945 1300 1004 1356 in
1030 1299 1399 1380 oppositione
1421 1298 1494 1356 ad
1520 1320 1771 1377 corpora
1792 1309 1851 1356 et
1870 1299 1943 1356 ad
1962 1319 2203 1357 omnem
2227 1309 2426 1357 exten-

279 1398 503 1455 sionem
525 1442 538 1468 7
579 1395 639 1453 id
670 1406 760 1454 est
781 1440 796 1468 7
829 1416 965 1454 eum
990 1416 1113 1453 esse
1128 1417 1362 1473 puram
1390 1402 1513 1451 vim
1531 1439 1554 1465 ,
1579 1406 1755 1475 atque
1786 1394 1863 1451 ita
1897 1393 2138 1452 demum
2169 1394 2424 1476 spatium

288 1492 362 1551 ab
391 1493 699 1551 existentia
725 1495 848 1569 ejus
875 1490 1214 1550 eliminatur
1243 1491 1353 1568 (5).
1386 1491 1467 1548 Ex
1499 1490 1623 1547 istis
1650 1489 1935 1549 Hermesii
1968 1488 2106 1548 locis
2131 1490 2423 1572 sequitur,

280 1589 571 1648 rationem
621 1588 1003 1645 theoreticam
1048 1587 1420 1664 impossihile
1461 1585 1705 1643 omnino
1753 1606 1874 1643 non
1909 1585 2211 1659 invenire7
2263 1584 2424 1667 quod

281 1685 438 1742 Deus
479 1705 601 1741 non
636 1684 712 1740 sit
737 1704 940 1761 purus
981 1684 1268 1760 spir-itm,
1314 1702 1436 1738 non
1473 1686 1643 1739 omni
1676 1686 2004 1739 eoetensione
2037 1692 2265 1755 careat7
2302 1702 2423 1739 non

282 1789 526 1857 occupet
547 1783 819 1855 spatium
842 1821 861 1847 ,
889 1788 999 1836 etc.
1856 1847 1859 1851 ἦ

373 1874 509 1933 189.
557 1876 641 1932 De
690 1872 987 1931 attributis
1026 1894 1165 1933 vero
1209 1873 1312 1930 Dei
1354 1870 1497 1952 quid
1539 1872 1744 1930 statuit
1793 1871 2174 1931 Hermesius?
2219 1871 2429 1931 Consi-

222 1959 226 1962 *
284 1973 453 2031 derat
472 1971 620 2030 ratio
650 1971 962 2030 theoretica
998 1972 1189 2029 Deum
1218 1970 1281 2027 10
1304 1967 1488 2028 relate
1509 1967 1583 2027 ad
1602 1969 1963 2028 creationem
1995 1969 2234 2044 mundi7
2262 1970 2331 2026 20
2352 1969 2428 2028 ad

285 2066 557 2126 ordinem
590 2078 648 2125 et
676 2087 874 2124 causas
899 2065 1101 2124 finales
1128 2064 1191 2122 in
1213 2062 1489 2145 operibus
1515 2064 1629 2123 suis
1651 2110 1667 2140 7
1706 2064 1773 2123 3⁰
1797 2064 1873 2123 ad
1905 2064 2241 2125 felicitatem
2264 2086 2427 2125 crea-

283 2175 553 2222 turarum
570 2207 585 2237 7
611 2163 935 2243 praesertim
956 2161 1205 2219 bominis
1229 2161 1341 2242 (6).
1375 2161 1528 2220 Hinc
1553 2163 1876 2220 necessario
1899 2162 2157 2241 agnoscit
2182 2163 2243 2220 in
2268 2164 2419 2222 Deo:

290 2259 354 2316 10
384 2261 723 2337 potentiam
771 2257 1465 2336 incomprehensibilem,
1506 2256 1575 2315 20
1611 2260 1932 2316 scientiam
1968 2258 2428 2337 incomprehen-

284 2359 558 2434 sibilem,
602 2355 668 2415 30
699 2355 1362 2435 incomprehensibilem
1405 2356 1749 2413 honitatem.
1799 2354 1915 2413 Sed
1938 2399 1953 2423 7
1995 2375 2070 2412 an
2107 2352 2230 2413 haec
2257 2353 2427 2413 attri-

290 2452 433 2513 buta
454 2453 520 2512 in
544 2455 664 2512 Deo
687 2454 933 2530 infinita
948 2451 1068 2510 sint
1087 2485 1103 2523 7
1138 2451 1287 2509 ratio
1300 2454 1470 2528 juxta
1492 2450 1867 2510 Hermesium
1884 2472 2003 2508 non
2025 2448 2214 2509 docet.
2234 2449 2428 2509 Nescit

288 2571 457 2629 εει-30,
504 2561 705 2607 utrum
734 2551 888 2607 Deus
910 2551 1281 2627 omnipotens
1305 2547 1410 2624 sit3
1447 2546 1550 2606 sed
1582 2545 1690 2604 hoc
1721 2546 1889 2606 unice
1914 2546 2052 2622 scit,
2080 2547 2198 2604 Dei
2207 2555 2427 2626 poten-

287 2652 440 2706 tiam
492 2647 663 2727 longe
701 2647 1027 2705 humanam
1067 2666 1307 2704 omnem
1361 2644 1690 2727 potentiam
1734 2665 2012 2726 superare
2054 2642 2162 2724 (7).
2210 2641 2421 2702 Itidem

325 2930 337 2944 ,
359 2871 427 2936 (l)
468 2869 593 2919 Num
628 2870 709 2930 id,
754 2870 879 2936 quod
914 2872 1201 2934 continqens
1232 2888 1318 2917 na-
1475 2854 1541 2918 (5)
1580 2853 1701 2902 ibid.

290 2964 391 3001 tura
419 2963 484 3001 est
502 2990 515 3012 ‚
547 2972 573 3002 a
602 2963 696 3002 toto
716 2970 797 3013 eo,
822 2953 948 3019 quod
970 2951 1201 3000 mutabile
1220 2961 1317 3013 est,
1473 2937 1534 3002 (6)
1571 2936 1684 3001 pag·
1711 2934 1804 2999 45¹
1838 2946 1885 2984 θῑ
1912 2952 2044 3000 seqq·

290 3040 514 3103 segregari
543 3055 675 3104 posse
708 3048 837 3103 putat
867 3037 1167 3086 Hermesius?
1471 3021 1541 3084 (7)
1572 3021 1644 3068 ΕΠ
1667 3022 1823 3069 locum
1847 3017 2291 3084 Opporfflssisssimum
2307 3013 2427 3064 Her·

362 3120 426 3183 (2)
463 3120 616 3170 Verba
669 3131 778 3169 sunt
838 3125 996 3169 omnia
1052 3120 1280 3169 Hermesii
1302 3159 1312 3176 7
1405 3107 1535 3152 Πέθθῐὶ
1566 3118 1580 3153 2
1606 3108 1658 3156 Si
1687 3110 1933 3168 quisquam
1970 3108 2150 3164 quoerat
2181 3117 2211 3148 a
2242 3117 2333 3158 me,
2365 3116 2430 3148 an

287 3221 395 3268 pag.
430 3203 546 3271 399,
1403 3188 1488 3232 Dei
1506 3187 1718 3244 potentia
1743 3186 1805 3230 sit
1827 3183 2017 3266 infinita
2039 3185 2122 3226 aut
2143 3180 2430 3264 omnipoten-

360 3284 425 3349 (3)
466 3285 586 3335 mid·
620 3305 722 3351 pag·
756 3284 869 3350 400·
1406 3263 1475 3307 tia
1487 3297 1498 3316 ‚
1517 3262 1660 3318 fateri
1676 3273 1834 3318 ocyor,
1852 3271 1922 3302 me
1940 3270 2039 3301 sme
2056 3257 2334 3301 revelatione
2348 3267 2427 3298 su-

1399 3337 1701 3396 pernaturali
1730 3335 1781 3379 id
1809 3332 2010 3391 probare
2031 3345 2124 3376 non
2143 3344 2292 3389 posse,-
2314 3329 2427 3388 quia

1403 3414 1604 3458 mundus
1619 3415 1801 3457 creatus
1816 3410 1978 3467 finitus
1990 3444 2002 3463 ‚
2022 3408 2187 3453 unicus
2201 3406 2426 3464 coqnitio-

1403 3489 1479 3533 nis
1498 3489 1622 3545 sons,
1646 3499 1778 3544 quem
1798 3486 1871 3530 hic
1888 3484 2027 3529 habeo
2040 3519 2052 3538 ‚
2075 3484 2258 3528 nullum
2278 3492 2426 3526 ‘neces-
2462 3495 2470 3503 ·

364 3619 374 3630 ,
1402 3565 1552 3608 silaus
1578 3563 1805 3607 motivum
1835 3562 1942 3606 huic
1975 3558 2280 3618 affirmationi
2305 3567 2426 3615 proe·

291 3616 375 3664 Dm
392 3614 414 3663 Ρ
1404 3640 1525 3684 bet...
1541 3638 1649 3684 Vere
1659 3639 1729 3683 vis
1739 3639 1951 3683 creatrice
1967 3638 2092 3682 debet
2107 3635 2225 3680 mihi
2239 3631 2427 3690 infinita

364 3368 432 3433 (lu)
473 3368 592 3432 Ergo
610 3385 669 3416 ne
692 3369 906 3419 revelatio
927 3365 1156 3417 tantum?
1183 3367 1318 3416 Ratio

294 3469 402 3517 ergo
438 3469 519 3517 per
561 3469 609 3500 se
642 3451 873 3517 possibile
916 3453 1151 3517 agnoscit,
1191 3451 1317 3517 quod

294 3535 471 3600 aliquid
514 3543 651 3582 extra
690 3532 850 3582 Deam
886 3552 982 3583 non
1016 3536 1074 3582 sit
1111 3541 1318 3583 creatura
