2502 4134
2101 97 2221 156 155-

422 125 583 166 PAn'r.
626 124 690 162 11.
738 123 861 162 CAP.
907 123 993 159 111.
1044 123 1110 159 DE
1154 122 1316 159 sami.
1366 120 1654 159 SCRIPTUR.
1702 119 1890 159 INTER.

107 268 395 344 ostendit,
432 266 742 327 Ecclesiam
770 286 1078 347 nunquam
1108 264 1172 323 in
1210 261 1593 323 decisionibus
1632 262 1749 322 suis
1781 283 1812 320 a
1854 260 2094 322 veritate
2123 260 2220 321 vel

105 366 419 426 minimum
453 362 788 437 deflexisse3
837 382 947 421 nec
995 383 1124 420 raro
1178 363 1567 426 protestantes
1621 360 1734 442 ipsi
1774 358 1941 419 fateri
1979 356 2222 417 demum

106 461 286 521 coacti
322 470 495 533 sunt,
537 442 596 518 se
640 458 913 539 deceptos
957 457 1127 516 fuisse
1170 455 1346 516 etiam
1383 454 1444 512 in
1481 455 1581 529 iis,
1611 477 1738 536 quae
1773 456 1860 513 uti
1884 455 2227 531 inconcussa

107 555 181 615 ab
217 555 383 613 initio
415 564 732 635 posuerant
773 552 846 611 ad
883 551 1177 611 catholicae
1219 549 1479 609 Ecclesiae
1516 549 1839 608 doctrinam
1874 569 2229 631 oppugnan-

109 651 244 710 dam
269 651 381 731 (l)
410 649 739 708 Plurimum
766 670 939 728 porro
962 647 1262 706 conferent
1283 643 1563 705 catholico
1589 645 1896 727 interpreti
1919 644 1995 703 ad
2017 664 2234 705 verum-

109 745 416 826 Scripturae
445 765 681 803 sensum
721 743 1101 802 statuendum
1135 762 1254 800 non
1282 738 1564 821 loquendi
1601 737 1789 797 solum
1824 761 1960 798 usus
1993 750 2094 798 aut
2117 760 2229 820 pa.-

116 839 494 913 rallelismUS‚
546 838 648 898 sed
706 838 1074 920 potissimum
1112 857 1178 896 ac
1227 835 1514 917 praecipue
1562 854 1762 893 sensus
1806 833 2187 894 traditionalis
2205 877 2237 908 ,„

115 945 451 1008 sanctorum
500 935 740 992 Patrum
777 932 1022 1013 scripta,
1055 952 1191 989 usus
1228 942 1287 990 et
1316 930 1510 1011 praxis
1541 929 1830 1002 Ecclesiae,
1867 950 1993 1010 quae
2028 951 2099 990 ex
2137 950 2235 989 ca·-

116 1028 334 1089 tholico
356 1028 487 1110 prin
496 1028 644 1108 cipio
663 1026 1019 1086 auctoritatis
1038 1024 1348 1104 Scripturis
1365 1025 1476 1083 rite
1497 1023 1950 1105 interpretandis
1971 1025 2230 1106 primum

113 1124 306 1183 locum
341 1123 678 1196 obtineant,
710 1141 855 1201 opus
902 1129 1011 1178 est.
1061 1120 1378 1199 Nunquam
1414 1118 1714 1200 patiantur
1748 1117 2013 1179 catholici
2041 1123 2240 1180 inter-

111 1229 307 1301 pretes
327 1215 513 1296 abripi
528 1236 587 1273 se
611 1212 1029 1296 apparentibus
1054 1224 1114 1272 et
1139 1213 1408 1295 speciosis
1431 1224 1782 1274 novatorum
1802 1213 2038 1274 theoriis
2055 1260 2070 1290 .,
2102 1236 2247 1296 quae*

113 1312 390 1393 temporis
417 1310 584 1392 lapsu
611 1329 773 1369 vanae
803 1319 869 1368 ut
890 1308 1213 1391 plurimum
1242 1330 1307 1368 ac
1331 1308 1565 1369 fallaces
1589 1309 2122 1391 deprehendentur.
2148 1310 2239 1370 Ad>

111 1427 407 1465 summum
429 1449 446 1478 .,
486 1405 536 1463 si
567 1404 707 1486 quid
738 1403 835 1462 illa
867 1403 1009 1463 boni
1045 1405 1353 1463 continent
1372 1449 1389 1478 .,
1420 1404 1773 1464 adminiculo
1804 1427 1926 1465 esse
1951 1417 2197 1487 possunt
2214 1431 2241 1480 ς·

112 1512 201 1560 ast
255 1499 708 1559 fundamentum
755 1500 1035 1560 conficere
1086 1500 1537 1560 hermeneuticae
1588 1499 1882 1561 catholicae
1928 1522 2238 1584 nunquam

95 1593 356 1655 debent.

195 1692 359 1752 238..
382 1694 635 1752 Demum
670 1693 732 1750 in
770 1693 997 1772 exegesi
1036 1714 1136 1751 sua
1170 1691 1436 1751 catholici
1478 1693 1787 1775 Scripturae
1827 1691 2074 1753 cultores
2108 1693 2241 1752 ani-

115 1810 280 1847 mum
318 1788 638 1847 intendant
670 1799 903 1870 oportet
933 1787 1008 1847 ad
1044 1787 1369 1868 analogiam
1407 1787 1539 1847 fidei
1563 1835 1579 1864 7
1618 1789 1877 1871 itemque
1905 1788 1981 1848 ad
2019 1791 2241 1864 finem,

115 1883 177 1941 in
211 1905 388 1964 quem
429 1883 598 1943 nobis
637 1907 668 1943 a
710 1887 832 1944 Deo
869 1884 1181 1966 Scripturae
1219 1883 1369 1943 datae
1409 1896 1566 1943 sunt.
1606 1887 1759 1945 Deus
1791 1907 1965 1967 porro
2002 1873 2256 1965 largituss

118 1977 287 2038 nobis
312 1985 435 2037 non
462 1991 552 2039 est
578 1979 902 2060 Scripturas
933 1991 1035 2039 aut
1059 1979 1133 2038 ad
1172 1980 1415 2052 otiosam
1438 1979 1756 2062 quamdam
1796 1981 1977 2040 animi
2012 1980 2250 2040 curiosi--

118 2083 303 2133 tatem
336 2074 716 2156 pascendam7
747 2087 846 2134 aut
873 2075 950 2134 ad
979 2075 1214 2134 inutiles
1243 2075 1525 2135 fovendas
1550 2076 1975 2158 disquisitiones
1995 2123 2011 2153 ,
2052 2076 2153 2138 sed
2168 2076 2245 2136 ad

123 2179 383 2227 mentem
399 2170 465 2227 iis
480 2216 497 2239 ,
516 2192 645 2251 quae
660 2170 893 2231 credere
909 2181 1142 2252 oportet
1160 2216 1176 2245 .,
1200 2170 1434 2230 uberius
1459 2172 1897 2233 informandam
1914 2220 1931 2249 ,
1948 2173 2245 2233 >animum-

115 2283 237 2344 -que
275 2262 336 2320 in
381 2263 487 2321 Dei
524 2285 784 2324 amorem
821 2265 1234 2338 excitandum3
1291 2265 1366 2324 ad
1401 2289 1577 2348 opera
1615 2269 1941 2350 praestanda
1967 2314 1984 2344 7
2036 2269 2253 2351 quibus

136 2356 321 2415 sancti
349 2357 667 2416 efficiamur
695 2359 863 2439 eique
892 2361 1076 2438 grati3
1117 2361 1193 2418 ad
1217 2360 1533 2420 fovendam
1563 2363 1817 2444 denique
1841 2365 2153 2445 pietatem,
2181 2386 2252 2423 acv

125 2451 527 2510 omnimodam
552 2453 972 2533 perfectionem
1001 2455 1471 2514 consectandam.
1517 2455 1686 2528 Quod
1715 2457 1952 2538 quidem
1974 2458 2248 2540 praeclare

124 2544 467 2624 significavit
504 2547 809 2626 Apostolus
832 2593 849 2623 ‚
883 2546 940 2606 ΙΙ
965 2548 1218 2607 Timoth.
1247 2550 1325 2607 ΙΙΙ
1347 2595 1362 2624 ,
1397 2551 1501 2624 16,
1532 2550 1733 2611 dicens
1765 2577 1791 2637 :¹
1811 2554 2025 2613 Omnis
2048 2555 2249 2635 Scrip-

125 2652 263 2699 tura
286 2642 583 2700 divinitus
601 2647 909 2722 inspirata
940 2645 1111 2702 utilis
1133 2655 1218 2703 est
1236 2646 1324 2702 ad
1340 2646 1668 2705 docendum
1685 2691 1702 2721 ,
1728 2650 1816 2707 ad
1835 2650 2249 2729 arguendum,

126 2737 212 2795 ad
241 2739 725 2818 corrzpiendum,
764 2740 850 2798 ad
886 2740 1291 2798 erudiendum
1337 2743 1712 2821 injustitia,
1755 2755 1824 2804 ut
1837 2748 2145 2826 perfectus
2173 2750 2254 2806 sit

197 2953 266 3019 (1)
303 2955 517 3004 Pluribus
531 2956 750 3021 exemplis
767 2957 817 3004 id
833 2957 1017 3005 ostendi
1039 2975 1147 3022 pos-

131 3045 198 3085 set
215 3074 228 3095 ‚
257 3040 347 3086 nisi
365 3050 572 3102 ageretur
592 3039 648 3088 de
667 3056 714 3087 re
738 3040 957 3087 omnibus
987 3040 1150 3104 explo—
1191 3048 1195 3052 “

133 3127 247 3168 rata.
287 3119 456 3185 Ecquis
495 3123 620 3169 enim
657 3139 786 3169 nunc
818 3124 936 3170 inter
968 3132 1148 3186 protes-

136 3207 276 3247 tantes
304 3202 610 3263 orthodoxos,
641 3220 757 3269 quos
773 3214 964 3263 vocant,
987 3205 1146 3264 docet,

139 3277 273 3329 bonis
299 3285 514 3348 operibus
541 3289 757 3352 injuriam
787 3289 981 3353 irrogari
1012 3290 1152 3336 meri-

141 3359 197 3405 tis
215 3359 415 3412 Christi?
442 3365 610 3415 Omnia
640 3368 902 3416 infidelium
921 3386 973 3417 ac
986 3385 1151 3434 pecca-

142 3448 292 3489 torum
320 3461 454 3509 opera
487 3450 676 3499 totidem
696 3467 795 3499 esse
816 3455 1032 3516 peccata?
1066 3450 1152 3499 Ju-

142 3530 264 3569 stum
282 3539 467 3586 peccare
491 3531 774 3581 in.omnibus
793 3532 1009 3598 operibus
1030 3534 1151 3595 suis,

55 3664 59 3666 ῃ
138 3603 200 3649 ita
221 3613 271 3651 ut
292 3617 516 3656 mereatur
533 3621 745 3663 aeternam
764 3616 1115 3665 damnationem
1129 3619 1152 3663 ¹?

1231 2960 1372 3009 Fures
1390 2997 1404 3021 ‚
1434 2960 1700 3010 fornicarios
1718 2999 1731 3022 ‚
1763 2962 2042 3023 homicidas,
2061 2963 2252 3014 'adulte-

1233 3060 1305 3091 ros
1328 3044 1422 3092 sola
1450 3055 1634 3093 externa
1652 3047 1966 3110 imputatione
1982 3048 2252 3096 meritorum

1231 3125 1402 3175 Christi
1439 3144 1572 3194 aeque
1617 3139 1801 3177 sanctos
1845 3146 1942 3177 esse
1980 3146 2034 3178 ac
2066 3129 2250 3178 Beatam

1233 3209 1513 3277 Virginem?
1547 3211 1698 3260 Deum
1730 3213 1971 3278 impellere
2002 3214 2062 3262 ad
2095 3230 2254 3279 pecca-

1233 3304 1334 3341 tum
1357 3331 1370 3354 ,
1413 3295 1592 3360 aliaque
1614 3295 1842 3360 ejusmodi
1873 3306 2084 3345 sexcenta
2101 3332 2116 3355 ‚
2148 3311 2253 3360 quae

1234 3394 1342 3426 cum
1361 3378 1562 3427 Luthero
1577 3383 1623 3424 et
1639 3377 1835 3427 Calvino
1855 3381 2137 3444 antiquiores
2151 3394 2252 3442 pro-

1235 3470 1451 3510 testantes
1492 3460 1828 3526 profitebantur
1860 3461 2002 3511 veluti
2045 3459 2253 3509 firmissi-

1237 3560 1336 3592 mas
1359 3545 1570 3593 veritates
1585 3538 1610 3590 ἓ
