2502 4134
2083 130 2202 189 455

295 157 456 202 lunt.
502 154 583 193 111.
629 153 781 192 SBGT·
828 153 869 191 1.
919 152 1042 192 CAP.
1088 154 1128 192 1.
1181 155 1423 208 DBIRAT.
1474 153 1602 190 Alvr.
1649 154 1758 190 rm.
1803 151 1984 190 SPRGT.

79 300 380 363 blematiee
404 294 614 369 sumit,
645 305 710 353 ut
745 296 1109 375 ambianum
1134 294 1228 355 vel
1246 299 1595 375 yratuiturn
1614 339 1630 368 ‚
1668 313 1826 352 nunc
1863 296 2107 371 seeptiee
2127 305 2195 353 ut

69 394 301 472 fallam,
330 410 488 449 nunc
523 392 853 470 doymatiee
886 402 953 449 ut
988 391 1376 449 irrevocabile
1398 400 1457 448 et
1484 391 1830 468 infallibile.

166 487 299 546 168.
345 490 414 544 11.
466 488 659 559 Quum
700 485 1083 568 philosophus
1129 485 1336 566 aliquis
1372 496 1508 566 post
1551 506 1682 542 suas
1721 504 1924 542 omnes
1956 483 2206 565 inquisi-

77 583 263 641 tiones
315 603 382 641 eo
421 582 732 655 deveniat,
774 593 841 639 ut
889 581 1181 655 declaret,
1242 601 1304 639 se
1349 579 1528 639 talem
1580 579 1854 638 humanae
1892 579 2210 659 cognitioni

78 699 143 736 ae
196 678 444 737 realitati
497 677 794 755 objectivae
832 697 1043 735 rerum>
1067 675 1480 735 certitudinem
1519 676 1733 750 tutari,
1778 697 1907 757 quae
1945 676 2210 735 firmissi-

76 795 235 831 mam
264 773 695 854 persuasionem
724 770 831 830 tibi
872 771 1090 853 pariat,
1130 770 1232 830 sed
1255 772 1335 830 ita
1361 783 1427 829 ut
1450 793 1543 830 res
1562 774 1796 849 possint
1821 770 2205 852 nihilominus

74 890 189 926 esse
229 873 299 926 in
346 890 401 926 se
441 869 619 927 aliter
660 867 936 940 omnino,
988 887 1204 947 nempe
1248 854 1369 925 non
1407 872 1684 935 emistere,
1726 865 1867 924 dum
1903 877 1967 923 tu
2006 876 2206 925 tamen

76 962 286 1022 debeas
306 985 637 1042 persuasus
659 983 774 1021 esse
805 964 948 1027 *illas
969 967 1212 1021 emistere
1228 1009 1244 1031 ,
1261 983 1326 1021 ac
1350 963 1489 1043 ipsa*
1503 961 1708 1021 eadem
1733 961 1856 1021 haec
1866 966 2203 1039 permane,

78 1079 204 1139 quae
233 1070 291 1118 te
316 1059 465 1138 cogit
490 1057 565 1117 ad
588 1059 669 1117 ita
695 1068 755 1116 et
787 1059 866 1116 ita
906 1057 1231 1118 tenendum
1252 1103 1268 1131 ,
1302 1061 1495 1136 possit
1527 1079 1642 1115 esse
1685 1078 1925 1115 merum
1961 1062 2210 1133 phaeno-
2254 1060 2257 1062 ’

78 1175 289 1211 menon
306 1197 327 1223 ,
360 1175 503 1211 num
531 1153 641 1211 hoc
670 1175 789 1210 non
813 1163 903 1211 est
917 1154 1306 1211 certitudinis
1330 1154 1629 1231 objectiva?
1644 1172 1873 1210 causam
1898 1151 2003 1211 tibi
2028 1151 2206 1233 plane

79 1247 449 1328 desperatam
485 1245 823 1306 declarare?
862 1249 986 1306 Hoc
1023 1269 1197 1328 porro
1232 1248 1351 1326 agit
1374 1247 1726 1306 ‘Hermesius
1758 1247 1871 1326 (l).

162 1343 295 1400 169.
348 1344 449 1421 111.
479 1346 547 1399 In
569 1344 962 1420 ohy‘eetivitate
987 1347 1149 1421 faeti
1171 1342 1526 1403 immediatae
1559 1343 1925 1403 conscientiae
1949 1345 2206 1425 primam

74 1440 382 1494 veritatem
423 1457 489 1494 ac
522 1439 857 1495 realitatem
895 1436 1047 1495 locat
1084 1438 1438 1496 Hermesius.
1482 1438 1753 1518 Optime3
1797 1439 1901 1497 sed
1936 1461 2207 1520 quaenam

68 1529 164 1589 'est
199 1531 566 1609 obyeetivitas
606 1530 702 1589 illa
724 1576 740 1606 ,
783 1532 899 1590 nisi
931 1533 1164 1590 animus
1197 1533 1257 1589 in
1287 1533 1410 1614 ipsa
1447 1530 1665 1592 habeat
1698 1536 2111 1593 actualitatem
2143 1557 2209 1595 ac

73 1627 407 1683 realitatem
436 1627 656 1707 proprii
676 1631 781 1685 sui
808 1628 935 1706 Eyo
956 1627 988 1685 Ρ
1015 1628 1189 1708 Atqui
1210 1627 1320 1686 hoc
1335 1639 1508 1706 negat
1528 1628 1821 1686 mordicus
1842 1630 2174 1688 Hermesius
2189 1674 2206 1704 a

76 1721 174 1801 qui
202 1721 482 1779 nimirum
512 1722 572 1780 id
598 1721 672 1779 ad
705 1721 951 1781 alteram
982 1722 1161 1803 plane
1186 1722 1524 1781 distinctam
1562 1725 1945 1804 quaestionem
1981 1725 2165 1801 rejicit
2188 1771 2203 1799 a

75 1814 178 1872 ubi
220 1814 456 1894 longam
496 1817 916 1898 acimplexam
954 1817 1520 1876 demonstrationem
1563 1821 1823 1891 conficit,
1861 1831 1927 1878 ut
1954 1819 2165 1900 probet
2189 1865 2206 1893 a

75 1908 236 1968 istud
281 1911 410 1991 Eyo
452 1932 574 1970 esse
605 1914 762 1971 reale
792 1923 851 1971 et
880 1914 1236 1991 ohy'eetivum
1264 1912 1371 1994 (2).
1419 1914 1564 1993 Ergo
1605 1913 1894 1995 quidquid
1924 1913 2205 1974 hactenus

144 2176 210 2238 (l)
261 2174 540 2228 Recolantur
589 2176 818 2239 *superius
891 2176 1095 2239 exposita
1180 2175 1410 2222 videretur
1450 2177 1587 2221 etiam
1631 2174 1812 2221 admitti
1844 2173 2016 2221 debere
2051 2177 2205 2239 ipsum

77 2274 181 2323 pas·
211 2254 337 2320 474,
369 2267 479 2305 nota
512 2254 606 2320 (¹)-

143 2339 207 2403 (Ξ)
247 2341 375 2389 Intr.
417 2338 554 2388 Phil.
598 2335 826 2389 Secunda
871 2334 1095 2402 Inquisi-

75 2424 242 2484 tione,
302 2422 385 2469 ubi
427 2422 484 2469 ad
521 2421 857 2470 conficiendam
901 2421 1099 2468 demon-

74 2506 344 2552 strationem
402 2506 655 2552 existentiae
700 2502 786 2551 Dei
826 2504 952 2567 prius
995 2502 1096 2551 fuse

72 2583 1094 2650 demonstrare-aggrediturHermesiusreali·

71 2676 215 2715 tatem
245 2668 424 2715 mundi
453 2679 552 2715 tum
582 2669 764 2715 interni
784 2674 887 2715 tum
909 2668 1099 2714 externi

69 2751 183 2812 (der
203 2750 487 2817 lunen-und
513 2750 839 2814 Aussenwelt).
874 2749 940 2796 Ita
962 2767 1096 2814 porro

70 2834 121 2880 in
150 2831 356 2880 articulo
387 2834 548 2898 primo
584 2836 883 2897 quaestionem
925 2850 1093 2896 propo-

73 2916 141 2962 nit
173 2931 187 2962 :
219 2913 375 2962 Debet
410 2931 470 2961 ne
502 2914 626 2962 ratio
656 2914 894 2979 reflectens
926 2913 1098 2961 habere

65 3013 156 3060 pro
181 2995 305 3046 reali
322 2999 569 3045 internum
592 2998 824 3046 mundum
851 2998 989 3046 nobis
1010 3014 1097 3063 ap-

68 3083 347 3140 parentem?
373 3098 516 3144 quam
544 3090 594 3127 ut
616 3081 811 3128 resolvat
826 3068 847 3140 ‚¹
867 3083 1091 3128 nimirum

78 3163 130 3205 ut
161 3158 332 3222 fundet
364 3163 628 3210 realitatem
661 3164 817 3210 nostri
840 3162 971 3227 qu,
1002 3164 1095 3212 fere

77 3240 374 3306 quadraginta
415 3246 612 3310 pagellas
661 3248 872 3294 insumit,
918 3244 1096 3311 objicit

79 3319 170 3368 sibi
201 3339 334 3386 porro
364 3327 415 3373 in
442 3328 604 3376 limine
629 3330 728 3392 ipso
746 3364 758 3385 ‚
795 3328 920 3393 quod
947 3329 1094 3393 posita

79 3405 349 3452 necessaria
381 3407 596 3457 realitate
625 3410 943 3472 objectorum,
977 3427 1095 3476 qua-

79 3481 141 3530 lia
171 3495 407 3549 apparent
436 3490 484 3535 in
514 3501 739 3556 conceptu
775 3501 931 3539 nostro
953 3528 966 3550 ‚
1008 3491 1092 3540 de-

79 3564 242 3614 berent
271 3570 408 3616 etiam
447 3573 512 3618 uti
540 3572 688 3621 reales
725 3575 905 3622 admitti
937 3573 1094 3621 modi-

75 3647 323 3709 ficationes
345 3655 424 3699 τοῦ
445 3650 494 3699 E
495 3669 569 3717 90,
591 3672 644 3702 ac
659 3657 882 3720 implicite
898 3655 1094 3721 proinde

1180 2254 1289 2319 Eyo
1318 2258 1384 2302 uti
1406 2255 1548 2302 reale.
1575 2254 1745 2328 Subdit
1776 2266 1931 2302 tamen
1952 2272 1966 2303 ε
1989 2257 2080 2314 Qui
2101 2259 2209 2303 h'uic

1181 2337 1468 2394 apparentia
1485 2336 1653 2391 credit,
1673 2336 1798 2381 debet
1816 2337 1957 2380 etiam
1964 2335 2207 2392 judicare,

1169 2419 1274 2476 y'am
1291 2419 1417 2464 illico
1434 2419 1575 2463 simul
1591 2420 1829 2464 inventam
1840 2434 1930 2464 esse
1941 2420 2208 2464 realitatem

1179 2501 1259 2545 τοῦ
1287 2503 1439 2561 qu...
1462 2502 1616 2560 Neque
1637 2516 1805 2548 rarum
1827 2507 1891 2547 est
1908 2504 1980 2547 ita
1987 2501 2206 2558 ,iudicari

1180 2599 1238 2631 eoe
1256 2587 1341 2630 tali
1361 2587 1640 2643 apparentia
1661 2583 1869 2646 (Schein)
1893 2585 2026 2630 valde
2042 2596 2207 2628 revera

1181 2663 1446 2720 deceptrice.
1467 2660 1555 2708 Cui
1576 2666 1689 2706 nota
1707 2675 1800 2707 non
1822 2665 1887 2706 est
1908 2661 1996 2706 illa
2017 2659 2204 2705 celebris

1181 2739 1294 2782 adeo
1311 2738 1644 2782 demonstratio
1657 2751 1745 2795 pro
1763 2738 1978 2782 realitate
1989 2741 2068 2785 τοῦ
2077 2734 2203 2793 Ε90;

1180 2822 1277 2880 qu
1307 2822 1480 2880 coque,
1514 2834 1620 2879 erqo
1654 2821 1817 2865 eoeisto.
1842 2820 1904 2865 Et
1936 2819 2050 2877 quid
2073 2818 2207 2862 aliud

1182 2898 1273 2942 haee
1295 2902 1359 2941 est
1379 2897 1475 2941 nisi
1497 2897 1583 2941 illa
1604 2897 1822 2941 illusoria
1844 2892 2209 2940 demonstratio?

1188 2971 1351 3030 Utique
1364 2972 1467 3029 ,iam
1489 2972 1634 3015 ista...
1659 2984 1707 3015 eo
1724 2971 1840 3015 vitio
1864 2970 2067 3024 laborat,
2086 2967 2209 3027 quod

1178 3048 1436 3092 assumitur
1458 3047 1709 3091 actualitas
1725 3046 2022 3105 eoqitationis
2043 3057 2101 3089 ex
2121 3049 2207 3089 tes-

1182 3123 1374 3167 timonio
1414 3123 1692 3167 immediata
1732 3122 2019 3166 conscientia
2034 3155 2047 3174 ,
2088 3121 2204 3178 quin

1174 3201 1314 3257 prius
1343 3199 1604 3244 necessaria
1632 3198 1860 3242 certitudo
1897 3197 2034 3241 istius
2076 3196 2204 3240 testi-

1179 3275 1327 3320 monii
1350 3288 1434 3332 per
1457 3274 1639 3332 aliquid
1671 3273 1804 3318 aliud
1832 3272 1977 3329 fuerit
2002 3275 2201 3317 ostensa.

1178 3348 1294 3403 Sed,
1333 3350 1415 3394 hoc
1452 3349 1593 3393 etiam
1623 3348 1742 3393 vitio
1776 3347 1999 3405 seposito,
2033 3358 2206 3403 semper

1178 3425 1505 3469 admitteretur
1532 3428 1723 3482 propter
1752 3423 1990 3480 definitam
2010 3422 2206 3466 realita-

1181 3503 1268 3544 tem
1288 3499 1583 3558 coqitationis
1595 3533 1607 3553 ,
1626 3499 1677 3542 id
1692 3502 1781 3553 est,
1794 3501 1988 3557 propter
2009 3496 2206 3541 realita-

1181 3585 1268 3625 tem
1289 3581 1646 3637 modificationis
1674 3579 1755 3623 τοῦ
1774 3581 1893 3638 Ερο,
1916 3579 2110 3624 realitas
2131 3577 2204 3634 ip-

1180 3656 1278 3700 sius
1291 3655 1442 3714 qu...
1455 3655 1528 3701 Ad
1545 3656 1842 3714 deteqendam
1857 3656 1975 3700 hanc
1992 3653 2204 3710 fallacem
