2502 4134
265 154 385 214 506

856 181 1061 219 macr.
1106 182 1177 219 nn
1222 162 1371 222 touls
1413 184 1800 226 ‘rnnotoemlffi

261 320 738 380 demonstratum
779 321 889 394 sit,
936 321 1173 403 aliquod
1207 324 1419 404 dogma
1454 347 1578 386 esse
1610 338 1772 387 certo
1813 330 2177 407 revelatum,
2222 334 2399 392 ratio-

261 437 404 476 nem
439 438 562 475 non
599 436 770 497 posse
801 437 911 476 nec
945 416 1163 478 debere
1203 419 1290 479 illi
1329 421 1600 481 assentiri
1620 467 1636 494 ,
1681 422 1797 481 nisi
1818 430 2006 503 prius
2032 428 2399 511 exploratum

260 510 477 570 habeat
494 556 509 582 ‚
529 510 741 591 dogma
754 511 906 571 illud
925 514 1229 596 principiis
1245 516 1363 574 suis
1380 516 1749 577 naturalibus
1767 518 2014 581 minime
2026 522 2088 581 in
2105 545 2168 585 se
2184 546 2400 608 repug-

258 630 402 668 nare
434 608 559 690 (l);
603 609 671 669 4⁰
709 610 845 670 hinc
869 633 1075 670 verum
1099 635 1337 695 prorsus
1381 626 1536 675 esset
1559 661 1574 689 a
1606 616 1899 676 rationem
1922 617 1985 675 in
2015 622 2242 700 negotio
2266 623 2401 684 fidei

253 709 635 786 principem,
674 707 796 766 imo
844 711 1096 766 unicam
1140 731 1414 769 normam
1455 732 1578 770 esse
1634 723 1941 793 oportere3
1990 735 2121 795 quae
2164 717 2401 798 quidem

258 802 456 860 omnia
489 804 851 885 praecipuum
881 804 1172 864 Hermesii
1212 807 1546 887 systematis
1586 808 1795 867 vitium
1829 809 2219 870 constituunt.

256 1072 389 1103 smus
406 1057 672 1120 qeneratim
688 1094 704 1119 ,
728 1058 834 1108 ideo
862 1076 1029 1108 verum
1054 1062 1148 1121 cit,
1176 1063 1295 1126 qaia
1378 1062 1687 1109 instituuntur
1712 1062 2022 1126 grammaticae
2037 1098 2052 1123 ,
2079 1064 2277 1124 criticae,
2300 1065 2407 1131 phi-

257 1140 314 1186 in
341 1154 394 1186 eo
421 1142 533 1187 nati
559 1156 731 1189 samus
746 1159 766 1203 ;
794 1149 840 1189 et
865 1142 994 1207 quod
1011 1159 1100 1192 noo
1127 1152 1290 1191 sancte

254 1230 301 1270 et
325 1223 464 1287 juste
507 1222 645 1290 apud
683 1227 1028 1275 conscientiam
1074 1235 1288 1275 nostram

255 1322 454 1370 aqemno
481 1308 530 1354 ci
552 1323 640 1355 noc
669 1306 735 1356 ad
760 1307 887 1357 illud
918 1310 1153 1378 (systema
1179 1309 1292 1359 reli-

255 1387 435 1453 gionis)
455 1392 831 1447 converterimus}
849 1428 867 1454 ,
899 1410 992 1457 quo
1018 1395 1147 1456 ratio
1173 1410 1286 1442 noc-

254 1480 330 1520 tra
372 1488 461 1520 nos
508 1473 683 1538 ducet,
729 1476 849 1540 quia
892 1477 986 1525 ista
1027 1485 1096 1524 est
1135 1481 1288 1525 unica

252 1571 454 1617 norma,
479 1573 626 1621 qaam
657 1566 828 1606 auctor
853 1561 1008 1606 nostri
1033 1576 1131 1607 ease
1150 1559 1288 1607 nobie

251 1653 283 1686 a
325 1639 585 1687 nativitate
625 1640 899 1706 impertitus
942 1650 1012 1688 est
1049 1646 1108 1689 in
1141 1640 1288 1707 hujus

250 1722 367 1769 vitoe
408 1737 589 1782 curm,
637 1738 749 1770 cum
793 1722 1058 1772 dictamine
1093 1722 1188 1772 alte
1229 1725 1287 1772 in

250 1802 391 1851 corde
408 1812 571 1852 nostro
580 1803 914 1870 proclamante
924 1841 941 1867 ,
961 1822 1069 1853 eam
1085 1823 1289 1871 sequen-

250 1885 367 1934 dam
397 1903 526 1946 esse,
559 1886 857 1952 ubicumque·
870 1886 956 1936 illa
982 1887 1176 1936 demum
1198 1904 1286 1936 noe

251 1967 424 2016 ducere
440 1952 635 2034 possit?
636 1967 673 2016 I
673 1969 712 2016 I
712 2007 721 2017 .
745 1969 849 2018 Nos
875 1969 1099 2019 debemus
1114 1973 1288 2037 parati

251 2067 350 2100 eece
377 2050 631 2099 oraculum
654 2053 864 2100 rationis
886 2054 1046 2118 sequi,
1062 2054 1170 2101 eine
1189 2052 1286 2102 ullo

248 2145 466 2201 respectu
479 2134 547 2185 ad
560 2134 754 2184 modum
770 2174 783 2198 ‚
811 2153 903 2201 quo
934 2135 1019 2185 illa
1042 2154 1091 2185 se
1112 2136 1286 2186 habeat

247 2235 361 2268 cam
386 2220 623 2269 doctrinis
642 2219 917 2287 theoloqicic
939 2231 1025 2270 ant
1043 2220 1285 2287 reliyiocie

247 2301 480 2351 hactenus
516 2306 777 2354 retentis...
804 2306 925 2369 qnia
949 2321 1085 2354 secas
1105 2321 1283 2371 pecca-

247 2401 412 2434 remus
431 2387 488 2433 in
506 2387 743 2435 rationem
760 2395 978 2436 nostram
986 2424 1003 2449 ‚
1022 2383 1284 2453 etproinde

247 2469 307 2517 in
333 2467 475 2517 illum
490 2506 506 2531 ‚
539 2471 628 2535 qui
651 2487 757 2519 eam
790 2470 934 2519 nobie
961 2470 1123 2528 dedit,
1156 2480 1202 2518 et
1230 2470 1285 2518 id

246 2551 443 2617 quidem
478 2553 536 2600 in
570 2570 628 2601 ea
672 2570 725 2601 re
766 2569 827 2602 ea
862 2570 960 2618 qua
994 2553 1119 2622 forte
1149 2552 1282 2602 salus

246 2643 412 2683 nostra
439 2635 653 2701 pendere
690 2636 877 2685 deberet
911 2639 966 2685 in
998 2645 1207 2704 tempore
1237 2646 1282 2686 et

249 2720 555 2781 aeternitate,
593 2738 698 2786 pag.
734 2720 829 2781 30,
859 2719 940 2768 31.
963 2719 1148 2770 Suntne
1168 2721 1281 2770 tales

246 2820 448 2853 canones
476 2805 717 2854 catholicis
737 2807 969 2874 theologis
997 2817 1077 2855 aut
1101 2806 1282 2856 theolo-

248 2889 336 2952 giae
378 2888 618 2937 catholicae
661 2889 868 2938 alumnis
910 2889 1236 2955 praescribendi
1261 2924 1277 2948 ‚

246 2970 382 3036 quasi
419 2989 588 3037 nempe
627 2989 683 3021 ex
718 2972 933 3020 rationali
976 2970 1274 3021 demonstra·

247 3055 377 3101 tione
398 3056 683 3104 instituenda
709 3056 997 3121 pendentem
1021 3057 1173 3105 facere
1195 3057 1279 3106 de-

247 3136 412 3187 berent
447 3140 521 3188 vel
552 3143 943 3206 perseverantiam
974 3141 1084 3189 fidei
1119 3142 1169 3189 in
1204 3159 1279 3190 ca·-

250 3220 512 3270 1holicismo
544 3261 557 3282 ‚
607 3223 683 3272 vel
721 3227 821 3290 ejus
860 3219 1279 3289 repudiationem?

250 3302 336 3351 ΙΙΙ.
363 3303 518 3368 Quare
547 3305 811 3355 Hermesius
845 3309 896 3355 in
927 3323 1009 3356 sua
1035 3305 1276 3355 methodo·
1315 3358 1317 3360 .

245 3384 405 3450 Ιορὶα,
425 3391 657 3452 praemissa
688 3389 745 3437 ad
776 3406 792 3436 1
825 3400 945 3453 part.
966 3387 1278 3454 Doqmaticoe

247 3485 345 3517 suae
364 3506 377 3529 ,
415 3471 675 3534 praescribit
714 3480 762 3519 1⁰
792 3470 1000 3538 Quodvis
1033 3473 1202 3537 dogma
1225 3482 1279 3521 ut

239 3551 491 3618 problema
522 3555 828 3618 spectandum
861 3571 977 3605 esse.
1018 3564 1072 3603 2⁰
1096 3555 1276 3621 Quaeri-

249 3646 327 3683 tur
350 3638 470 3685 circa
499 3636 640 3696 illud,
674 3639 788 3703 quid
810 3637 1012 3687 habeant
1038 3639 1278 3705 theologiae

247 3718 417 3770 fontes,
455 3719 510 3768 3⁰
542 3718 676 3770 Circa
706 3738 893 3771 sensum
927 3724 1155 3788 cujusque
1186 3721 1277 3771 loci

1372 1144 1620 1209 losophicae
1650 1146 1974 1210 inquisitiones
1984 1181 1998 1206 ,
2031 1155 2118 1194 etc.
2161 1145 2262 1195 Hoc
2291 1163 2406 1213 prae-

1373 1230 1481 1275 stito
1522 1229 1642 1276 circa
1667 1226 1794 1276 locos
1837 1243 2028 1290 omnes,
2059 1225 2233 1277 debent
2266 1229 2405 1278 simul

1371 1310 1573 1358 conferri
1610 1320 1656 1359 et
1691 1310 1847 1359 videre
1871 1349 1885 1370 ‚
1935 1328 2053 1359 num
2096 1328 2194 1360 sese
2240 1324 2403 1361 mutuo

1371 1391 1584 1440 fulciant.
1616 1390 1698 1440 Ac
1723 1399 1839 1440 tunc
1867 1390 2059 1440 demum
2092 1391 2224 1440 debet
2252 1394 2403 1442 inter-

1370 1476 1536 1539 roqari
1563 1479 1717 1536 ratio,
1749 1475 1872 1539 qaid
1892 1477 2002 1539 ipsa
2021 1482 2132 1540 post
2152 1474 2240 1523 hoc
2264 1492 2402 1524 omne

1368 1558 1563 1620 exigat,
1600 1565 1655 1603 ut
1699 1556 1990 1604 admittatur
2038 1562 2283 1622 tamquam
2320 1557 2402 1605 do-

1367 1635 1530 1686 ctrina
1570 1637 1706 1686 Jesu.
1739 1641 1845 1687 Ista
1890 1646 1959 1686 est
1993 1637 2217 1687 doctrina
2247 1641 2400 1687 unica

1368 1720 1592 1769 historice
1606 1737 1737 1771 vera.
1751 1717 1793 1768 S
1795 1722 1816 1766 i
1830 1721 1959 1768 ratio
1974 1736 2072 1768 non
2090 1721 2241 1785 exiqit
2257 1721 2398 1785 quid-

1367 1819 1513 1867 quam
1555 1801 1807 1851 admittere
1850 1804 1928 1850 nti
1967 1802 2240 1850 doctrinam
2278 1801 2399 1852 Jccu

1368 1878 1595 1934 historice
1626 1901 1788 1933 veram
1805 1919 1822 1944 ,
1869 1891 1986 1932 tanc
2028 1884 2252 1933 doctrina
2279 1901 2399 1951 pro-

1367 1969 1617 2018 blematice
1641 1970 1702 2018 ab
1728 1970 1877 2017 initio
1904 1970 2222 2035 proposita...
2238 1970 2401 2018 conci-

1367 2053 1442 2102 dit
1460 2070 1555 2121 per
1580 2071 1659 2110 se,
1689 2051 1840 2101 veluti
1865 2051 2057 2117 aliquid
2080 2052 2138 2100 de
2158 2069 2250 2118 qno
2266 2069 2398 2101 reve-

1366 2136 1483 2186 latio
1525 2136 1602 2184 nil
1646 2132 1892 2197 decernit,
1944 2143 2081 2183 extra
2114 2130 2398 2201 theoloqiam

1365 2219 1621 2287 specialem
1653 2218 1835 2268 Christ.
1879 2215 2248 2267 Catholicam...
2271 2217 2398 2266 Poc-

1366 2312 1442 2353 tea
1473 2320 1583 2352 vero
1598 2303 1646 2350 si
1658 2301 1883 2351 doctrina
1895 2299 1936 2349 J
1932 2317 2016 2349 esa
2030 2299 2255 2349 historice
2269 2308 2398 2348 certa

1366 2388 1459 2448 eit,
1479 2384 1902 2452 quaeriturdeejm
1926 2386 2120 2431 interna
2145 2387 2395 2434 veritate...

1365 2472 1450 2521 sed
1473 2481 1699 2532 eatenus,
1730 2477 1969 2535 quatenus
1988 2467 2106 2517 aliis
2141 2469 2284 2516 certio
2318 2483 2397 2516 co-

1362 2554 1669 2622 qnitionibac
1714 2554 1923 2601 rationis
1961 2549 2262 2600 contradicat
2307 2565 2394 2598 noc

1364 2637 1584 2687 ne.'ibid.
1610 2655 1715 2702 pag.
1755 2634 1865 2686 135.

1437 2724 1503 2789 (l)
1539 2721 1676 2770 Hanc
1710 2723 1849 2769 etiam
1888 2720 2149 2768 doctrinam
2188 2718 2395 2766 insinuat

1363 2806 1632 2856 Hermes-ius
1663 2807 1731 2854 uti
1763 2806 1813 2852 in
1850 2814 1958 2851 nota
1995 2801 2314 2868 praecedente;
2347 2808 2394 2848 ot

1364 2891 1443 2939 hic
1469 2888 1659 2938 duobus.
1682 2886 1795 2935 locis
1829 2903 1882 2934 ex
1920 2902 1974 2933 eo
2003 2884 2288 2949 depromptis
2310 2880 2391 2928 fir-

1364 2987 1568 3019 mamus,
1604 2976 1652 3016 1⁰
1683 2966 1738 3015 In
1764 2983 1817 3014 111
1849 2976 1978 3032 parte
2001 2964 2183 3028 Doqm.
2217 2959 2388 3009 christ.

1361 3054 1488 3105 cath·
1516 3070 1619 3119 pag.
1666 3047 1783 3113 141,
1811 3056 2057 3117 postquam
2085 3047 2182 3110 ipse
2208 3063 2263 3094 ex
2288 3061 2389 3092 om-

1363 3140 1504 3188 nibus
1557 3135 1866 3202 cognoscendi
1917 3131 2122 3181 fontibus
2178 3128 2392 3177 revelatis

1364 3222 1654 3271 existentiam
1686 3219 1870 3284 ‘peccati
1904 3212 2135 3278 originalis
2167 3209 2393 3277 complete

1364 3302 1762 3352 demonstraverit
1789 3300 1883 3363 (sic
1906 3296 2033 3362 ipse)
2060 3313 2115 3343 ac
2142 3297 2277 3361 juxta
2298 3308 2391 3358 po-

1362 3387 1565 3435 sitivam
1583 3384 1855 3432 doctrinam
1871 3379 2134 3428 christianoe
2150 3376 2390 3425 catholicae

1365 3470 1605 3535 theologice
1626 3469 1730 3515 satis
1755 3463 2020 3530 probaverit
2042 3496 2056 3524 ‚
2087 3460 2302 3509 nondum
2323 3469 2391 3507 ta-

1363 3570 1472 3602 men
1501 3568 1605 3601 eam
1634 3549 1776 3613 firme
1794 3554 2027 3594 etatulam
2048 3561 2147 3593 esse
2163 3542 2388 3598 declarat,

1360 3636 1539 3702 qnippe
1567 3632 1812 3680 nescimus
1827 3666 1843 3691 ‚
1881 3640 2039 3678 utrum
2068 3623 2395 3675 demonstrari

1353 3721 1516 3785 ponit
1539 3713 1638 3765 ulla
1654 3712 1976 3763 contradictio
2000 3710 2147 3776 hajuo
2165 3706 2396 3758 doctrinm
