2502 4134
435 165 597 201 PART.
642 165 706 203 11.
751 165 874 202 off.
912 164 997 202 111.
1033 167 1100 202 nr„
1128 164 1283 203 sAcR.
1326 164 1611 204 semmua.
1654 164 1841 204 INTER.
2075 146 2203 204 117·

95 305 253 364 illam
294 304 473 363 solam
522 325 686 385 posse
733 304 1116 384 dogmaticam
1166 305 1593 386 Scripturarum
1643 305 2190 388 interpretationem

91 400 343 479 legitime
391 400 580 459 edere.

173 493 305 552 177.
352 494 417 551 40
456 495 580 552 Hoc
623 493 861 553 demum
900 496 1096 576 ipsum
1139 493 1441 553 conficitur
1485 514 1555 552 ex
1603 505 1882 575 perpetua
1933 495 2192 572 ejusdem

91 587 343 647 Ecclesiae
370 589 554 669 praxi.
590 590 695 646 Vix
724 590 880 647 enim
916 600 1114 648 exorta
1150 587 1462 670 aliquando
1495 589 1884 648 controversia
1927 600 2015 647 est
2045 590 2190 649 circa

87 704 428 762 germanum
459 684 767 763 Scripturae
811 705 1045 743 sensum
1075 729 1091 758 ,
1124 684 1223 764 qui
1256 683 1390 742 fidei
1418 682 1750 763 depositum
1787 685 2192 763 quoquomodo

86 778 397 856 attingeret
415 823 431 841 ..
456 777 598 835 dum
626 778 870 837 Ecclesia
895 779 1046 838 illico
1066 800 1230 837 suam
1253 767 1523 859 apposuit
1551 777 2094 857 interpretationem
2118 778 2193 837 ad

87 893 215 930 eam
248 871 656 931 dirimendam.
698 873 781 931 Ita
810 894 870 931 se
910 874 1085 954 gessit
1119 894 1251 931 cum
1292 872 1555 949 Boeotis,
1599 871 1698 951 qui
1728 892 1827 942 ea,
1881 891 2010 950 quae
2043 873 2193 935 Senz-

86 976 262 1046 ptura
294 966 366 1025 de
405 987 539 1027 vera
578 965 752 1025 Verbi
788 967 1184 1025 incarnatione
1208 987 1273 1025 ac
1287 965 1433 1024 reali⁴
1467 986 1673 1041 carne,
1711 965 1977 1046 passione
2011 987 2075 1023 ac
2104 988 2193 1026 re·

85 1062 436 1120 surrectione
465 1058 1252 1140 habet,.interpretabantur
1284 1058 1361 1116 de
1386 1059 1790 1117 incarnatione
1834 1059 2031 1118 fictitia
2054 1105 2070 1133 7
2111 1060 2184 1120 de

85 1175 254 1214 carne
284 1152 578 1212 umbratili
610 1163 670 1211 et
709 1164 1030 1232 apparente
1050 1197 1065 1225 ,
1121 1152 1195 1211 de
1237 1163 1558 1234 apparente
1595 1163 1782 1211 morte
1822 1173 1887 1210 ac
1926 1174 2184 1214 resurre-

84 1250 272 1307 ctione
292 1292 309 1322 ,
346 1246 543 1305 turbas
571 1244 959 1327 undequaque
972 1247 1227 1306 cientes,
1251 1246 1495 1306 Ecclesia
1532 1268 1671 1307 vero
1694 1246 1900 1306 eadem
1922 1251 2185 1328 exposuit

82 1343 156 1402 de
185 1342 275 1401 rei*
303 1341 574 1416 veritate,
610 1340 858 1422 illosque
883 1352 1237 1426 veteratores
1281 1340 1654 1400 anathemate
1682 1343 1977 1422 protrivit.
2011 1346 2097 1401 Ita
2124 1365 2186 1403 se

78 1436 248 1515 gessit
275 1456 407 1494 cum
441 1435 861 1510 CerinthianiS,
902 1437 1001 1516 qui
1040 1457 1245 1496 verum
1273 1457 1511 1495 sensum
1551 1435 1929 1518 invertebant
1952 1424 2186 1497 illorum

78 1531 387 1614 Scripturae
416 1531 674 1590 locorum
693 1576 709 1606 ,
750 1532 812 1590 in
843 1531 1052 1612 quibus
1087 1553 1220 1592 vera
1255 1532 1465 1591 Christi
1494 1532 1768 1593 divinitas
1808 1533 2177 1613 praedicatur.

79 1629 162 1686 Ita
206 1649 338 1686 cum
380 1627 663 1686 G-nosticis
685 1673 700 1701 ,
745 1628 1108 1702 ManichaeiS‚
1152 1627 1527 1705 SabellianiS,
1569 1629 1794 1688 Arianis
1817 1675 1832 1703 7
1882 1627 2185 1688 omnibus-

78 1743 188 1803 que
212 1723 310 1803 qui
336 1721 624 1781 subsecuti
652 1733 791 1779 sunt
818 1721 1217 1782 novatoribus,
1242 1724 1460 1797 Quare,
1492 1723 1601 1782 nisi
1629 1744 1880 1782 asserere
1902 1723 2180 1797 velimu3.,

78 1827 176 1875 aut
190 1817 503 1876 Ecclesiam
519 1816 879 1896 illegitimam
903 1817 1011 1875 sibi
1036 1839 1344 1899 usurpasse
1369 1819 1804 1890 auctoritatem,
1829 1829 1928 1875 aut
1947 1816 2183 1876 Lutheri

77 1923 530 1994 caeterorumque
556 1914 1010 1971 protestantium
1040 1925 1208 1973 aetate
1240 1914 1427 1994 ipsam
1451 1913 1523 1971 ab
1551 1913 1650 1971 illa
1670 1914 1843 1993 plane
1868 1913 2144 1972 excidisse
2161 1957 2176 1986 ‚

75 2007 375 2067 fatendum
415 2019 539 2081 est,
578 2007 728 2064 facto
761 2008 886 2088 ipso
908 2029 1131 2089 usuque
1162 2019 1447 2089 perpetuo
1483 2008 1789 2066 Ecclesiam
1831 2006 2181 2079 ostendisse,

77 2100 183 2159 sibi
216 2102 321 2160 soli
361 2113 688 2183 competere
724 2100 1057 2161 facultatem
1098 2102 1430 2182 dogmaticae
1474 2101 1712 2161 edendae
1753 2101 2182 2182 Scripturarum

76 2195 586 2293 interpretationis,

160 2289 294 2347 178.
344 2290 449 2348 Hic
477 2311 614 2350 vero
644 2292 833 2351 omitti
863 2293 1071 2373 nequit
1098 2294 1294 2371 magni
1323 2292 1606 2350 momenti
1645 2291 2070 2350 animadversio
2106 2312 2178 2349 ex

83 2404 150 2442 eo
189 2383 396 2461 agendi
435 2384 610 2443 modo
641 2386 821 2466 petita
843 2431 859 2459 ,
903 2408 1079 2466 quem
1111 2387 1315 2465 quovis
1358 2397 1622 2465 tempore
1651 2393 1966 2443 tenuerunt
2002 2405 2180 2443 nova-

74 2488 225 2536 tores
246 2523 260 2552 ,
302 2490 361 2536 et
402 2501 516 2559 quo
559 2481 797 2538 assertio
836 2490 1030 2537 nostra
1063 2480 1304 2538 mirifice
1335 2481 1730 2536 confirmatur.
1763 2478 1995 2551 Quoties
2021 2478 2180 2536 enim

73 2583 265 2631 actu-m
288 2585 375 2632 est
397 2574 492 2633 vel
524 2574 596 2633 de
625 2574 910 2633 haereticis
946 2573 1057 2632 sibi
1086 2573 1472 2633 anterioribus
1499 2572 1592 2632 vel
1623 2572 1694 2631 de
1727 2570 2040 2630 haeresibus
2064 2592 2179 2630 suae

74 2667 556 2742 contradictoriis,
591 2670 760 2727 toties
801 2666 1056 2727 libenter
1093 2678 1454 2746 agnoverunt
1491 2677 1830 2739 novatores»,
1876 2664 2182 2725 Ecclesiam

74 2784 192 2822 esse
221 2762 547 2842 legitimum
577 2763 1003 2842 Scripturarum
1033 2763 1446 2843 interpretem3
1483 2773 1622 2818 tunc
1656 2781 1791 2819 vero
1827 2758 2015 2818 solum
2055 2762 2179 2837 ejus

74 2858 472 2916 auctoritatem
499 2868 872 2931 recusarunt,
899 2878 1031 2915 cum
1061 2877 1190 2915 eam
1213 2855 1507 2916 erroribus
1539 2855 1655 2913 suis
1675 2875 1777 2913 seu
1796 2855 2038 2936 privatae
2061 2875 2179 2914 suae

72 2951 538 3034 interpretationi
571 2951 975 3014 adversantem
1003 2952 1226 3032 experti
1251 2960 1407 3009 sunt.
1439 2951 1528 3009 Sic
1564 2970 1654 3008 ex.
1684 2969 1772 3029 gr.
1800 2948 1998 3007 Ariani
2037 2958 2180 3005 tan—

75 3067 248 3127 quam
284 3047 667 3106 rectissimum
711 3045 1034 3126 probavere
1064 3044 1373 3123 judicium,
1418 3043 1575 3125 quod
1615 3042 1861 3104 Ecclesia
1898 3042 2032 3101 tulit
2071 3042 2180 3102 ad·-

74 3161 270 3200 versus
294 3153 670 3222 praeposteras
687 3139 1100 3200 Gnosticorum
1120 3151 1179 3199 et
1194 3139 1654 3201 Sabellianorum
1672 3139 1980 3217 Scripturae
1997 3137 2174 3196 inter-

77 3237 464 3314 pretationes3
527 3237 853 3296 Nestoriani
916 3257 1103 3317 prono
1157 3235 1354 3293 animo
1419 3232 1671 3315 amplexi
1729 3245 1868 3291 sunt
1924 3231 2183 3291 Ecclesiae

78 3331 423 3390 sententiam
441 3332 502 3389 in
522 3332 760 3390 Arianos
783 3330 1102 3413 prolatam3
1129 3329 1420 3410 Pelagiani
1443 3340 1568 3387 rata
1590 3327 1782 3386 omnia
1807 3325 2139 3385 habuerunt
2160 3369 2178 3399 ,

78 3441 444 3507 quaecumque
475 3439 675 3487 contra
703 3427 1070 3487 Nestorianos
1108 3437 1281 3507 atque
1319 3423 1703 3506 Eutychianos
1748 3424 2031 3482 sanxisset
2071 3423 2179 3479 Ec-

78 3514 283 3589 clesia3
329 3519 718 3582 Protestantes
771 3521 1022 3604 denique
1072 3521 1211 3578 fassi
1263 3530 1400 3579 sunt
1428 3565 1444 3594 ,
1501 3517 1807 3578 Ecclesiam
1861 3508 2184 3597 legitimum

86 3610 509 3691 Scripturarum
528 3637 762 3678 sensum
784 3617 1121 3698 opposuisse
1150 3614 1466 3675 arbitrariae
1495 3613 1729 3675 illorum
1756 3612 2019 3672 omnium
2056 3609 2175 3668 hae-
