<?xml version="1.0" encoding="UTF-8"?>
<!DOCTYPE html PUBLIC "-//W3C//DTD XHTML 1.0 Transitional//EN"
    "http://www.w3.org/TR/xhtml1/DTD/xhtml1-transitional.dtd">
<html xmlns="http://www.w3.org/1999/xhtml" xml:lang="en" lang="en">
 <head>
  <title>
</title>
<meta http-equiv="Content-Type" content="text/html;charset=utf-8" />
  <meta name='ocr-system' content='tesseract 3.04.00' />
  <meta name='ocr-capabilities' content='ocr_page ocr_carea ocr_par ocr_line ocrx_word'/>
</head>
<body>
  <div class='ocr_page' id='page_1' title='image "a603693809perruoft_0548.png"; bbox 0 0 2502 4134; ppageno 0'>
   <div class='ocr_carea' id='block_1_1' title="bbox 260 149 381 209">
    <p class='ocr_par' dir='ltr' id='par_1_1' title="bbox 260 149 381 209">
     <span class='ocr_line' id='line_1_1' title="bbox 260 149 381 209; baseline 0.008 -1"><span class='ocrx_word' id='word_1_1' title='bbox 260 149 381 209; x_wconf 79' lang='lat'>540</span> 
     </span>
    </p>
   </div>
   <div class='ocr_carea' id='block_1_2' title="bbox 890 174 1803 222">
    <p class='ocr_par' dir='ltr' id='par_1_2' title="bbox 890 174 1803 222">
     <span class='ocr_line' id='line_1_2' title="bbox 890 174 1803 222; baseline 0.007 -9"><span class='ocrx_word' id='word_1_2' title='bbox 890 174 1090 213; x_wconf 72' lang='lat' dir='ltr'>TRACT.</span> <span class='ocrx_word' id='word_1_3' title='bbox 1129 177 1199 214; x_wconf 75' lang='grc' dir='ltr'>ΒΕ</span> <span class='ocrx_word' id='word_1_4' title='bbox 1229 176 1385 216; x_wconf 71' lang='lat' dir='ltr'>zoms</span> <span class='ocrx_word' id='word_1_5' title='bbox 1426 179 1803 222; x_wconf 68' lang='lat' dir='ltr'>TRROLOGIGIS.</span> 
     </span>
    </p>
   </div>
   <div class='ocr_carea' id='block_1_3' title="bbox 260 317 2420 2132">
    <p class='ocr_par' dir='ltr' id='par_1_3' title="bbox 260 317 2420 2132">
     <span class='ocr_line' id='line_1_3' title="bbox 262 317 2407 405; baseline 0.006 -29"><span class='ocrx_word' id='word_1_6' title='bbox 262 327 423 376; x_wconf 86' lang='lat' dir='ltr'>mata</span> <span class='ocrx_word' id='word_1_7' title='bbox 449 317 576 398; x_wconf 90' lang='lat' dir='ltr'>ipsa</span> <span class='ocrx_word' id='word_1_8' title='bbox 594 361 611 390; x_wconf 80' lang='grc'><em>,</em></span> <span class='ocrx_word' id='word_1_9' title='bbox 659 318 779 376; x_wconf 90' lang='lat' dir='ltr'>imo</span> <span class='ocrx_word' id='word_1_10' title='bbox 807 327 868 377; x_wconf 92' lang='lat' dir='ltr'>et</span> <span class='ocrx_word' id='word_1_11' title='bbox 904 319 1180 398; x_wconf 82' lang='lat' dir='ltr'>Mysteria</span> <span class='ocrx_word' id='word_1_12' title='bbox 1212 319 1478 401; x_wconf 84' lang='lat' dir='ltr'>planiora</span> <span class='ocrx_word' id='word_1_13' title='bbox 1516 322 1920 405; x_wconf 61' lang='lat' dir='ltr'>intelligentiae</span> <span class='ocrx_word' id='word_1_14' title='bbox 1945 339 2162 389; x_wconf 81' lang='lat' dir='ltr'>nostrae</span> <span class='ocrx_word' id='word_1_15' title='bbox 2184 349 2248 388; x_wconf 89' lang='lat' dir='ltr'>ac</span> <span class='ocrx_word' id='word_1_16' title='bbox 2269 350 2407 389; x_wconf 84' lang='lat' dir='ltr'>sua-</span> 
     </span>
     <span class='ocr_line' id='line_1_4' title="bbox 263 411 2406 507; baseline 0.007 -35"><span class='ocrx_word' id='word_1_17' title='bbox 263 411 454 472; x_wconf 85' lang='lat' dir='ltr'>sibilia</span> <span class='ocrx_word' id='word_1_18' title='bbox 490 411 603 494; x_wconf 89' lang='lat' dir='ltr'>ipsi</span> <span class='ocrx_word' id='word_1_19' title='bbox 629 412 843 472; x_wconf 88' lang='lat' dir='ltr'>rationi</span> <span class='ocrx_word' id='word_1_20' title='bbox 882 413 1204 474; x_wconf 87' lang='lat' dir='ltr'>efficerent.</span> <span class='ocrx_word' id='word_1_21' title='bbox 1250 416 1423 476; x_wconf 85' lang='lat' dir='ltr'><strong>Haud</strong></span> <span class='ocrx_word' id='word_1_22' title='bbox 1458 417 1892 494; x_wconf 74' lang='lat' dir='ltr'><strong>detrectarunt,</strong></span> <span class='ocrx_word' id='word_1_23' title='bbox 1940 414 2084 481; x_wconf 56' lang='lat' dir='ltr'>cum‘</span> <span class='ocrx_word' id='word_1_24' title='bbox 2106 421 2406 507; x_wconf 73' lang='lat' dir='ltr'>opusfuit,</span> 
     </span>
     <span class='ocr_line' id='line_1_5' title="bbox 263 506 2406 597; baseline 0.007 -29"><span class='ocrx_word' id='word_1_25' title='bbox 263 509 328 568; x_wconf 90' lang='lat' dir='ltr'>in</span> <span class='ocrx_word' id='word_1_26' title='bbox 366 529 536 566; x_wconf 90' lang='lat' dir='ltr'>usum</span> <span class='ocrx_word' id='word_1_27' title='bbox 572 506 891 570; x_wconf 81' lang='lat' dir='ltr'>adsciscere</span> <span class='ocrx_word' id='word_1_28' title='bbox 916 509 1355 592; x_wconf 82' lang='lat' dir='ltr'>philosophiam</span> <span class='ocrx_word' id='word_1_29' title='bbox 1377 558 1393 586; x_wconf 70' lang='grc'><em>,</em></span> <span class='ocrx_word' id='word_1_30' title='bbox 1425 512 1518 571; x_wconf 90' lang='lat' dir='ltr'>cui</span> <span class='ocrx_word' id='word_1_31' title='bbox 1552 514 1929 595; x_wconf 91' lang='lat' dir='ltr'>potissimum</span> <span class='ocrx_word' id='word_1_32' title='bbox 1955 515 2171 579; x_wconf 77' lang='lat' dir='ltr'>addicti</span> <span class='ocrx_word' id='word_1_33' title='bbox 2201 533 2406 597; x_wconf 78' lang='lat' dir='ltr'>erant,</span> 
     </span>
     <span class='ocr_line' id='line_1_6' title="bbox 260 602 2409 697; baseline 0.007 -36"><span class='ocrx_word' id='word_1_34' title='bbox 260 602 338 661; x_wconf 86' lang='lat' dir='ltr'>ad</span> <span class='ocrx_word' id='word_1_35' title='bbox 379 602 775 664; x_wconf 88' lang='lat' dir='ltr'>enucleandos</span> <span class='ocrx_word' id='word_1_36' title='bbox 817 605 1298 688; x_wconf 88' lang='lat' dir='ltr'>evolvendosque</span> <span class='ocrx_word' id='word_1_37' title='bbox 1327 608 1595 690; x_wconf 89' lang='lat' dir='ltr'>proprios</span> <span class='ocrx_word' id='word_1_38' title='bbox 1625 602 1942 691; x_wconf 86' lang='lat' dir='ltr'>conceptus</span> <span class='ocrx_word' id='word_1_39' title='bbox 1971 610 2134 670; x_wconf 81' lang='lat' dir='ltr'>circa&#39;</span> <span class='ocrx_word' id='word_1_40' title='bbox 2152 615 2409 697; x_wconf 88' lang='lat' dir='ltr'>singulos</span> 
     </span>
     <span class='ocr_line' id='line_1_7' title="bbox 260 698 2411 789; baseline 0.006 -31"><span class='ocrx_word' id='word_1_41' title='bbox 260 698 398 758; x_wconf 90' lang='lat' dir='ltr'>fidei</span> <span class='ocrx_word' id='word_1_42' title='bbox 437 699 742 775; x_wconf 74' lang='lat' dir='ltr'>articuloS‚</span> <span class='ocrx_word' id='word_1_43' title='bbox 801 721 1125 784; x_wconf 91' lang='lat' dir='ltr'>eorumque</span> <span class='ocrx_word' id='word_1_44' title='bbox 1189 725 1410 763; x_wconf 81' lang='lat' dir='ltr'>nexum</span> <span class='ocrx_word' id='word_1_45' title='bbox 1456 716 1516 764; x_wconf 93' lang='lat' dir='ltr'>et</span> <span class='ocrx_word' id='word_1_46' title='bbox 1575 704 2041 787; x_wconf 84' lang='lat' dir='ltr'>complexionem</span> <span class='ocrx_word' id='word_1_47' title='bbox 2093 707 2206 789; x_wconf 91' lang='lat'>(1).</span> <span class='ocrx_word' id='word_1_48' title='bbox 2260 712 2411 772; x_wconf 88' lang='lat' dir='ltr'>Hinc</span> 
     </span>
     <span class='ocr_line' id='line_1_8' title="bbox 262 794 2411 883; baseline 0.005 -28"><span class='ocrx_word' id='word_1_49' title='bbox 262 794 544 855; x_wconf 86' lang='lat' dir='ltr'>sublimes</span> <span class='ocrx_word' id='word_1_50' title='bbox 581 795 694 856; x_wconf 82' lang='lat' dir='ltr'>illae</span> <span class='ocrx_word' id='word_1_51' title='bbox 731 796 973 857; x_wconf 87' lang='lat' dir='ltr'>theoriae</span> <span class='ocrx_word' id='word_1_52' title='bbox 995 844 1010 872; x_wconf 69' lang='lat'><strong>⁷</strong></span> <span class='ocrx_word' id='word_1_53' title='bbox 1055 821 1199 880; x_wconf 89' lang='lat' dir='ltr'>quas</span> <span class='ocrx_word' id='word_1_54' title='bbox 1230 800 1294 859; x_wconf 92' lang='lat' dir='ltr'>in</span> <span class='ocrx_word' id='word_1_55' title='bbox 1341 821 1547 859; x_wconf 89' lang='lat' dir='ltr'>eorum</span> <span class='ocrx_word' id='word_1_56' title='bbox 1588 801 1818 883; x_wconf 85' lang='lat' dir='ltr'>scriptis</span> <span class='ocrx_word' id='word_1_57' title='bbox 1849 802 2198 883; x_wconf 87' lang='lat' dir='ltr'>suspicimus</span> <span class='ocrx_word' id='word_1_58' title='bbox 2221 849 2238 878; x_wconf 69' lang='grc'><em>,</em></span> <span class='ocrx_word' id='word_1_59' title='bbox 2264 798 2411 866; x_wconf 85' lang='lat' dir='ltr'>circa</span> 
     </span>
     <span class='ocr_line' id='line_1_9' title="bbox 261 891 2414 980; baseline 0.004 -30"><span class='ocrx_word' id='word_1_60' title='bbox 261 891 552 950; x_wconf 90' lang='lat' dir='ltr'>unitatem</span> <span class='ocrx_word' id='word_1_61' title='bbox 589 892 730 967; x_wconf 74' lang='lat' dir='ltr'>Dei,</span> <span class='ocrx_word' id='word_1_62' title='bbox 762 913 897 951; x_wconf 91' lang='lat' dir='ltr'>cum</span> <span class='ocrx_word' id='word_1_63' title='bbox 943 892 1344 976; x_wconf 86' lang='lat' dir='ltr'>disceptarent</span> <span class='ocrx_word' id='word_1_64' title='bbox 1384 895 1666 957; x_wconf 87' lang='lat' dir='ltr'>adversus</span> <span class='ocrx_word' id='word_1_65' title='bbox 1688 896 2075 980; x_wconf 83' lang='lat' dir='ltr'>polytheistas</span> <span class='ocrx_word' id='word_1_66' title='bbox 2107 899 2229 978; x_wconf 80' lang='lat'><strong>(2);</strong></span> <span class='ocrx_word' id='word_1_67' title='bbox 2267 899 2414 960; x_wconf 87' lang='lat' dir='ltr'>circa</span> 
     </span>
     <span class='ocr_line' id='line_1_10' title="bbox 260 986 2419 1077; baseline 0.003 -31"><span class='ocrx_word' id='word_1_68' title='bbox 260 986 403 1046; x_wconf 89' lang='lat' dir='ltr'>mali</span> <span class='ocrx_word' id='word_1_69' title='bbox 425 988 707 1067; x_wconf 80' lang='lat' dir='ltr'>originem</span> <span class='ocrx_word' id='word_1_70' title='bbox 736 1009 802 1048; x_wconf 89' lang='lat' dir='ltr'>ac</span> <span class='ocrx_word' id='word_1_71' title='bbox 839 991 1056 1047; x_wconf 89' lang='lat' dir='ltr'>summi</span> <span class='ocrx_word' id='word_1_72' title='bbox 1083 990 1359 1072; x_wconf 89' lang='lat' dir='ltr'>principii</span> <span class='ocrx_word' id='word_1_73' title='bbox 1384 991 1674 1051; x_wconf 88' lang='lat' dir='ltr'>unitatem</span> <span class='ocrx_word' id='word_1_74' title='bbox 1693 1037 1709 1066; x_wconf 61' lang='lat' dir='ltr'>a</span> <span class='ocrx_word' id='word_1_75' title='bbox 1746 992 2202 1077; x_wconf 83' lang='lat' dir='ltr'>libertatemque</span> <span class='ocrx_word' id='word_1_76' title='bbox 2221 993 2419 1054; x_wconf 88' lang='lat' dir='ltr'>homi·</span> 
     </span>
     <span class='ocr_line' id='line_1_11' title="bbox 260 1084 2420 1165; baseline 0.003 -23"><span class='ocrx_word' id='word_1_77' title='bbox 260 1084 354 1143; x_wconf 91' lang='lat' dir='ltr'>nis</span> <span class='ocrx_word' id='word_1_78' title='bbox 373 1130 388 1158; x_wconf 67' lang='grc'><em>,</em></span> <span class='ocrx_word' id='word_1_79' title='bbox 420 1106 554 1143; x_wconf 91' lang='lat' dir='ltr'>cum</span> <span class='ocrx_word' id='word_1_80' title='bbox 586 1085 961 1165; x_wconf 80' lang='lat' dir='ltr'>insurgerent</span> <span class='ocrx_word' id='word_1_81' title='bbox 993 1085 1274 1146; x_wconf 86' lang='lat' dir='ltr'>adversus</span> <span class='ocrx_word' id='word_1_82' title='bbox 1301 1087 1607 1146; x_wconf 89' lang='lat' dir='ltr'>Gnosticos</span> <span class='ocrx_word' id='word_1_83' title='bbox 1626 1133 1642 1162; x_wconf 73' lang='lat'>.,</span> <span class='ocrx_word' id='word_1_84' title='bbox 1677 1086 2115 1148; x_wconf 89' lang='lat' dir='ltr'>Valentinianos</span> <span class='ocrx_word' id='word_1_85' title='bbox 2135 1135 2151 1164; x_wconf 63' lang='lat' dir='ltr'>a</span> <span class='ocrx_word' id='word_1_86' title='bbox 2179 1090 2420 1149; x_wconf 88' lang='lat' dir='ltr'>Marcio-</span> 
     </span>
     <span class='ocr_line' id='line_1_12' title="bbox 271 1181 2418 1269; baseline 0.003 -29"><span class='ocrx_word' id='word_1_87' title='bbox 271 1182 463 1256; x_wconf 68' lang='lat' dir='ltr'>nitaS‚</span> <span class='ocrx_word' id='word_1_88' title='bbox 503 1181 854 1241; x_wconf 77' lang='lat' dir='ltr'>Manicliaeos</span> <span class='ocrx_word' id='word_1_89' title='bbox 886 1181 1007 1263; x_wconf 77' lang='lat'><strong>(3);</strong></span> <span class='ocrx_word' id='word_1_90' title='bbox 1054 1183 1202 1242; x_wconf 89' lang='lat' dir='ltr'>circa</span> <span class='ocrx_word' id='word_1_91' title='bbox 1241 1204 1441 1242; x_wconf 90' lang='lat' dir='ltr'>rerum</span> <span class='ocrx_word' id='word_1_92' title='bbox 1471 1205 1503 1243; x_wconf 92' lang='lat' dir='ltr'>e</span> <span class='ocrx_word' id='word_1_93' title='bbox 1543 1183 1732 1265; x_wconf 87' lang='lat' dir='ltr'>nihilo</span> <span class='ocrx_word' id='word_1_94' title='bbox 1770 1183 2143 1245; x_wconf 88' lang='lat' dir='ltr'>eductionem</span> <span class='ocrx_word' id='word_1_95' title='bbox 2178 1197 2238 1246; x_wconf 89' lang='lat' dir='ltr'>et</span> <span class='ocrx_word' id='word_1_96' title='bbox 2274 1208 2418 1269; x_wconf 91' lang='lat' dir='ltr'>pro-</span> 
     </span>
     <span class='ocr_line' id='line_1_13' title="bbox 260 1277 2414 1365; baseline 0.001 -26"><span class='ocrx_word' id='word_1_97' title='bbox 260 1277 591 1339; x_wconf 85' lang='lat' dir='ltr'>videntiam</span> <span class='ocrx_word' id='word_1_98' title='bbox 645 1278 787 1352; x_wconf 72' lang='lat' dir='ltr'>Dei,</span> <span class='ocrx_word' id='word_1_99' title='bbox 835 1299 967 1337; x_wconf 89' lang='lat' dir='ltr'>cum</span> <span class='ocrx_word' id='word_1_100' title='bbox 1018 1277 1381 1359; x_wconf 85' lang='lat' dir='ltr'>pantheistas</span> <span class='ocrx_word' id='word_1_101' title='bbox 1418 1291 1478 1340; x_wconf 93' lang='lat' dir='ltr'>et</span> <span class='ocrx_word' id='word_1_102' title='bbox 1525 1280 1735 1339; x_wconf 88' lang='lat' dir='ltr'>stoicos</span> <span class='ocrx_word' id='word_1_103' title='bbox 1781 1281 1870 1361; x_wconf 78' lang='lat'>(4)</span> <span class='ocrx_word' id='word_1_104' title='bbox 1909 1283 2414 1365; x_wconf 80' lang='lat' dir='ltr'>perstringerent3</span> 
     </span>
     <span class='ocr_line' id='line_1_14' title="bbox 260 1374 2419 1458; baseline 0.003 -25"><span class='ocrx_word' id='word_1_105' title='bbox 260 1374 421 1434; x_wconf 89' lang='lat' dir='ltr'>idem</span> <span class='ocrx_word' id='word_1_106' title='bbox 470 1375 563 1435; x_wconf 86' lang='lat' dir='ltr'>dic</span> <span class='ocrx_word' id='word_1_107' title='bbox 601 1374 675 1435; x_wconf 90' lang='lat' dir='ltr'>de</span> <span class='ocrx_word' id='word_1_108' title='bbox 719 1375 895 1436; x_wconf 85' lang='lat' dir='ltr'>Verbi</span> <span class='ocrx_word' id='word_1_109' title='bbox 930 1375 1117 1437; x_wconf 87' lang='lat' dir='ltr'>divini</span> <span class='ocrx_word' id='word_1_110' title='bbox 1156 1388 1375 1437; x_wconf 81' lang='lat' dir='ltr'>aeterna</span> <span class='ocrx_word' id='word_1_111' title='bbox 1406 1378 1818 1458; x_wconf 73' lang='lat' dir='ltr'>generatione,</span> <span class='ocrx_word' id='word_1_112' title='bbox 1865 1377 1940 1438; x_wconf 90' lang='lat' dir='ltr'>de</span> <span class='ocrx_word' id='word_1_113' title='bbox 1978 1379 2298 1454; x_wconf 73' lang='lat' dir='ltr'>Trinitate‚</span> <span class='ocrx_word' id='word_1_114' title='bbox 2345 1379 2419 1439; x_wconf 86' lang='lat' dir='ltr'>de</span> 
     </span>
     <span class='ocr_line' id='line_1_15' title="bbox 264 1472 2418 1554; baseline 0.002 -24"><span class='ocrx_word' id='word_1_115' title='bbox 264 1473 677 1532; x_wconf 87' lang='lat' dir='ltr'>Incarnatione</span> <span class='ocrx_word' id='word_1_116' title='bbox 698 1518 714 1547; x_wconf 64' lang='lat'>7</span> <span class='ocrx_word' id='word_1_117' title='bbox 750 1472 995 1554; x_wconf 82' lang='lat' dir='ltr'>aliisque</span> <span class='ocrx_word' id='word_1_118' title='bbox 1025 1473 1311 1552; x_wconf 89' lang='lat' dir='ltr'>ejusmodi</span> <span class='ocrx_word' id='word_1_119' title='bbox 1342 1474 1629 1553; x_wconf 78' lang='lat' dir='ltr'>Mysteriis</span> <span class='ocrx_word' id='word_1_120' title='bbox 1665 1474 1978 1553; x_wconf 89' lang='lat' dir='ltr'>Religionis</span> <span class='ocrx_word' id='word_1_121' title='bbox 2006 1487 2253 1548; x_wconf 87' lang='lat' dir='ltr'>nostrae,</span> <span class='ocrx_word' id='word_1_122' title='bbox 2283 1497 2418 1534; x_wconf 89' lang='lat' dir='ltr'>cum</span> 
     </span>
     <span class='ocr_line' id='line_1_16' title="bbox 264 1568 2414 1652; baseline 0.001 -24"><span class='ocrx_word' id='word_1_123' title='bbox 264 1570 478 1630; x_wconf 87' lang='lat' dir='ltr'>acriter</span> <span class='ocrx_word' id='word_1_124' title='bbox 504 1580 843 1651; x_wconf 88' lang='lat' dir='ltr'>pugnarent</span> <span class='ocrx_word' id='word_1_125' title='bbox 873 1568 1157 1627; x_wconf 86' lang='lat' dir='ltr'>adversus</span> <span class='ocrx_word' id='word_1_126' title='bbox 1185 1568 1532 1628; x_wconf 88' lang='lat' dir='ltr'>eorumdem</span> <span class='ocrx_word' id='word_1_127' title='bbox 1567 1590 1782 1628; x_wconf 78' lang='lat' dir='ltr'>osores,</span> <span class='ocrx_word' id='word_1_128' title='bbox 1818 1569 2029 1651; x_wconf 87' lang='lat' dir='ltr'>Ecquis</span> <span class='ocrx_word' id='word_1_129' title='bbox 2051 1571 2212 1629; x_wconf 91' lang='lat' dir='ltr'>enim</span> <span class='ocrx_word' id='word_1_130' title='bbox 2236 1591 2414 1652; x_wconf 88' lang='lat' dir='ltr'>opera</span> 
     </span>
     <span class='ocr_line' id='line_1_17' title="bbox 261 1661 2407 1747; baseline -0.001 -21"><span class='ocrx_word' id='word_1_131' title='bbox 261 1665 373 1726; x_wconf 88' lang='lat' dir='ltr'>hac</span> <span class='ocrx_word' id='word_1_132' title='bbox 401 1687 474 1724; x_wconf 82' lang='lat' dir='ltr'>ex</span> <span class='ocrx_word' id='word_1_133' title='bbox 506 1676 674 1747; x_wconf 89' lang='lat' dir='ltr'>parte</span> <span class='ocrx_word' id='word_1_134' title='bbox 712 1687 836 1723; x_wconf 91' lang='lat' dir='ltr'>non</span> <span class='ocrx_word' id='word_1_135' title='bbox 867 1663 1194 1724; x_wconf 88' lang='lat' dir='ltr'>admiretur</span> <span class='ocrx_word' id='word_1_136' title='bbox 1231 1661 1426 1745; x_wconf 87' lang='lat' dir='ltr'>Magni</span> <span class='ocrx_word' id='word_1_137' title='bbox 1471 1664 1808 1738; x_wconf 86' lang='lat' dir='ltr'>Athanasii,</span> <span class='ocrx_word' id='word_1_138' title='bbox 1846 1665 2152 1746; x_wconf 87' lang='lat' dir='ltr'>utriusque</span> <span class='ocrx_word' id='word_1_139' title='bbox 2183 1665 2407 1746; x_wconf 79' lang='lat' dir='ltr'>cyrilli,</span> 
     </span>
     <span class='ocr_line' id='line_1_18' title="bbox 262 1758 2412 1843; baseline -0.001 -22"><span class='ocrx_word' id='word_1_140' title='bbox 262 1762 569 1843; x_wconf 89' lang='lat' dir='ltr'>utriusque</span> <span class='ocrx_word' id='word_1_141' title='bbox 597 1762 739 1820; x_wconf 91' lang='lat' dir='ltr'>item</span> <span class='ocrx_word' id='word_1_142' title='bbox 775 1761 1078 1839; x_wconf 69' lang='lat' dir='ltr'>Gregorii,</span> <span class='ocrx_word' id='word_1_143' title='bbox 1120 1758 1346 1833; x_wconf 68' lang='lat' dir='ltr'>Basilii,</span> <span class='ocrx_word' id='word_1_144' title='bbox 1389 1759 1736 1838; x_wconf 70' lang='lat' dir='ltr'>Augustini,</span> <span class='ocrx_word' id='word_1_145' title='bbox 1771 1770 1839 1816; x_wconf 92' lang='lat' dir='ltr'>ut</span> <span class='ocrx_word' id='word_1_146' title='bbox 1882 1770 2118 1818; x_wconf 86' lang='lat' dir='ltr'>caeteros</span> <span class='ocrx_word' id='word_1_147' title='bbox 2160 1771 2412 1842; x_wconf 89' lang='lat' dir='ltr'>praeter-</span> 
     </span>
     <span class='ocr_line' id='line_1_19' title="bbox 265 1852 2415 1938; baseline -0 -21"><span class='ocrx_word' id='word_1_148' title='bbox 265 1859 573 1917; x_wconf 85' lang='lat' dir='ltr'>mittamus</span> <span class='ocrx_word' id='word_1_149' title='bbox 593 1901 611 1931; x_wconf 56' lang='lat'>7</span> <span class='ocrx_word' id='word_1_150' title='bbox 653 1857 718 1914; x_wconf 89' lang='lat' dir='ltr'>in</span> <span class='ocrx_word' id='word_1_151' title='bbox 751 1854 966 1937; x_wconf 89' lang='lat' dir='ltr'>quibus</span> <span class='ocrx_word' id='word_1_152' title='bbox 1007 1854 1285 1914; x_wconf 89' lang='lat' dir='ltr'>omnibus</span> <span class='ocrx_word' id='word_1_153' title='bbox 1315 1853 1673 1936; x_wconf 89' lang='lat' dir='ltr'>profundam</span> <span class='ocrx_word' id='word_1_154' title='bbox 1703 1852 1921 1936; x_wconf 88' lang='lat' dir='ltr'>ubique</span> <span class='ocrx_word' id='word_1_155' title='bbox 1949 1854 2415 1938; x_wconf 88' lang='lat' dir='ltr'>philosophicam</span> 
     </span>
     <span class='ocr_line' id='line_1_20' title="bbox 266 1950 2417 2031; baseline -0.001 -18"><span class='ocrx_word' id='word_1_156' title='bbox 266 1954 457 2014; x_wconf 91' lang='lat' dir='ltr'>cernis</span> <span class='ocrx_word' id='word_1_157' title='bbox 498 1951 790 2011; x_wconf 87' lang='lat' dir='ltr'>dominari</span> <span class='ocrx_word' id='word_1_158' title='bbox 825 1951 898 2011; x_wconf 92' lang='lat' dir='ltr'>de</span> <span class='ocrx_word' id='word_1_159' title='bbox 921 1950 1254 2011; x_wconf 88' lang='lat' dir='ltr'>christianis</span> <span class='ocrx_word' id='word_1_160' title='bbox 1294 1951 1584 2031; x_wconf 73' lang='lat' dir='ltr'>Mysteriis</span> <span class='ocrx_word' id='word_1_161' title='bbox 1619 1951 2035 2011; x_wconf 86' lang='lat' dir='ltr'>tractationem</span> <span class='ocrx_word' id='word_1_162' title='bbox 2057 1997 2074 2028; x_wconf 80' lang='lat'>‚</span> <span class='ocrx_word' id='word_1_163' title='bbox 2112 1950 2417 2012; x_wconf 87' lang='lat' dir='ltr'>sublimis·</span> 
     </span>
     <span class='ocr_line' id='line_1_21' title="bbox 270 2046 977 2132; baseline -0.006 -22"><span class='ocrx_word' id='word_1_164' title='bbox 270 2051 563 2132; x_wconf 88' lang='lat' dir='ltr'>simosque</span> <span class='ocrx_word' id='word_1_165' title='bbox 601 2059 921 2131; x_wconf 89' lang='lat' dir='ltr'>conceptus</span> <span class='ocrx_word' id='word_1_166' title='bbox 944 2046 977 2106; x_wconf 71' lang='lat'>‘2</span> 
     </span>
    </p>
   </div>
   <div class='ocr_carea' id='block_1_4' title="bbox 269 2294 1328 3780">
    <p class='ocr_par' dir='ltr' id='par_1_4' title="bbox 269 2294 1313 3278">
     <span class='ocr_line' id='line_1_22' title="bbox 340 2294 1304 2363; baseline 0.001 -16"><span class='ocrx_word' id='word_1_167' title='bbox 340 2298 410 2363; x_wconf 81' lang='lat' dir='ltr'>(l)</span> <span class='ocrx_word' id='word_1_168' title='bbox 451 2298 627 2348; x_wconf 88' lang='lat' dir='ltr'>Notum</span> <span class='ocrx_word' id='word_1_169' title='bbox 645 2309 713 2348; x_wconf 87' lang='lat' dir='ltr'>est</span> <span class='ocrx_word' id='word_1_170' title='bbox 729 2337 742 2361; x_wconf 89' lang='lat'>,</span> <span class='ocrx_word' id='word_1_171' title='bbox 759 2294 980 2348; x_wconf 88' lang='lat' dir='ltr'>Ecclesiae</span> <span class='ocrx_word' id='word_1_172' title='bbox 1001 2298 1183 2360; x_wconf 80' lang='lat' dir='ltr'>PatreS,</span> <span class='ocrx_word' id='word_1_173' title='bbox 1209 2300 1304 2348; x_wconf 89' lang='lat' dir='ltr'>sive</span> 
     </span>
     <span class='ocr_line' id='line_1_23' title="bbox 270 2381 1303 2449; baseline -0.003 -17"><span class='ocrx_word' id='word_1_174' title='bbox 270 2399 440 2449; x_wconf 85' lang='lat' dir='ltr'>graecos</span> <span class='ocrx_word' id='word_1_175' title='bbox 469 2384 566 2432; x_wconf 86' lang='lat' dir='ltr'>sive</span> <span class='ocrx_word' id='word_1_176' title='bbox 603 2381 808 2441; x_wconf 83' lang='lat' dir='ltr'>latinos,</span> <span class='ocrx_word' id='word_1_177' title='bbox 847 2393 1047 2431; x_wconf 83' lang='lat' dir='ltr'>versatos</span> <span class='ocrx_word' id='word_1_178' title='bbox 1077 2382 1219 2431; x_wconf 87' lang='lat' dir='ltr'>fuisse</span> <span class='ocrx_word' id='word_1_179' title='bbox 1254 2383 1303 2430; x_wconf 90' lang='lat' dir='ltr'>in</span> 
     </span>
     <span class='ocr_line' id='line_1_24' title="bbox 269 2465 1302 2532; baseline -0.002 -17"><span class='ocrx_word' id='word_1_180' title='bbox 269 2467 502 2532; x_wconf 85' lang='lat' dir='ltr'>platonica</span> <span class='ocrx_word' id='word_1_181' title='bbox 548 2468 846 2531; x_wconf 89' lang='lat' dir='ltr'>potissimum</span> <span class='ocrx_word' id='word_1_182' title='bbox 886 2466 1199 2531; x_wconf 83' lang='lat' dir='ltr'>philosophia.</span> <span class='ocrx_word' id='word_1_183' title='bbox 1232 2465 1302 2513; x_wconf 88' lang='lat' dir='ltr'>Ad</span> 
     </span>
     <span class='ocr_line' id='line_1_25' title="bbox 272 2546 1308 2615; baseline -0.003 -17"><span class='ocrx_word' id='word_1_184' title='bbox 272 2550 523 2598; x_wconf 85' lang='lat' dir='ltr'>christiana</span> <span class='ocrx_word' id='word_1_185' title='bbox 574 2559 819 2615; x_wconf 86' lang='lat' dir='ltr'>propterea</span> <span class='ocrx_word' id='word_1_186' title='bbox 873 2550 1091 2613; x_wconf 85' lang='lat' dir='ltr'>dogmata</span> <span class='ocrx_word' id='word_1_187' title='bbox 1144 2546 1308 2613; x_wconf 86' lang='lat' dir='ltr'>expla-</span> 
     </span>
     <span class='ocr_line' id='line_1_26' title="bbox 273 2629 1306 2698; baseline -0.002 -17"><span class='ocrx_word' id='word_1_188' title='bbox 273 2633 431 2681; x_wconf 88' lang='lat' dir='ltr'>nanda</span> <span class='ocrx_word' id='word_1_189' title='bbox 473 2632 631 2681; x_wconf 88' lang='lat' dir='ltr'>Patres</span> <span class='ocrx_word' id='word_1_190' title='bbox 668 2632 924 2681; x_wconf 84' lang='lat' dir='ltr'>identidem</span> <span class='ocrx_word' id='word_1_191' title='bbox 961 2632 1193 2698; x_wconf 82' lang='lat' dir='ltr'>platonica</span> <span class='ocrx_word' id='word_1_192' title='bbox 1226 2629 1306 2680; x_wconf 85' lang='lat' dir='ltr'>illa</span> 
     </span>
     <span class='ocr_line' id='line_1_27' title="bbox 272 2715 1307 2781; baseline -0.001 -18"><span class='ocrx_word' id='word_1_193' title='bbox 272 2715 568 2781; x_wconf 85' lang='lat' dir='ltr'>philosophia</span> <span class='ocrx_word' id='word_1_194' title='bbox 596 2733 703 2764; x_wconf 91' lang='lat' dir='ltr'>usos</span> <span class='ocrx_word' id='word_1_195' title='bbox 733 2730 859 2777; x_wconf 87' lang='lat' dir='ltr'>esse,</span> <span class='ocrx_word' id='word_1_196' title='bbox 878 2725 1169 2780; x_wconf 86' lang='lat' dir='ltr'>compertum</span> <span class='ocrx_word' id='word_1_197' title='bbox 1199 2715 1307 2780; x_wconf 85' lang='lat' dir='ltr'>qui-</span> 
     </span>
     <span class='ocr_line' id='line_1_28' title="bbox 273 2797 1308 2864; baseline -0.004 -17"><span class='ocrx_word' id='word_1_198' title='bbox 273 2799 391 2847; x_wconf 88' lang='lat' dir='ltr'>libet</span> <span class='ocrx_word' id='word_1_199' title='bbox 419 2799 591 2847; x_wconf 86' lang='lat' dir='ltr'>habere</span> <span class='ocrx_word' id='word_1_200' title='bbox 611 2809 789 2863; x_wconf 88' lang='lat' dir='ltr'>potest,</span> <span class='ocrx_word' id='word_1_201' title='bbox 809 2800 890 2864; x_wconf 92' lang='lat' dir='ltr'>qui</span> <span class='ocrx_word' id='word_1_202' title='bbox 918 2797 991 2846; x_wconf 83' lang='lat' dir='ltr'>vel</span> <span class='ocrx_word' id='word_1_203' title='bbox 1018 2798 1181 2847; x_wconf 85' lang='lat' dir='ltr'>leviter</span> <span class='ocrx_word' id='word_1_204' title='bbox 1202 2814 1308 2862; x_wconf 88' lang='lat' dir='ltr'>per-</span> 
     </span>
     <span class='ocr_line' id='line_1_29' title="bbox 276 2880 1311 2947; baseline -0.002 -17"><span class='ocrx_word' id='word_1_205' title='bbox 276 2892 431 2930; x_wconf 84' lang='lat' dir='ltr'>currat</span> <span class='ocrx_word' id='word_1_206' title='bbox 441 2882 662 2930; x_wconf 82' lang='lat' dir='ltr'>volumen</span> <span class='ocrx_word' id='word_1_207' title='bbox 678 2884 883 2947; x_wconf 80' lang='lat' dir='ltr'>primum</span> <span class='ocrx_word' id='word_1_208' title='bbox 897 2880 1165 2946; x_wconf 85' lang='lat' dir='ltr'>dogmatum</span> <span class='ocrx_word' id='word_1_209' title='bbox 1179 2880 1311 2929; x_wconf 88' lang='lat' dir='ltr'>theo-</span> 
     </span>
     <span class='ocr_line' id='line_1_30' title="bbox 276 2962 1311 3029; baseline -0.001 -16"><span class='ocrx_word' id='word_1_210' title='bbox 276 2965 534 3029; x_wconf 85' lang='lat' dir='ltr'>logicorum</span> <span class='ocrx_word' id='word_1_211' title='bbox 547 2962 722 3012; x_wconf 87' lang='lat' dir='ltr'>Petavii</span> <span class='ocrx_word' id='word_1_212' title='bbox 737 2981 791 3012; x_wconf 91' lang='lat' dir='ltr'>ac</span> <span class='ocrx_word' id='word_1_213' title='bbox 802 2963 1135 3011; x_wconf 87' lang='lat' dir='ltr'>Thomassiuii.</span> <span class='ocrx_word' id='word_1_214' title='bbox 1147 2962 1311 3028; x_wconf 85' lang='lat' dir='ltr'>Neque</span> 
     </span>
     <span class='ocr_line' id='line_1_31' title="bbox 279 3046 1308 3112; baseline -0.002 -16"><span class='ocrx_word' id='word_1_215' title='bbox 279 3065 386 3097; x_wconf 86' lang='lat' dir='ltr'>vero</span> <span class='ocrx_word' id='word_1_216' title='bbox 412 3047 470 3096; x_wconf 87' lang='lat' dir='ltr'>ab</span> <span class='ocrx_word' id='word_1_217' title='bbox 490 3047 564 3096; x_wconf 87' lang='lat' dir='ltr'>his</span> <span class='ocrx_word' id='word_1_218' title='bbox 585 3048 818 3109; x_wconf 84' lang='lat' dir='ltr'>dissentit,</span> <span class='ocrx_word' id='word_1_219' title='bbox 838 3050 875 3095; x_wconf 91' lang='lat' dir='ltr'>si</span> <span class='ocrx_word' id='word_1_220' title='bbox 892 3049 976 3096; x_wconf 86' lang='lat' dir='ltr'>rite</span> <span class='ocrx_word' id='word_1_221' title='bbox 992 3046 1278 3112; x_wconf 84' lang='lat' dir='ltr'>intelligatur</span> <span class='ocrx_word' id='word_1_222' title='bbox 1293 3084 1308 3108; x_wconf 92' lang='lat'>,</span> 
     </span>
     <span class='ocr_line' id='line_1_32' title="bbox 280 3128 1313 3206; baseline -0.002 -27"><span class='ocrx_word' id='word_1_223' title='bbox 280 3131 354 3179; x_wconf 83' lang='lat' dir='ltr'>vel</span> <span class='ocrx_word' id='word_1_224' title='bbox 392 3134 490 3195; x_wconf 89' lang='lat' dir='ltr'>ipse</span> <span class='ocrx_word' id='word_1_225' title='bbox 526 3130 713 3188; x_wconf 72' lang='lat' dir='ltr'>Battus,</span> <span class='ocrx_word' id='word_1_226' title='bbox 751 3133 830 3196; x_wconf 91' lang='lat' dir='ltr'>qui</span> <span class='ocrx_word' id='word_1_227' title='bbox 866 3131 955 3178; x_wconf 87' lang='lat' dir='ltr'>hac</span> <span class='ocrx_word' id='word_1_228' title='bbox 986 3132 1036 3178; x_wconf 90' lang='lat' dir='ltr'>in</span> <span class='ocrx_word' id='word_1_229' title='bbox 1069 3140 1196 3194; x_wconf 86' lang='lat' dir='ltr'>parte</span> <span class='ocrx_word' id='word_1_230' title='bbox 1226 3128 1313 3206; x_wconf 69' lang='lat' dir='ltr'>Pa-</span> 
     </span>
     <span class='ocr_line' id='line_1_33' title="bbox 281 3212 1150 3278; baseline 0.003 -19"><span class='ocrx_word' id='word_1_231' title='bbox 281 3223 407 3260; x_wconf 87' lang='lat' dir='ltr'>trum</span> <span class='ocrx_word' id='word_1_232' title='bbox 437 3223 643 3262; x_wconf 90' lang='lat' dir='ltr'>mentem</span> <span class='ocrx_word' id='word_1_233' title='bbox 672 3223 885 3262; x_wconf 88' lang='lat' dir='ltr'>accurate</span> <span class='ocrx_word' id='word_1_234' title='bbox 911 3212 1150 3278; x_wconf 85' lang='lat' dir='ltr'>expendit.</span> 
     </span>
    </p>

    <p class='ocr_par' dir='ltr' id='par_1_5' title="bbox 284 3294 1314 3528">
     <span class='ocr_line' id='line_1_34' title="bbox 352 3294 1308 3361; baseline 0.001 -20"><span class='ocrx_word' id='word_1_235' title='bbox 352 3294 418 3358; x_wconf 66' lang='lat'><strong>(⁰2)</strong></span> <span class='ocrx_word' id='word_1_236' title='bbox 456 3295 555 3343; x_wconf 80' lang='lat' dir='ltr'>Cfr.</span> <span class='ocrx_word' id='word_1_237' title='bbox 578 3297 703 3361; x_wconf 87' lang='lat' dir='ltr'>apud</span> <span class='ocrx_word' id='word_1_238' title='bbox 729 3295 884 3344; x_wconf 79' lang='lat' dir='ltr'>Petav.</span> <span class='ocrx_word' id='word_1_239' title='bbox 903 3294 982 3342; x_wconf 86' lang='lat' dir='ltr'>De</span> <span class='ocrx_word' id='word_1_240' title='bbox 1000 3294 1130 3356; x_wconf 88' lang='lat' dir='ltr'>Deo,</span> <span class='ocrx_word' id='word_1_241' title='bbox 1154 3294 1243 3343; x_wconf 80' lang='lat' dir='ltr'>lib.</span> <span class='ocrx_word' id='word_1_242' title='bbox 1266 3308 1308 3353; x_wconf 82' lang='lat' dir='ltr'>l,</span> 
     </span>
     <span class='ocr_line' id='line_1_35' title="bbox 284 3372 1314 3443; baseline -0.002 -17"><span class='ocrx_word' id='word_1_243' title='bbox 284 3394 390 3442; x_wconf 86' lang='lat' dir='ltr'>cap.</span> <span class='ocrx_word' id='word_1_244' title='bbox 423 3375 452 3424; x_wconf 88' lang='lat'>3</span> <span class='ocrx_word' id='word_1_245' title='bbox 486 3388 531 3425; x_wconf 89' lang='lat' dir='ltr'>et</span> <span class='ocrx_word' id='word_1_246' title='bbox 558 3376 590 3441; x_wconf 79' lang='grc'><em>4</em></span> <span class='ocrx_word' id='word_1_247' title='bbox 611 3414 626 3438; x_wconf 88' lang='grc'><strong>,</strong></span> <span class='ocrx_word' id='word_1_248' title='bbox 658 3389 704 3427; x_wconf 84' lang='lat' dir='ltr'>et</span> <span class='ocrx_word' id='word_1_249' title='bbox 739 3378 862 3443; x_wconf 86' lang='lat' dir='ltr'>apud</span> <span class='ocrx_word' id='word_1_250' title='bbox 900 3376 1203 3426; x_wconf 87' lang='lat' dir='ltr'>Thomassin.</span> <span class='ocrx_word' id='word_1_251' title='bbox 1231 3372 1314 3424; x_wconf 84' lang='lat' dir='ltr'>De</span> 
     </span>
     <span class='ocr_line' id='line_1_36' title="bbox 286 3458 922 3528; baseline 0.003 -19"><span class='ocrx_word' id='word_1_252' title='bbox 286 3458 420 3522; x_wconf 87' lang='lat' dir='ltr'>Deo,</span> <span class='ocrx_word' id='word_1_253' title='bbox 452 3460 540 3510; x_wconf 87' lang='lat' dir='ltr'>lib.</span> <span class='ocrx_word' id='word_1_254' title='bbox 573 3477 640 3521; x_wconf 83' lang='lat'>11,</span> <span class='ocrx_word' id='word_1_255' title='bbox 672 3479 775 3527; x_wconf 86' lang='lat' dir='ltr'>cap.</span> <span class='ocrx_word' id='word_1_256' title='bbox 812 3479 922 3528; x_wconf 91' lang='lat'>1-7.</span> 
     </span>
    </p>

    <p class='ocr_par' dir='ltr' id='par_1_6' title="bbox 292 3541 1328 3780">
     <span class='ocr_line' id='line_1_37' title="bbox 358 3541 1317 3608; baseline -0.001 -15"><span class='ocrx_word' id='word_1_257' title='bbox 358 3541 422 3608; x_wconf 88' lang='grc'>(3)</span> <span class='ocrx_word' id='word_1_258' title='bbox 459 3542 561 3594; x_wconf 85' lang='lat' dir='ltr'>Cfr.</span> <span class='ocrx_word' id='word_1_259' title='bbox 579 3541 631 3593; x_wconf 91' lang='lat' dir='ltr'>S.</span> <span class='ocrx_word' id='word_1_260' title='bbox 660 3543 893 3605; x_wconf 83' lang='lat' dir='ltr'>Irenaeus,</span> <span class='ocrx_word' id='word_1_261' title='bbox 923 3543 1010 3593; x_wconf 88' lang='lat' dir='ltr'>lib.</span> <span class='ocrx_word' id='word_1_262' title='bbox 1042 3560 1108 3604; x_wconf 84' lang='lat'>11,</span> <span class='ocrx_word' id='word_1_263' title='bbox 1146 3541 1317 3592; x_wconf 81' lang='lat' dir='ltr'>Contr.</span> 
     </span>
     <span class='ocr_line' id='line_1_38' title="bbox 292 3624 1323 3691; baseline 0.001 -17"><span class='ocrx_word' id='word_1_264' title='bbox 292 3626 461 3676; x_wconf 76' lang='lat' dir='ltr'>hoeres.</span> <span class='ocrx_word' id='word_1_265' title='bbox 507 3625 783 3675; x_wconf 85' lang='lat' dir='ltr'>Tertullian.</span> <span class='ocrx_word' id='word_1_266' title='bbox 819 3627 1027 3677; x_wconf 74' lang='lat' dir='ltr'>Advers.</span> <span class='ocrx_word' id='word_1_267' title='bbox 1059 3624 1323 3691; x_wconf 79' lang='lat' dir='ltr'>Hermoqe·</span> 
     </span>
     <span class='ocr_line' id='line_1_39' title="bbox 295 3710 1328 3780; baseline -0.001 -22"><span class='ocrx_word' id='word_1_268' title='bbox 295 3728 403 3760; x_wconf 76' lang='lat' dir='ltr'>nem</span> <span class='ocrx_word' id='word_1_269' title='bbox 433 3722 478 3762; x_wconf 90' lang='lat' dir='ltr'>et</span> <span class='ocrx_word' id='word_1_270' title='bbox 509 3714 558 3760; x_wconf 91' lang='lat' dir='ltr'>in</span> <span class='ocrx_word' id='word_1_271' title='bbox 589 3713 797 3780; x_wconf 86' lang='lat' dir='ltr'>quinque</span> <span class='ocrx_word' id='word_1_272' title='bbox 832 3712 962 3761; x_wconf 90' lang='lat' dir='ltr'>libris</span> <span class='ocrx_word' id='word_1_273' title='bbox 996 3710 1165 3760; x_wconf 76' lang='lat' dir='ltr'>Contr.</span> <span class='ocrx_word' id='word_1_274' title='bbox 1185 3710 1328 3760; x_wconf 87' lang='lat' dir='ltr'>Mar-</span> 
     </span>
    </p>
   </div>
   <div class='ocr_carea' id='block_1_5' title="bbox 1389 2296 2430 3768">
    <p class='ocr_par' dir='ltr' id='par_1_7' title="bbox 1389 2296 2423 3342">
     <span class='ocr_line' id='line_1_40' title="bbox 1389 2296 2414 2365; baseline 0.003 -19"><span class='ocrx_word' id='word_1_275' title='bbox 1389 2298 1575 2347; x_wconf 78' lang='lat' dir='ltr'>cionem</span> <span class='ocrx_word' id='word_1_276' title='bbox 1591 2315 1612 2362; x_wconf 73' lang='lat'>7·</span> <span class='ocrx_word' id='word_1_277' title='bbox 1656 2296 1705 2347; x_wconf 90' lang='lat' dir='ltr'>S.</span> <span class='ocrx_word' id='word_1_278' title='bbox 1757 2297 1990 2365; x_wconf 87' lang='lat' dir='ltr'>Epiphan.</span> <span class='ocrx_word' id='word_1_279' title='bbox 2045 2300 2209 2349; x_wconf 82' lang='lat' dir='ltr'>haeres.</span> <span class='ocrx_word' id='word_1_280' title='bbox 2272 2316 2414 2360; x_wconf 75' lang='lat' dir='ltr'>xxxx,</span> 
     </span>
     <span class='ocr_line' id='line_1_41' title="bbox 1390 2381 2421 2447; baseline 0 -16"><span class='ocrx_word' id='word_1_281' title='bbox 1390 2392 1437 2431; x_wconf 87' lang='lat' dir='ltr'>et</span> <span class='ocrx_word' id='word_1_282' title='bbox 1460 2381 1623 2431; x_wconf 86' lang='lat' dir='ltr'>haeres.</span> <span class='ocrx_word' id='word_1_283' title='bbox 1651 2399 1725 2432; x_wconf 78' lang='lat' dir='ltr'>xm</span> <span class='ocrx_word' id='word_1_284' title='bbox 1746 2420 1759 2442; x_wconf 96' lang='lat'>‚</span> <span class='ocrx_word' id='word_1_285' title='bbox 1790 2400 1913 2442; x_wconf 73' lang='lat' dir='ltr'>xur,</span> <span class='ocrx_word' id='word_1_286' title='bbox 1937 2386 2047 2430; x_wconf 78' lang='lat' dir='ltr'>mn</span> <span class='ocrx_word' id='word_1_287' title='bbox 2070 2392 2116 2432; x_wconf 86' lang='lat' dir='ltr'>et</span> <span class='ocrx_word' id='word_1_288' title='bbox 2153 2398 2254 2431; x_wconf 80' lang='lat' dir='ltr'>xuv</span> <span class='ocrx_word' id='word_1_289' title='bbox 2269 2419 2289 2447; x_wconf 16' lang='lat'>,¹</span> <span class='ocrx_word' id='word_1_290' title='bbox 2309 2400 2421 2431; x_wconf 89' lang='lat' dir='ltr'>nec-</span> 
     </span>
     <span class='ocr_line' id='line_1_42' title="bbox 1392 2465 2423 2531; baseline 0.001 -17"><span class='ocrx_word' id='word_1_291' title='bbox 1392 2483 1487 2514; x_wconf 88' lang='lat' dir='ltr'>non</span> <span class='ocrx_word' id='word_1_292' title='bbox 1532 2483 1633 2515; x_wconf 66' lang='lat' dir='ltr'>nvn</span> <span class='ocrx_word' id='word_1_293' title='bbox 1655 2503 1668 2527; x_wconf 89' lang='lat'><em>‚</em></span> <span class='ocrx_word' id='word_1_294' title='bbox 1708 2465 1821 2516; x_wconf 83' lang='lat' dir='ltr'>edit.</span> <span class='ocrx_word' id='word_1_295' title='bbox 1863 2465 2046 2528; x_wconf 83' lang='lat' dir='ltr'>Petav.;</span> <span class='ocrx_word' id='word_1_296' title='bbox 2095 2465 2145 2514; x_wconf 88' lang='lat' dir='ltr'>S.</span> <span class='ocrx_word' id='word_1_297' title='bbox 2179 2465 2423 2531; x_wconf 83' lang='lat' dir='ltr'>Gregorius</span> 
     </span>
     <span class='ocr_line' id='line_1_43' title="bbox 1391 2547 2422 2616; baseline 0 -19"><span class='ocrx_word' id='word_1_298' title='bbox 1391 2548 1595 2616; x_wconf 78' lang='lat' dir='ltr'>Nyssen.</span> <span class='ocrx_word' id='word_1_299' title='bbox 1652 2547 1835 2597; x_wconf 77' lang='lat' dir='ltr'>Contra</span> <span class='ocrx_word' id='word_1_300' title='bbox 1889 2549 2123 2598; x_wconf 76' lang='lat' dir='ltr'>Mam&#39;ch.</span> <span class='ocrx_word' id='word_1_301' title='bbox 2171 2549 2422 2614; x_wconf 84' lang='lat' dir='ltr'>syllogismi</span> 
     </span>
     <span class='ocr_line' id='line_1_44' title="bbox 1393 2629 2419 2698; baseline -0.001 -17"><span class='ocrx_word' id='word_1_302' title='bbox 1393 2633 1557 2681; x_wconf 90' lang='lat' dir='ltr'>decem</span> <span class='ocrx_word' id='word_1_303' title='bbox 1573 2671 1586 2693; x_wconf 86' lang='lat'>,</span> <span class='ocrx_word' id='word_1_304' title='bbox 1615 2650 1725 2698; x_wconf 91' lang='lat' dir='ltr'>opp.</span> <span class='ocrx_word' id='word_1_305' title='bbox 1745 2642 1861 2680; x_wconf 88' lang='lat' dir='ltr'>tom.</span> <span class='ocrx_word' id='word_1_306' title='bbox 1880 2649 1946 2691; x_wconf 89' lang='lat'>11,</span> <span class='ocrx_word' id='word_1_307' title='bbox 1980 2633 2093 2682; x_wconf 87' lang='lat' dir='ltr'>edit.</span> <span class='ocrx_word' id='word_1_308' title='bbox 2113 2631 2243 2680; x_wconf 85' lang='lat' dir='ltr'>Paris</span> <span class='ocrx_word' id='word_1_309' title='bbox 2265 2629 2419 2691; x_wconf 85' lang='lat'>1615,</span> 
     </span>
     <span class='ocr_line' id='line_1_45' title="bbox 1392 2711 2418 2781; baseline -0.004 -18"><span class='ocrx_word' id='word_1_310' title='bbox 1392 2733 1498 2781; x_wconf 85' lang='lat' dir='ltr'>pag.</span> <span class='ocrx_word' id='word_1_311' title='bbox 1527 2713 1661 2776; x_wconf 79' lang='lat'>6123</span> <span class='ocrx_word' id='word_1_312' title='bbox 1689 2714 1821 2762; x_wconf 86' lang='lat' dir='ltr'>Titus</span> <span class='ocrx_word' id='word_1_313' title='bbox 1846 2714 2106 2764; x_wconf 87' lang='lat' dir='ltr'>Bostreusis</span> <span class='ocrx_word' id='word_1_314' title='bbox 2127 2714 2284 2780; x_wconf 87' lang='lat' dir='ltr'>Episc.</span> <span class='ocrx_word' id='word_1_315' title='bbox 2308 2711 2418 2760; x_wconf 80' lang='lat' dir='ltr'>Lib.</span> 
     </span>
     <span class='ocr_line' id='line_1_46' title="bbox 1394 2794 2419 2846; baseline -0.004 -1"><span class='ocrx_word' id='word_1_316' title='bbox 1394 2806 1489 2845; x_wconf 78' lang='lat' dir='ltr'>tres</span> <span class='ocrx_word' id='word_1_317' title='bbox 1530 2797 1641 2845; x_wconf 81' lang='lat' dir='ltr'>adv.</span> <span class='ocrx_word' id='word_1_318' title='bbox 1677 2794 1900 2846; x_wconf 77' lang='lat' dir='ltr'>Manich.</span> <span class='ocrx_word' id='word_1_319' title='bbox 1947 2800 1997 2845; x_wconf 90' lang='lat' dir='ltr'>in</span> <span class='ocrx_word' id='word_1_320' title='bbox 2027 2795 2254 2846; x_wconf 86' lang='lat' dir='ltr'>Biblioth.</span> <span class='ocrx_word' id='word_1_321' title='bbox 2294 2795 2419 2844; x_wconf 85' lang='lat' dir='ltr'>Patr.</span> 
     </span>
     <span class='ocr_line' id='line_1_47' title="bbox 1394 2864 2420 2944; baseline -0.005 -16"><span class='ocrx_word' id='word_1_322' title='bbox 1394 2879 1616 2930; x_wconf 87' lang='lat' dir='ltr'>Galland.</span> <span class='ocrx_word' id='word_1_323' title='bbox 1655 2890 1774 2930; x_wconf 89' lang='lat' dir='ltr'>tom.</span> <span class='ocrx_word' id='word_1_324' title='bbox 1812 2899 1871 2941; x_wconf 87' lang='lat' dir='ltr'>v,</span> <span class='ocrx_word' id='word_1_325' title='bbox 1909 2873 2007 2929; x_wconf 90' lang='lat' dir='ltr'>etc.</span> <span class='ocrx_word' id='word_1_326' title='bbox 2045 2880 2151 2928; x_wconf 86' lang='lat' dir='ltr'>Tibi</span> <span class='ocrx_word' id='word_1_327' title='bbox 2187 2864 2420 2944; x_wconf 86' lang='lat' dir='ltr'>prolixum</span> 
     </span>
     <span class='ocr_line' id='line_1_48' title="bbox 1395 2958 2420 3013; baseline -0.006 -1"><span class='ocrx_word' id='word_1_328' title='bbox 1395 2960 1645 3013; x_wconf 84' lang='lat' dir='ltr'>elenchum</span> <span class='ocrx_word' id='word_1_329' title='bbox 1692 2961 1981 3011; x_wconf 87' lang='lat' dir='ltr'>exhibebunt</span> <span class='ocrx_word' id='word_1_330' title='bbox 2019 2961 2067 3010; x_wconf 86' lang='lat' dir='ltr'>J.</span> <span class='ocrx_word' id='word_1_331' title='bbox 2110 2960 2218 3008; x_wconf 86' lang='lat' dir='ltr'>Alb.</span> <span class='ocrx_word' id='word_1_332' title='bbox 2256 2958 2420 3007; x_wconf 87' lang='lat' dir='ltr'>Fabri-</span> 
     </span>
     <span class='ocr_line' id='line_1_49' title="bbox 1394 3042 2422 3111; baseline -0.007 -17"><span class='ocrx_word' id='word_1_333' title='bbox 1394 3048 1495 3094; x_wconf 85' lang='lat' dir='ltr'>cius</span> <span class='ocrx_word' id='word_1_334' title='bbox 1513 3082 1526 3105; x_wconf 92' lang='lat'><strong>,</strong></span> <span class='ocrx_word' id='word_1_335' title='bbox 1560 3047 1609 3093; x_wconf 88' lang='lat' dir='ltr'>in</span> <span class='ocrx_word' id='word_1_336' title='bbox 1646 3055 1844 3111; x_wconf 78' lang='lat' dir='ltr'>utraque</span> <span class='ocrx_word' id='word_1_337' title='bbox 1869 3042 2165 3094; x_wconf 77' lang='lat' dir='ltr'>Bibliotheca</span> <span class='ocrx_word' id='word_1_338' title='bbox 2191 3057 2349 3106; x_wconf 78' lang='lat' dir='ltr'>qroeca</span> <span class='ocrx_word' id='word_1_339' title='bbox 2377 3048 2422 3088; x_wconf 82' lang='lat' dir='ltr'>et</span> 
     </span>
     <span class='ocr_line' id='line_1_50' title="bbox 1394 3122 2423 3192; baseline -0.003 -17"><span class='ocrx_word' id='word_1_340' title='bbox 1394 3128 1547 3177; x_wconf 84' lang='lat' dir='ltr'>latina</span> <span class='ocrx_word' id='word_1_341' title='bbox 1564 3165 1581 3190; x_wconf 88' lang='lat'><strong><em>,</em></strong></span> <span class='ocrx_word' id='word_1_342' title='bbox 1612 3136 1657 3176; x_wconf 89' lang='lat' dir='ltr'>et</span> <span class='ocrx_word' id='word_1_343' title='bbox 1672 3127 1888 3192; x_wconf 82' lang='lat' dir='ltr'>Rhemig.</span> <span class='ocrx_word' id='word_1_344' title='bbox 1906 3126 2114 3183; x_wconf 86' lang='lat' dir='ltr'>Ceillier‚</span> <span class='ocrx_word' id='word_1_345' title='bbox 2133 3123 2246 3173; x_wconf 84' lang='lat' dir='ltr'>Ord.</span> <span class='ocrx_word' id='word_1_346' title='bbox 2265 3123 2314 3172; x_wconf 88' lang='lat' dir='ltr'>S.</span> <span class='ocrx_word' id='word_1_347' title='bbox 2339 3122 2423 3172; x_wconf 86' lang='lat' dir='ltr'>Be-</span> 
     </span>
     <span class='ocr_line' id='line_1_51' title="bbox 1395 3206 2421 3274; baseline -0.006 -15"><span class='ocrx_word' id='word_1_348' title='bbox 1395 3211 1506 3260; x_wconf 88' lang='lat' dir='ltr'>ned.</span> <span class='ocrx_word' id='word_1_349' title='bbox 1542 3213 1591 3258; x_wconf 89' lang='lat' dir='ltr'>in</span> <span class='ocrx_word' id='word_1_350' title='bbox 1618 3209 1844 3258; x_wconf 78' lang='lat' dir='ltr'>Histoire</span> <span class='ocrx_word' id='word_1_351' title='bbox 1872 3206 2092 3274; x_wconf 74' lang='lat' dir='ltr'>qenerale</span> <span class='ocrx_word' id='word_1_352' title='bbox 2117 3207 2198 3254; x_wconf 82' lang='lat' dir='ltr'>des</span> <span class='ocrx_word' id='word_1_353' title='bbox 2223 3215 2421 3254; x_wconf 77' lang='lat' dir='ltr'>auteurs</span> 
     </span>
     <span class='ocr_line' id='line_1_52' title="bbox 1394 3297 1570 3342; baseline 0 -2"><span class='ocrx_word' id='word_1_354' title='bbox 1394 3297 1570 3342; x_wconf 75' lang='lat' dir='ltr'>sacres.</span> 
     </span>
    </p>

    <p class='ocr_par' dir='ltr' id='par_1_8' title="bbox 1402 3370 2430 3768">
     <span class='ocr_line' id='line_1_53' title="bbox 1465 3370 2424 3441; baseline -0.008 -16"><span class='ocrx_word' id='word_1_355' title='bbox 1465 3376 1534 3441; x_wconf 62' lang='lat' dir='ltr'>(h)</span> <span class='ocrx_word' id='word_1_356' title='bbox 1573 3375 1699 3424; x_wconf 85' lang='lat' dir='ltr'>Inter</span> <span class='ocrx_word' id='word_1_357' title='bbox 1744 3390 1860 3440; x_wconf 86' lang='lat' dir='ltr'>quos</span> <span class='ocrx_word' id='word_1_358' title='bbox 1909 3374 2116 3421; x_wconf 84' lang='lat' dir='ltr'>eminent</span> <span class='ocrx_word' id='word_1_359' title='bbox 2167 3370 2387 3437; x_wconf 84' lang='lat' dir='ltr'>Synesius</span> <span class='ocrx_word' id='word_1_360' title='bbox 2410 3406 2424 3429; x_wconf 87' lang='lat'>‚</span> 
     </span>
     <span class='ocr_line' id='line_1_54' title="bbox 1402 3453 2425 3519; baseline -0.008 -11"><span class='ocrx_word' id='word_1_361' title='bbox 1402 3458 1720 3508; x_wconf 89' lang='lat' dir='ltr'>Theodoretus</span> <span class='ocrx_word' id='word_1_362' title='bbox 1735 3457 1853 3503; x_wconf 87' lang='lat' dir='ltr'>inter</span> <span class='ocrx_word' id='word_1_363' title='bbox 1866 3471 2063 3519; x_wconf 77' lang='lat' dir='ltr'>graecos3</span> <span class='ocrx_word' id='word_1_364' title='bbox 2086 3453 2398 3502; x_wconf 84' lang='lat' dir='ltr'>Tertullianus</span> <span class='ocrx_word' id='word_1_365' title='bbox 2411 3488 2425 3512; x_wconf 91' lang='lat'><strong>‚</strong></span> 
     </span>
     <span class='ocr_line' id='line_1_55' title="bbox 1408 3534 2430 3605; baseline -0.008 -16"><span class='ocrx_word' id='word_1_366' title='bbox 1408 3540 1692 3605; x_wconf 83' lang='lat' dir='ltr'>Augustinus</span> <span class='ocrx_word' id='word_1_367' title='bbox 1717 3539 1839 3586; x_wconf 86' lang='lat' dir='ltr'>inter</span> <span class='ocrx_word' id='word_1_368' title='bbox 1865 3536 2053 3587; x_wconf 83' lang='lat' dir='ltr'>latinos.</span> <span class='ocrx_word' id='word_1_369' title='bbox 2082 3536 2218 3585; x_wconf 87' lang='lat' dir='ltr'>Plura</span> <span class='ocrx_word' id='word_1_370' title='bbox 2253 3534 2430 3583; x_wconf 86' lang='lat' dir='ltr'>utiliter</span> 
     </span>
     <span class='ocr_line' id='line_1_56' title="bbox 1406 3617 2430 3686; baseline -0.009 -14"><span class='ocrx_word' id='word_1_371' title='bbox 1406 3627 1458 3672; x_wconf 89' lang='lat' dir='ltr'>in</span> <span class='ocrx_word' id='word_1_372' title='bbox 1473 3639 1623 3671; x_wconf 89' lang='lat' dir='ltr'>uuum</span> <span class='ocrx_word' id='word_1_373' title='bbox 1642 3621 1834 3669; x_wconf 86' lang='lat' dir='ltr'>collecta</span> <span class='ocrx_word' id='word_1_374' title='bbox 1855 3623 2052 3686; x_wconf 87' lang='lat' dir='ltr'>reperire</span> <span class='ocrx_word' id='word_1_375' title='bbox 2075 3631 2144 3669; x_wconf 89' lang='lat' dir='ltr'>est</span> <span class='ocrx_word' id='word_1_376' title='bbox 2164 3618 2289 3684; x_wconf 89' lang='lat' dir='ltr'>apud</span> <span class='ocrx_word' id='word_1_377' title='bbox 2304 3617 2430 3665; x_wconf 90' lang='lat' dir='ltr'>Tho-</span> 
     </span>
     <span class='ocr_line' id='line_1_57' title="bbox 1410 3701 2427 3768; baseline -0.009 -13"><span class='ocrx_word' id='word_1_378' title='bbox 1410 3707 1602 3755; x_wconf 88' lang='lat' dir='ltr'>massin.</span> <span class='ocrx_word' id='word_1_379' title='bbox 1625 3702 1694 3755; x_wconf 86' lang='lat' dir='ltr'>De</span> <span class='ocrx_word' id='word_1_380' title='bbox 1712 3701 1829 3762; x_wconf 88' lang='lat' dir='ltr'>Deo,</span> <span class='ocrx_word' id='word_1_381' title='bbox 1860 3704 1946 3754; x_wconf 89' lang='lat' dir='ltr'>lib.</span> <span class='ocrx_word' id='word_1_382' title='bbox 1972 3720 2005 3752; x_wconf 84' lang='lat' dir='ltr'>u</span> <span class='ocrx_word' id='word_1_383' title='bbox 2023 3741 2035 3764; x_wconf 90' lang='lat'><em>‚</em></span> <span class='ocrx_word' id='word_1_384' title='bbox 2063 3717 2215 3768; x_wconf 74' lang='lat' dir='ltr'>cap-9</span> <span class='ocrx_word' id='word_1_385' title='bbox 2233 3711 2278 3751; x_wconf 88' lang='lat' dir='ltr'>et</span> <span class='ocrx_word' id='word_1_386' title='bbox 2296 3716 2427 3765; x_wconf 79' lang='lat' dir='ltr'>seqq.</span> 
     </span>
    </p>
   </div>
  </div>
 </body>
</html>
