2502 4134
405 127 567 163 nur.
615 125 704 162 111.
749 123 897 162 secr.
950 126 988 161 1.
1029 123 1154 161 car.
1202 125 1290 162 111.
1335 123 1404 161 ns
1447 122 1574 160 aar.
1626 119 1757 159 rosa·
1800 120 1907 158 mu.
2096 97 2221 159 539-

100 288 217 350 que
247 266 533 327 industria
581 287 646 329 ac
683 265 937 328 sollertia
979 267 1044 326 in
1076 285 1249 327 usum
1287 276 1349 328 et
1386 265 1759 327 commodum
1795 273 2097 336 nostrum,
2144 286 2218 324 ex

99 364 283 445 iisque
330 361 577 444 proinde
618 366 806 422 Deum
842 362 1338 444 sapientissimum
1402 365 1524 440 ejus
1557 360 1927 420 ‘conditorem
1965 359 2218 420 admire-

98 480 235 518 mur
272 469 447 539 atque
492 456 831 529 laudemus;
874 455 1308 530 siemundum,
1355 467 1423 514 ut
1456 456 1540 515 ita
1576 455 1815 538 loquar,
1859 453 2127 514 divinum
2153 471 2221 514 ac

97 552 604 635 supernaturalem
623 596 639 626 ,
671 552 771 635 qui
814 573 885 613 ex
913 551 1032 612 fide
1067 550 1339 610 historica
1374 550 1643 611 coalescit
1666 597 1681 626 ‚
1713 549 1884 610 nobis
1908 549 2177 610 exhibuit
2201 596 2217 624 ,

98 669 221 707 non
265 659 330 706 ut
363 652 485 726 ejus
522 646 936 707 tantummodo
975 647 1429 725 objectivz'tatem
1473 645 1774 705 credamus
1795 691 1811 721 ‚
1855 646 2024 727 eique
2050 646 2221 705 unice

97 742 521 817 inliaereamUS‚
577 762 787 803 verum
834 741 1045 816 etiam,
1089 751 1156 799 ut
1210 739 1509 814 intimiuS‚
1551 739 1746 822 quoad
1791 743 1914 818 ejus
1958 740 2065 822 per
2114 761 2223 799 nos

98 837 228 897 fieri
267 847 497 919 potest,
533 858 641 919 pro
670 837 1124 918 uniuscujusque
1145 835 1362 915 ingenii
1394 834 1632 894 modulo
1651 880 1668 910 a
1705 855 1771 893 ac
1804 845 1981 918 prout
2009 845 2219 894 natura

98 933 185 992 rei
232 932 454 1014 patitur
473 977 490 1006 ,
537 953 675 993 eum
722 929 1107 1011 intelligentia
1145 941 1342 990 nostra
1379 941 1814 1012 perscrutemur
1858 951 1926 990 ac
1958 940 2223 990 contem-

99 1026 372 1108 plemur,
412 1047 775 1106 assurgamus
815 1025 888 1085 ad
936 1025 1141 1085 altiora
1177 1024 1576 1106 cognoscenda
1595 1070 1612 1099 ‚
1648 1026 2026 1107 nitamurque
2062 1045 2222 1084 asse-

102 1122 205 1204 qui
224 1167 240 1197 7
279 1143 410 1204 quse
440 1143 507 1182 ea
541 1121 650 1182 sub
691 1121 903 1182 cortice
935 1120 1306 1181 delitescunt.
1362 1117 1760 1180 Hinc'eadem
1801 1120 2028 1180 ratione
2048 1165 2064 1196 .‚
2108 1140 2221 1202 qua

101 1237 174 1277 ex
212 1217 504 1299 penitiore
543 1217 715 1296 hujus
761 1216 1021 1279 universi
1046 1215 1379 1297 cognitione
1418 1213 1595 1297 longe
1638 1216 2027 1296 augustiorem
2053 1214 2222 1274 nobis

101 1310 176 1372 de
219 1332 495 1394 supremo
532 1313 793 1372 Numine
830 1311 1023 1372 ideam
1059 1332 1513 1393 ⁴comparamus²
1548 1309 1754 1371 eadem
1789 1332 1862 1370 ex
1900 1311 2223 1393 penitiore,

99 1427 277 1487 quam
310 1426 420 1486 per
464 1406 874 1465 tractationem
898 1407 1277 1483 scientificam
1310 1406 1695 1488 adipiscimur
1717 1453 1733 1482 ,
1776 1407 1988 1467 mundi
2021 1411 2223 1490 super-

96 1498 379 1561 naturalis
406 1499 615 1559 notitia
653 1498 1054 1559 sublimiorem
1085 1499 1160 1559 de
1184 1503 1306 1559 Deo
1339 1506 1577 1583 ejusque
1613 1501 1912 1581 Religione
1944 1503 2221 1582 cognitio-

97 1616 238 1655 nem
288 1593 640 1654 obtinemus,
689 1594 857 1655 Fides
895 1593 1144 1676 proinde
1183 1594 1456 1655 historica
1498 1606 1558 1656 et
1597 1594 1884 1674 objectiva
1925 1597 2225 1679 quoddam

96 1690 281 1751 veluti
320 1688 654 1750 vehiculum
683 1701 771 1749 est
791 1735 808 1765 .‚
842 1711 959 1771 quo
1000 1691 1064 1748 in
1105 1711 1308 1750 eorum
1338 1691 1789 1771 intelligentiam
1813 1693 2220 1774 perducimur„

102 1808 232 1868 quae
280 1784 441 1865 prius
491 1784 610 1844 sola
659 1784 775 1844 fide
819 1783 1198 1858 tenebamus;
1247 1806 1485 1865 germen
1544 1798 1667 1863 est⁷
1721 1787 1880 1869 quod
1936 1788 2226 1849 ulterioris

97 1901 330 1962 semper
366 1878 715 1942 evolationis
741 1900 922 1962 capax
958 1891 1082 1954 este,
1108 1881 1239 1939 fons
1269 1880 1525 1962 denique
1559 1887 1649 1940 est
1679 1882 2052 1964 speculativae
2081 1904 2224 1943 con-

95 1975 495 2055 templationis
507 2020 523 2051 ,
536 1995 605 2034 ex
622 1996 739 2057 quo
753 1996 932 2056 aquas
948 1975 1183 2036 haurire
1197 1975 1451 2057 theologi
1465 1977 1680 2057 jugiter
1694 1989 1939 2060 possunt
1952 1979 2028 2039 ad
2043 1981 2225 2039 scien·

98 2072 312 2130 tificam
339 2091 505 2129 suam
544 2069 954 2130 tractationem
994 2071 1177 2150 magis
1212 2070 1628 2131 elaborandam
1662 2074 2218 2159 perficiendamque.

180 2164 321 2224 297.
366 2165 589 2224 Exinde
616 2164 838 2224 factum
879 2163 1147 2227 videmus
1168 2211 1184 2240 ,
1239 2166 1398 2248 quod
1447 2167 1622 2226 tertio
1646 2167 1773 2228 loco
1803 2170 2060 2251 positum
2095 2183 2183 2232 est
2205 2218 2222 2244 ‚

97 2270 166 2339 ut
208 2260 405 2320 Patres
434 2267 639 2320 omnes
676 2261 938 2320 contenti
975 2259 1136 2320 haud
1163 2261 1382 2321 fuerint
1407 2260 1703 2323 vindicare
1729 2263 2010 2326 adversus
2031 2288 2222 2328 nova—

99 2364 255 2415 tores
283 2355 417 2416 fidei
452 2355 784 2440 depositum
808 2363 958 2432 ‚seu
996 2357 1222 2439 singula
1259 2358 1530 2439 dogmata
1567 2380 1639 2421 ex
1666 2361 1964 2444 Scriptura
1991 2372 2054 2422 et
2078 2363 2222 2423 Tra-

101 2450 357 2526 ditione,
391 2463 457 2510 ut
491 2453 554 2511 in
601 2451 715 2513 illis
746 2453 1056 2528 sisterent3
1094 2454 1200 2514 sed
1229 2454 1354 2514 haec
1377 2456 1502 2538 ipsa
1537 2454 1807 2538 dogmata
1842 2455 2218 2536 subjecerunt

98 2545 520 2629 philosophicas
553 2569 621 2608 ac
665 2548 995 2609 scientificae
1032 2549 1501 2630 investigationi,
1533 2548 1598 2609 in
1635 2571 1840 2612 eorum
1879 2551 2223 2633 intelligen-

102 2643 247 2701 tiam
277 2641 513 2702 eluctati
550 2652 721 2720 sunt‚
766 2666 831 2704 ac
859 2643 1203 2723 subJectivos
1237 2648 1506 2729 proprios
1545 2646 1623 2708 de
1655 2646 1769 2707 illis
1814 2658 2125 2730 conceptus
2163 2659 2251 2707 etr
2295 2635 2298 2637 Δ

101 2735 492 2819 speculativas
520 2759 651 2798 suas
677 2737 1151 2823 investigationes
1173 2742 1380 2804 ceteris
1405 2752 1802 2826 exposuerunt
1823 2742 1913 2826 (1)
1931 2787 1949 2820 ‚
1981 2753 2048 2802 ut
2075 2742 2222 2826 dog-

169 2955 236 3019 (1)
272 2955 345 3005 Ad
370 2958 456 3005 hos
484 2957 763 3023 subjectivos
791 2957 976 3008 Petrum
1004 2976 1116 3009 con·
1198 2959 1392 3025 proinde
1423 2960 1567 3010 veluti
1606 2962 1916 3026 promptuaria
1951 2959 2222 3026 plenissima

107 3042 268 3101 ceptus
296 3039 354 3088 de
377 3039 486 3088 fidei
507 3040 712 3088 articulis
730 3051 935 3105 spectant
959 3058 1122 3091 omnes
1203 3043 1409 3090 existunt
1429 3078 1443 3103 ‚
1483 3057 1509 3089 e
1554 3042 1726 3109 quibus
1765 3044 1948 3108 exurgit
1993 3040 2222 3108 theoloqia

104 3118 450 3183 explanationes
484 3124 884 3188 expositionesque
902 3160 916 3184 ‚
949 3124 1121 3189 quibus
1204 3121 1418 3172 Patrum
1437 3135 1735 3189 nuncupata,
1764 3141 1960 3191 quaeque
1986 3123 2046 3174 ab
2071 3125 2223 3172 erudi-

102 3200 191 3265 ipsi
233 3202 299 3247 uti
331 3202 535 3252 doctores
563 3204 775 3268 dogmata
804 3204 985 3268 singula
1010 3205 1121 3254 illu·
1205 3206 1393 3253 tissimis
1434 3206 1657 3271 theologis
1691 3207 1928 3255 catholicis
1950 3243 1965 3268 ,
1999 3209 2222 3273 proximis

99 3291 303 3330 strarant
344 3300 399 3331 ac
436 3285 494 3335 de
529 3286 620 3334 illis
645 3286 954 3351 philosophati
988 3296 1116 3335 suut.
1205 3287 1519 3351 superioribus
1548 3288 1711 3337 seculis
1730 3325 1745 3349 ‚
1780 3287 1974 3338 collecta
2012 3298 2059 3338 et
2083 3306 2222 3353 expo-

98 3360 286 3413 Referta
310 3382 446 3428 porro
463 3369 689 3433 ejusmodi
711 3367 1118 3433 explanationibus
1204 3372 1289 3417 sita
1317 3379 1419 3435 est3
1451 3374 1572 3420 inter
1600 3389 1715 3438 quos
1740 3375 1947 3422 eminent
1975 3372 2185 3422 Petavius
2203 3409 2217 3430 ‚

98 3460 151 3493 ac
177 3447 431 3495 rationibus
460 3450 771 3512 peculiaribus
788 3488 801 3511 ‚
827 3451 914 3499 sub
946 3450 1116 3517 quibus
1204 3449 1569 3515 Thomassinus,
1589 3453 2214 3521 HabertEpisc.VabrensiS‚

97 3525 207 3575 fidei
222 3529 440 3578 articulos
457 3532 752 3596 inspexerunt
766 3543 1016 3599 menteque
1034 3549 1114 3581 sua
1202 3531 1397 3584 Boueat.
2264 3522 2267 3526 ἱ

100 3621 442 3673 conceperunt,
471 3621 578 3661 sunt
591 3611 777 3662 Petrum
796 3617 961 3681 scripta
978 3632 993 3679 3
1012 3615 1113 3664 haec
