2502 4134
314 157 425 218 128

932 180 1130 219 TRAc‘r.
1159 183 1229 219 ΒΕ
1271 183 1422 221 Locls
1466 185 1843 225 THEOLOGICIS.

307 321 537 405 aliaque
555 333 825 382 sexcenta
850 323 1029 403 impia
1069 337 1129 384 et
1150 323 1496 406 blasphema
1522 349 1788 388 errorum
1826 340 2102 411 portenta
2133 332 2434 408 effutiisse,

304 439 439 499 quae
468 418 564 478 vel
592 417 809 478 referre
846 419 1030 478 taedet
1067 442 1132 479 ac
1162 420 1370 500 pudet.
1413 424 1593 482 Porro
1632 423 1753 483 haec
1791 426 1989 485 omnia
2022 427 2248 508 aliaque
2285 433 2439 506 ejus-

307 514 472 573 modi
516 535 587 572 ex
634 525 948 594 systemate
989 515 1494 596 interpretationis
1534 539 1642 600 per
1678 521 1950 600 spiritum
1995 522 2296 602 privatum
2337 545 2439 584 seu

306 609 595 668 rationem
622 609 1049 671 individualem
1077 610 1427 692 praestandae
1461 612 1541 671 ita
1565 613 1977 695 profluxerunt
2005 639 2070 675 ac
2100 617 2435 698 profluunt,

304 718 373 764 ut
416 706 678 784 ejusdem
716 707 1045 787 systematis
1084 707 1144 766 vi
1182 707 1344 786 argui
1398 707 1663 767 falsitatis
1708 732 2012 792 nunquam
2059 713 2328 794 possint,
2373 735 2439 774 ac

303 804 500 861 omnia
534 813 844 883 propterea
872 803 1356 861 Protestantismo
1381 803 1496 884 ipsi
1523 803 1701 862 tribui
1725 826 1832 885 par
1859 807 1933 864 sit
1962 806 2070 888 (1).

390 899 523 958 197.
571 900 871 957 Postremo
887 943 903 972 7
930 920 1109 979 quam
1133 898 1308 956 fallax
1333 911 1587 979 systema
1615 901 1690 958 sit
1712 901 1787 960 de
1814 902 2058 983 Spiritus
2083 907 2143 965 S.
2169 905 2437 965 interiori

300 993 688 1053 illustratione
715 1005 892 1076 atque
917 994 1409 1075 interpretatione
1430 995 1757 1075 dogmatica
1789 998 2222 1078 Scripturarum
2250 1023 2436 1062 sacra-

300 1110 436 1148 rum
458 1089 615 1148 illius
652 1111 763 1171 ope
795 1088 1110 1170 praebenda
1133 1134 1149 1163 7
1178 1088 1446 1170 pluribus
1482 1093 1754 1172 persequi
1790 1115 1934 1174 opus
1971 1117 2093 1153 non
2123 1096 2254 1154 erit.
2293 1097 2435 1158 Ete-

300 1187 429 1246 nim
471 1191 881 1269 experimento
939 1188 1066 1268 ipso
1116 1198 1381 1261 constat,
1433 1189 1722 1266 ejusmodi
1768 1202 2019 1269 systema
2074 1191 2342 1253 homines
2373 1195 2436 1253 in

300 1294 572 1365 apertam·
603 1283 936 1341 animorum
970 1281 1469 1344 conflictationem
1507 1283 1783 1344 inducere
1810 1331 1825 1360 7
1866 1286 2062 1346 fovere
2103 1292 2437 1349 enthusias-

299 1400 507 1449 mum,
551 1389 619 1437 ut
664 1388 909 1452 vocant,
956 1399 1022 1437 ac
1069 1378 1486 1453 fanatismum7
1525 1379 1601 1438 ad
1644 1380 1884 1439 infanda
1935 1403 2181 1464 quaeque
2220 1384 2434 1444 scelera

297 1474 661 1558 propellere,
708 1495 773 1533 ac
825 1474 1070 1533 demum
1107 1472 1185 1532 ad
1226 1475 1416 1556 ipsam
1455 1476 1816 1559 Scripturam
1854 1476 2311 1558 explodendam.
2364 1482 2436 1539 Et

299 1593 440 1631 sane
468 1572 531 1630 10
545 1569 810 1653 pertrahi
837 1569 1107 1629 homines
1132 1568 1244 1629 hoc
1271 1582 1587 1651 systemate
1614 1572 1678 1628 in
1698 1583 1928 1652 apertas
1954 1572 2430 1652 conflictationeS,

297 1666 485 1749 liquet
523 1688 595 1726 ex
640 1688 743 1739 e07
785 1665 942 1747 quod
981 1665 1019 1724 ii
1072 1687 1311 1741 omneS,
1359 1667 1458 1746 qui
1496 1687 1622 1725 sese
1663 1666 1884 1748 Spiritu
1922 1668 1978 1725 S.
2018 1666 2336 1729 illustratos
2368 1672 2434 1730 in

298 1763 608 1845 Scripturis
639 1761 1000 1844 exponendis
1017 1760 1324 1840 jactabant
1346 1808 1361 1837 7
1394 1761 1846 1822 contradictoria
1878 1763 2215 1840 docuerint,
2239 1766 2435 1827 eidem

296 1858 432 1919 licet
447 1860 756 1942 Scripturae
772 1858 959 1916 innixi
978 1882 994 1932 ς
1016 1857 1331 1918 Lutherani
1352 1879 1444 1917 ex.
1466 1880 1554 1942 gr.
1578 1857 2038 1940 propugnabant
2051 1859 2439 1943 paedobaptis-

297 1978 465 2015 mum
486 2001 501 2030 7
542 1953 818 2015 eumdem
840 1952 1266 2014 execrabantur
1303 1953 1741 2036 Anabaptistae3
1771 1954 2089 2014 Lutherani
2109 1956 2256 2015 item
2292 1977 2437 2016 con-

298 2050 626 2112 tendebant
647 2097 663 2126 7
692 2071 896 2110 omnes
920 2048 1435 2108 indiscriminatim
1456 2095 1471 2121 ·,
1496 2071 1573 2108 ne
1596 2049 1863 2110 daemone
1887 2049 2128 2131 quidem
2150 2063 2395 2133 excepto
2415 2098 2431 2128 7

293 2150 812 2208 Sacramentorum
846 2167 969 2205 esse
995 2140 1373 2204 administros
1396 2166 1587 2227 posse,
1616 2144 1969 2221 Calviniani,
1997 2146 2308 2227 Scripturis
2327 2169 2438 2228 pa·-

293 2244 438 2304 riter
460 2244 682 2325 Spiritu
719 2243 930 2302 Sancto
950 2286 966 2316 7
1000 2252 1066 2300 ut
1091 2239 1202 2299 sibi
1228 2239 1710 2315 blandiebantur,
1730 2240 2060 2322 inspirante
2089 2239 2431 2317 intellectis7

295 2339 586 2400 arcebant
620 2340 893 2399 foeminas
919 2360 953 2396 a
982 2336 1291 2404 collatione
1330 2337 1612 2418 Baptismi
1633 2382 1649 2411 7
1696 2338 1871 2396 etiam
1911 2335 2011 2394 ubi
2047 2336 2294 2397 instaret
2326 2358 2436 2397 ne-

294 2437 566 2510 cessitas;
610 2434 927 2495 Lutherani
963 2455 1068 2492 suo
1097 2433 1320 2515 Spiritu
1358 2435 1570 2492 Sancto
1609 2432 1854 2493 docente
1877 2477 1894 2508 7
1932 2432 2260 2494 absolutam
2307 2445 2433 2494 tue-

291 2532 512 2593 bantur
549 2531 831 2613 Baptismi
858 2529 1267 2590 necessitatem
1283 2529 1357 2588 ad
1385 2529 1633 2588 salutem
1654 2576 1669 2606 7
1713 2529 2038 2590 Calviniani
2065 2529 2272 2588 eodem
2301 2529 2432 2610 Spi-

292 2629 411 2688 ritu
434 2628 711 2687 illustrati
736 2625 1006 2686 eamdem
1023 2623 1322 2703 negabant
1341 2623 1538 2706 quoad
1560 2624 1706 2683 filios
1731 2623 1998 2682 fidelium
2016 2667 2032 2697 7
2051 2633 2110 2682 et
2128 2624 2207 2681 ita
2230 2645 2424 2703 porro.

293 2725 476 2804 Igitur
519 2745 639 2782 non
685 2723 933 2804 Spiritus
974 2722 1031 2780 S.
1079 2721 1182 2801 qui
1230 2722 1497 2799 Spiritus
1541 2724 1810 2780 veritatis
1850 2731 1937 2777 est
1966 2765 1981 2792 7
2027 2719 2129 2778 sed
2164 2719 2430 2779 homines

294 2820 482 2880 fallaci
538 2819 646 2878 hoc
691 2828 1006 2899 systemate
1046 2815 1319 2899 obcaecati
1368 2814 1478 2873 sibi
1522 2813 1860 2874 tribuerunt
1910 2815 2194 2895 Spiritum
2236 2816 2294 2874 S.
2353 2814 2428 2874 ad

294 3044 458 3104 linea,
485 3041 607 3106 puis
624 3056 722 3106 par
742 3037 800 3088 S.
824 3036 965 3087 Paul
981 3044 1026 3084 et
1043 3035 1107 3084 Ios
1127 3038 1322 3100 evaques

268 3126 372 3174 des
395 3123 635 3190 premiers
663 3120 845 3171 siecles.
895 3118 999 3180 Or,
1038 3134 1217 3166 comme
1252 3134 1323 3164 un

292 3210 476 3258 homme
490 3216 678 3274 nepeut
687 3209 854 3254 micum
864 3205 994 3270 faire
1007 3203 1156 3268 qu'un
1165 3202 1319 3261 Dieu,

292 3302 337 3341 et
358 3309 447 3357 que
476 3291 612 3339 Paul
626 3327 639 3349 7
672 3293 863 3356 apotre,
894 3305 953 3335 en
971 3285 1183 3352 fomlam
1208 3284 1324 3333 reel-

293 3374 465 3423 lement
511 3372 552 3420 le
584 3372 981 3430 christianismo,
1017 3386 1047 3416 a
1080 3368 1179 3432 fait
1204 3367 1320 3433 plus

292 3475 383 3525 que
405 3458 547 3505 Je‘sus
566 3493 579 3511 7
609 3456 729 3503 donc
758 3456 902 3503 Jews
927 3452 1044 3500 ‘n’est
1051 3467 1145 3518 pas
1162 3450 1317 3501 Dieu-

293 3539 331 3590 I
329 3541 347 3588 l
362 3548 430 3589 est
452 3538 613 3597 Vides,
632 3546 676 3585 et
692 3536 828 3584 Paul
841 3536 888 3583 la
904 3534 1199 3584 realisation.
1217 3533 1318 3582 Cfr.

294 3627 434 3674 etiam
467 3622 655 3679 Moore,
685 3638 788 3685 pag.
821 3617 941 3682 423.

363 3706 430 3773 (1)
467 3704 572 3755 Jam
604 3704 716 3754 alias
746 3703 1163 3752 animadvertimus
1189 3737 1201 3762 7
1234 3699 1323 3748 hoc

1406 3035 1658 3084 discrimen
1683 3037 1912 3100 interponi
1936 3037 2055 3084 inter
2074 3052 2244 3084 errores
2258 3035 2427 3083 Catho—

1405 3118 1604 3166 licorum
1644 3118 1998 3166 individuorum
2038 3128 2083 3166 et
2121 3134 2292 3165 errores
2317 3116 2429 3164 Pro-

1408 3204 1677 3250 testantium
1699 3238 1711 3259 7
1751 3202 1877 3266 quod
1909 3201 1979 3248 illi
2009 3217 2251 3264 nunquam
2284 3198 2429 3247 tribui

1401 3285 1589 3350 possint
1626 3283 1864 3331 catholicae
1902 3283 2120 3344 doctrinae
2142 3318 2155 3341 7
2189 3298 2292 3347 quae
2328 3290 2425 3330 tota

1404 3366 1622 3414 innititur
1639 3367 1867 3430 principio
1884 3365 2184 3426 auctoritatis;
2218 3366 2290 3412 isti
2309 3380 2429 3412 sem-

1409 3466 1489 3515 per
1523 3448 1669 3496 tribui
1689 3447 1890 3493 debeant
1906 3447 2283 3495 protestantismo
2302 3483 2315 3505 7
2345 3447 2427 3511 qui

1406 3542 1530 3583 totus
1546 3532 1760 3578 innititur
1775 3531 2001 3594 principio
2020 3528 2319 3576 individualis
2334 3528 2427 3575 dis-

1404 3615 1627 3663 cussionis
1669 3621 1716 3661 et
1757 3612 2001 3660 examinis.
2036 3610 2109 3659 Illi
2135 3620 2370 3676 propterea
2400 3625 2426 3655 a

1405 3696 1561 3762 regula
1579 3696 1747 3762 corrigi
1775 3705 1966 3761 possunt
1979 3731 1993 3756 7
2014 3696 2088 3743 isti
2105 3706 2420 3760 nequaquam.
