2502 4134
21 1368 27 1372 ,
103 1316 238 1370 nium
286 1315 603 1364 describemus
649 1333 665 1364 ε

102 1394 270 1460 Epist.
301 1395 367 1442 ad
393 1395 704 1445 Consentium
721 1431 739 1456 ,
767 1412 874 1461 quae
904 1407 971 1445 est
994 1411 1129 1445 120..

397 124 558 164 PART.
606 125 694 162 111.
743 125 898 165 SECT.
947 124 987 164 l.
1035 125 1164 165 GAP.
1207 127 1292 164 111.
1340 126 1406 163 RB
1450 125 1582 163 ΕΔΤ.
1629 124 1763 162 Pos'r
1805 124 1914 161 rm.

2097 84 2211 164 537

105 266 392 329 suasibilia
439 265 764 326 efficiantur
810 267 934 349 (1),
991 265 1068 326 ad
1111 265 1246 326 fidei
1293 286 1358 325 ac
1409 265 1691 326 doctrinae
1735 263 2064 324 christianae
2113 286 2214 324 seu

104 362 394 423 catholicae
445 362 792 444 dignitatem
837 361 1521 443 commendationemque
1561 360 1856 434 conferre,
1899 380 2074 419 nemo
2108 380 2216 419 so·-

100 457 260 517 brius
286 458 504 516 inficias
527 459 719 519 iverit.
752 456 1269 538 Quandoquidem,
1298 467 1692 537 praeterquam
1736 454 1896 537 quod
1924 453 2210 533 ejusmodi

103 551 499 634 pertractandi
546 553 695 612 ratio
743 563 1004 612 mentem
1051 551 1371 611 humanam
1411 550 1639 632 perficit
1659 596 1676 623 ‚
1727 571 1792 609 ac
1839 551 1905 608 in
1941 560 2215 609 sanctua-

176 744 240 807 (1)
287 744 390 793 Huc
433 744 627 793 refertur
654 746 785 792 toties
816 761 842 792 a
875 740 926 793 S.
959 743 1115 808 Augu·

106 829 227 874 stino
257 828 543 875 inculcatum
574 825 855 893 principium
882 843 897 875 ε
930 826 1112 887 Crede,

103 917 159 955 ut
201 908 445 974 intelliqas
464 944 480 970 ‚
535 927 628 975 quo
678 908 843 957 alludit
890 909 945 956 ad
999 909 1116 956 illud

102 988 167 1037 Is.
195 1006 288 1047 vu,
317 1007 380 1056 9,
416 1008 468 1038 ex
503 1006 648 1054 graeca
676 1008 797 1039 vers.
831 1007 920 1037 ixx
952 1007 967 1038 ε
998 988 1119 1038 Nisi

103 1069 423 1133 credideritis,
448 1088 547 1120 non
576 1069 854 1135 intelliqetis
867 1106 886 1132 ‚
916 1073 990 1119 cui
1011 1088 1116 1137 per-

103 1162 244 1216 petuo
272 1155 440 1201 insistit
454 1152 506 1202 S.
523 1153 709 1202 Doctor.
727 1152 999 1219 Speciminis
1018 1170 1118 1218 gra-

101 1235 168 1281 tia
211 1251 357 1282 unum
396 1235 468 1283 vel
502 1235 698 1284 alterum
736 1252 791 1284 ex
821 1252 876 1284 eo
904 1237 1113 1284 testimo-

719 1333 775 1364 ac
824 1325 874 1364 ιο
913 1333 967 1365 ex
1014 1314 1116 1382 ejus

99 1474 221 1524 Cum
255 1478 381 1524 enim
413 1475 683 1525 Consentius
711 1477 840 1525 hunc
864 1477 1009 1525 veluti
1038 1494 1114 1525 ca-

101 1574 274 1606 nonem
304 1560 533 1607 statuisset
564 1575 579 1606 ε
616 1557 730 1607 Non
760 1567 858 1605 tam
894 1560 1022 1606 ratio
1039 1574 1113 1605 re-

100 1640 364 1704 quirenda,
405 1657 550 1705 quam
590 1642 850 1688 auctoritas
877 1639 1115 1704 sequenda

100 1717 426 1783 Sanctorum,
463 1724 528 1769 sic
559 1722 627 1769 illi
656 1721 903 1786 respondet
939 1738 954 1769 z
990 1720 1051 1768 Si
1082 1738 1114 1769 a

100 1819 178 1850 me
203 1802 278 1851 vel
298 1820 329 1849 a
356 1802 562 1867 quolibet
583 1802 767 1851 doctore
790 1819 889 1851 non
918 1800 1115 1850 irratio-

100 1883 330 1932 nabiliter
349 1883 546 1949 fiaqitas
559 1920 577 1946 ‚
613 1892 669 1931 ut
691 1884 818 1949 quod
854 1884 1010 1932 credis
1036 1886 1115 1932 in-

96 1963 315 2030 tefflqas,
356 1968 538 2030 corriqe
575 1965 900 2029 definitionem
940 1974 1072 2014 tuam
1091 1999 1109 2026 ‚

100 2063 202 2095 non
220 2057 272 2095 ut
284 2045 435 2110 fidem
452 2065 650 2114 respuas
665 2083 681 2109 ‚
716 2049 799 2096 sed
817 2057 872 2096 ut
896 2067 951 2098 ea
961 2084 979 2111 ,
1005 2066 1113 2114 quoe

90 2129 221 2192 fidei
241 2128 481 2197 firmitate
501 2133 615 2197 jam
644 2141 801 2188 tenes,
845 2135 991 2182 etiam
1030 2151 1112 2181 ra-

99 2214 251 2260 tionis
272 2212 372 2261 luce
399 2217 729 2280 conspicias...
750 2215 901 2263 Absit
926 2224 980 2263 ut
1007 2215 1112 2263 ideo

99 2298 374 2358 credamus,
405 2315 464 2347 ne
489 2302 723 2348 rationem
745 2301 1109 2366 accipiamus...

98 2377 174 2426 Et
209 2378 314 2427 ideo
344 2381 693 2430 rationabiliter
721 2383 901 2431 dictum
935 2390 1005 2430 est
1021 2399 1114 2448 per

100 2455 387 2525 Prophetam
403 2482 422 2510 .·
437 2463 555 2511 Nisi
569 2464 870 2512 credideritis
878 2500 894 2526 ‚
920 2480 1019 2512 non
1031 2467 1111 2512 'in-

98 2540 330 2606 telliyetis.
375 2543 480 2593 Ubi
504 2546 676 2611 procul
704 2546 850 2594 dubio
885 2545 1114 2594 discrevit

99 2623 202 2672 hoec
239 2624 334 2672 duo
355 2662 370 2685 ,
421 2626 638 2691 deditque
682 2627 938 2676 consi-'ium
960 2665 975 2688 ‚
1021 2644 1113 2693 quo

92 2706 238 2770 prius
267 2706 547 2764 credamus,
579 2717 632 2757 ut
647 2711 703 2757 id
719 2710 846 2775 quod
871 2709 1114 2759 credimus

101 2786 365 2852 intelliqere
395 2788 700 2841 valeamus...
729 2792 990 2859 Propterea
1014 2809 1115 2841 mo-

101 2878 180 2917 net
195 2869 450 2935 Apostolus
465 2871 667 2934 Petrus,
686 2884 884 2939 paratos
910 2891 997 2922 nos
1016 2891 1114 2923 esse

99 2950 263 3000 debere
291 2954 357 3001 ad
381 2956 730 3021 responsionem
753 2958 1116 3023 omniposcenti

101 3050 188 3083 nos
217 3039 449 3086 rationem
488 3038 545 3086 de
580 3036 683 3113 fide
718 3047 765 3086 et
802 3056 883 3104 spe
915 3049 1078 3088 nostra
1093 3058 1113 3101 ,-

100 3118 328 3181 quoniam
367 3121 414 3167 si
445 3137 475 3167 a
515 3137 590 3168 me
628 3118 844 3189 infidelis
877 3124 1114 3171 rationem

9 3211 13 3215 ·
95 3199 255 3265 poscit
277 3196 403 3263 fidei
423 3210 467 3250 et
493 3205 600 3269 spei
616 3220 757 3263 mem,
778 3212 822 3251 et
839 3203 973 3252 video
990 3204 1118 3269 quod

99 3288 357 3345 antequam
395 3283 556 3332 credat
597 3297 763 3350 capere
798 3301 895 3334 non
928 3293 1109 3351 potest,

98 3360 227 3409 hanc
249 3364 350 3428 ipse
378 3365 424 3411 ei
449 3365 590 3415 reddo
616 3369 880 3422 rationem,
909 3368 966 3415 in
993 3384 1115 3432 qua,

97 3443 148 3490 si
166 3440 288 3509 fieri
307 3452 493 3509 potest,
534 3446 721 3511 videat,
755 3465 899 3514 quam
922 3465 1115 3515 proepo·

99 3531 216 3573 stere
233 3534 343 3574 ante
360 3524 509 3590 fidem
521 3538 687 3592 poscat
701 3533 937 3579 rationem
950 3547 1117 3578 earum

98 3623 260 3655 rerum
274 3643 290 3669 ,
338 3625 458 3673 quas
496 3627 662 3677 capere
706 3629 804 3662 non
844 3622 1014 3681 potest.
1057 3613 1118 3662 Si

1200 751 1358 790 autem
1371 743 1483 807 jam
1508 739 1675 807 fidelis
1693 742 1929 789 rationem
1950 744 2140 806 pascat,
2161 748 2217 789 ut

1197 824 1323 889 quod
1353 824 1506 872 credit
1536 823 1800 888 intelliyat‚
1837 824 2083 888 capacitas
2111 825 2215 889 ejus

1198 905 1438 954 intuenda
1466 915 1563 966 est,
1602 913 1658 952 ut
1683 904 1948 952 secundum
1977 906 2215 953 rationem

1198 987 1433 1036 redditam
1459 997 1619 1034 sumat
1628 987 1749 1049 fidei
1761 1004 1863 1035 suae
1878 995 2113 1051 quantum
2123 1003 2214 1052 po-

1198 1080 1287 1119 test
1322 1070 1722 1135 intelliqentiam,
1763 1057 1992 1136 majorem
2024 1071 2072 1117 si
2099 1068 2214 1136 plus

1196 1154 1359 1218 capit,
1401 1154 1637 1200 minorem
1674 1153 1722 1198 si
1753 1153 1920 1199 minus
1936 1169 1956 1212 ,-
1991 1151 2106 1198 dum
2142 1160 2215 1200 ta·-

1197 1251 1306 1281 men
1321 1268 1338 1294 ,
1369 1249 1609 1298 quousque
1653 1232 1719 1281 ad
1754 1231 2113 1299 plenitudinem
2136 1249 2215 1280 co-

1193 1315 1429 1380 qnitionis
1433 1315 1864 1381 perfectionemque
1865 1317 2138 1381 perveniat,
2151 1315 2212 1364 ab

1165 1415 1169 1419 ’
1194 1399 1370 1445 itinere
1390 1397 1511 1461 fidei
1536 1414 1634 1445 non
1658 1397 1905 1447 recedat...
1926 1396 2050 1445 Hoec
2075 1396 2213 1445 dixe-

1195 1479 1289 1525 rim
1304 1515 1321 1535 ,
1361 1488 1416 1526 ut
1438 1477 1589 1545 sidem
1624 1486 1760 1527 tuam
1793 1479 1858 1527 ad
1889 1495 2096 1534 amorem
2129 1481 2211 1526 in-

1195 1557 1470 1623 telliqentioe
1514 1558 1757 1619 cohorter,
1798 1559 1865 1607 ad
1902 1576 2047 1624 quam
2086 1560 2215 1608 ratio

1195 1659 1308 1691 vera
1330 1641 1590 1707 perducit,
1631 1652 1675 1691 et
1710 1644 1794 1691 cui
1815 1639 1945 1710 fides
1982 1643 2207 1690 animum

1185 1732 1497 1789 praeparat...
1547 1724 1703 1772 Porro
1742 1733 1901 1772 autem
1915 1762 1933 1784 ,
1979 1725 2063 1787 qui
2094 1739 2210 1771 cerav

1195 1806 1382 1852 ratione
1397 1809 1507 1871 jam
1534 1805 1660 1871 quod
1690 1805 2017 1855 tantummodo
2042 1806 2205 1853 crede-

1194 1886 1276 1935 bat
1313 1886 1538 1951 intelliqit
1556 1921 1571 1947 ,
1602 1887 1816 1953 profecto
1850 1887 2211 1953 praeponendus

1195 1977 1263 2016 est
1276 1970 1346 2027 ei,
1366 1971 1454 2033 qui
1474 1970 1610 2034 cupit
1630 1968 1790 2017 adhuc
1805 1967 2068 2034 intelliqers
2082 1968 2209 2034 quod

1194 2049 1347 2098 credit
1354 2067 1376 2112 ;
1394 2053 1441 2097 si
1466 2060 1625 2098 autem
1647 2067 1734 2099 nec
1755 2053 1915 2116 cupit,
1941 2060 1984 2099 et
2000 2068 2080 2113 ea,
2101 2067 2210 2116 quoe

1194 2133 1503 2198 intelliqenda
1535 2142 1648 2182 sunt
1665 2168 1679 2192 ,
1725 2126 1964 2183 credenda
1994 2142 2210 2183 tantum-

1195 2215 1331 2263 modo
1366 2217 1638 2272 emi-stimat,
1674 2217 1758 2264 cui
1795 2217 1870 2264 rei
1895 2212 2025 2283 fides
2051 2216 2210 2282 prosit

1193 2297 1387 2360 iqnorat
1409 2301 1539 2362 (cap.
1564 2314 1579 2344 1
1601 2307 1866 2358 etn‚n.2‚
1889 2295 2204 2363 3‚4‚6,7).

1195 2377 1330 2443 Quod
1364 2390 1518 2428 autem
1551 2383 1688 2446 juxta,
1708 2377 1759 2429 S.
1791 2379 2037 2429 Doctorem
2067 2384 2210 2430 suasi-

1193 2463 1305 2511 bilia
1345 2463 1654 2528 intelligentiae
1693 2462 1916 2530 Mysteria
1956 2465 2053 2528 ipsa
2088 2464 2209 2513 effici

1195 2543 1407 2610 possint,
1445 2545 1701 2593 luculenter
1730 2555 1853 2609 patet
1885 2562 1937 2594 ex
1975 2547 2063 2603 iis,
2104 2562 2209 2612 quae

1195 2627 1354 2676 scribit
1381 2631 1431 2675 in
1450 2625 1608 2677 Serm.
1627 2626 1684 2675 de
1703 2627 1833 2676 verb.
1859 2643 2030 2692 evanq.
2052 2625 2171 2677 Luc.
2191 2646 2208 2677 .·

1194 2708 1346 2757 Forte
1377 2709 1433 2756 de
1456 2710 1539 2756 via
1566 2707 1695 2756 mala
1712 2745 1728 2769 ,
1766 2710 1921 2774 inquit
1944 2745 1958 2768 ‚
1991 2707 2078 2756 hoc
2111 2716 2209 2764 est,

1196 2789 1253 2838 de
1267 2792 1368 2839 vita
1385 2789 1515 2839 mala
1536 2792 1774 2855 fatiqatus
1788 2790 1949 2839 nescio
1962 2791 2072 2854 quis
2088 2790 2212 2837 ami-

1195 2890 1280 2921 cus
1312 2883 1454 2930 tuus,
1499 2889 1600 2921 non
1638 2874 1893 2921 inveniens
1932 2874 2207 2933 veritatem,

1195 2971 1290 3020 qua
1320 2955 1494 3003 audita
1517 2964 1563 3004 et
1579 2964 1798 3021 percepta
1817 2992 1830 3015 ‚
1860 2954 2023 3002 beatus
2044 2951 2207 3020 flat...

1196 3039 1326 3086 venit
1350 3037 1416 3085 ad
1441 3047 1485 3086 te
1510 3046 1742 3102 tanquam
1769 3036 1834 3084 ad
1859 3036 2208 3096 christianum,

1195 3129 1241 3168 et
1277 3120 1400 3168 dicit
1424 3140 1441 3169 .·
1473 3119 1633 3167 Redde
1674 3118 1801 3166 mihi
1833 3119 2101 3178 rationem,
2129 3118 2213 3182 fac

1198 3219 1270 3250 me
1295 3202 1641 3250 christianum.
1666 3199 1737 3249 Et
1763 3204 2053 3266 interroqat,
2087 3199 2215 3265 quod

1190 3287 1315 3350 forte
1341 3295 1395 3334 tu
1410 3302 1504 3351 per
1517 3283 1874 3351 simplicitatem
1883 3281 2011 3353 fidei
2027 3285 2212 3332 nescie-
2244 3274 2247 3277 ⁵

1198 3368 1314 3426 bas;
1338 3375 1383 3416 et
1412 3384 1509 3416 non
1540 3374 1609 3414 est
1635 3366 1761 3415 unde
1787 3364 1981 3432 reficias
1999 3367 2212 3414 esurien-

1199 3456 1289 3497 tem
1308 3469 1328 3507 ;
1352 3458 1398 3498 et
1423 3466 1533 3497 cum
1566 3450 1640 3497 vis
1676 3448 1838 3498 docere
1854 3486 1869 3512 ,
1900 3449 2080 3513 coqeris
2110 3445 2211 3493 dis-

1198 3548 1367 3582 cere...
1396 3530 1563 3579 Seculi
1581 3531 1725 3598 hujus
1745 3532 2027 3596 iqnorantia
2048 3526 2212 3577 valida

1197 3622 1268 3662 est
1282 3650 1296 3676 ‚
1330 3613 1415 3662 hoc
1447 3622 1538 3672 est,
1565 3629 1660 3662 nox
1674 3613 1857 3677 media,
1877 3622 1921 3662 et
1935 3618 2069 3676 urqet
2090 3605 2227 3658 ami-⁴
