2502 4134
500 108 661 145 PART.
712 107 798 144 111.
848 106 998 144 SEGT.
1048 105 1111 143 11.
1157 106 1280 143 GAP.
1331 107 1397 142 11.
1447 106 1514 141 1)ss
1559 104 1841 142 METHono.

2100 79 2232 140 575

129 254 286 338 quod
315 252 527 312 attinet
567 252 632 310 in
669 249 1020 329 theologiam
1067 248 1359 318 invectam
1381 293 1397 319 ,
1444 243 1748 308 Abaelardi
1789 245 2042 326 vestigiis
2077 237 2235 309 haud

126 370 334 432 parum
364 347 593 405 inhaesit
629 344 960 404 Hermesius
980 389 998 417 ‚
1035 344 1096 402 in
1121 364 1239 424 quo
1268 342 1482 401 damna
1516 342 1614 401 illa
1634 387 1651 416 ,
1693 362 1819 423 quae
1847 362 2004 401 nunc
2029 361 2238 399 recen-

128 443 347 501 suimus
372 487 386 514 ,
431 462 501 500 ex
543 440 684 513 hac,
725 460 903 520 quam
954 437 1208 519 speciose
1245 447 1457 496 vocant
1500 440 1854 496 euristicam
1890 436 1984 497 vel
2031 435 2240 516 analy-

129 537 300 595 ticam
325 582 340 608 ,
380 533 658 595 methodo
692 534 756 592 in
788 521 1123 592 universam
1159 531 1337 592 fidem
1377 533 1713 613 manantia,
1746 532 1919 591 nimis
1950 542 2150 614 aperte
2179 553 2240 592 se

124 794 216 843 'sibi
254 797 414 844 sectari
456 793 788 859 praestituerat,
823 791 942 842 nihil
971 792 1142 841 scilicet

132 895 227 926 esse
260 877 352 925 fide
383 876 695 936 credendum,
717 874 844 941 quod
872 877 998 939 prius
1025 876 1141 923 ratio

131 958 467 1007 admittendum
496 959 690 1006 omnino
706 974 802 1005 non
818 957 1027 1005 suaderet
1042 993 1054 1016 ‚
1076 967 1144 1004 at-

132 1057 225 1105 que
251 1041 312 1087 ita
337 1050 502 1104 praeter
528 1050 687 1088 caetera
717 1055 832 1104 opus
861 1038 978 1086 illud
1007 1056 1143 1086 suum

133 1123 404 1185 inscriptum
439 1138 454 1170 ε
491 1115 580 1169 Sic
611 1128 656 1169 et
689 1108 822 1182 non,
855 1122 1142 1184 composuit,

133 1204 184 1250 in
216 1221 309 1268 quo
346 1195 544 1253 rationes
570 1219 664 1268 pro
697 1212 746 1251 ot
780 1209 946 1250 contra
977 1196 1172 1250 unam-·

134 1302 374 1351 quamque
420 1286 528 1334 fidei
577 1287 817 1334 veritatem
861 1299 1111 1349 congerens
1131 1320 1144 1341 ‚

135 1369 291 1425 omnia¹
306 1368 519 1432 dogmata
552 1367 691 1415 veluti
728 1365 1011 1430 problemata
1040 1382 1144 1430 spe-

132 1449 295 1504 ctavit,
324 1447 470 1510 logica
498 1449 686 1494 rationis
723 1450 777 1493 vi·
803 1447 1039 1514 solvenda.
1060 1446 1148 1494 Ju—

42 1531 49 1533 ”
123 1525 249 1576 >verit
299 1529 464 1575 iterum
515 1525 674 1574 audire
724 1523 776 1573 S.
823 1523 1109 1579 Bernardum
1136 1559 1150 1586 ‚

138 1607 345 1656 indolem
376 1605 519 1672 hujus
547 1608 808 1674 systematis
836 1608 1002 1654 acriter
1041 1622 1144 1670 per-

140 1699 439 1754 sequentem,
471 1689 719 1751 p'raesertim
747 1690 882 1750 epist.
921 1702 1012 1752 ¹9⁰
1031 1723 1044 1743 ‚
1073 1703 1153 1734 seu

141 1786 299 1834 opusc.
323 1771 461 1827 x1‚in
479 1770 559 1816 cit.
584 1768 695 1816 edit.
725 1767 815 1819 ubi,
833 1769 895 1815 ita
924 1768 981 1815 de
1000 1766 1154 1816 Abac-

139 1849 268 1898 lardo
294 1850 454 1897 scribit
474 1849 533 1897 ad
548 1849 868 1896 Innocentium
885 1848 929 1894 ΙΙ
946 1883 958 1906 ,
985 1865 1088 1913 cap.v
1107 1862 1154 1896 ιε

134 1930 214 1979 -Et
242 1932 362 1996 quid
391 1934 548 1997 maqis
588 1939 754 1980 contra
790 1930 967 1994 fidem,
1010 1946 1156 1994 quam

141 2013 328 2062 credere
355 2013 499 2075 nolle,
522 2013 763 2078 quidquid
785 2030 884 2061 non
904 2015 1063 2079 possit
1080 2029 1161 2060 ra-

141 2098 268 2143 tione
298 2097 528 2160 attingere
545 2099 570 2143 ?
594 2093 811 2160 Denique
826 2111 1059 2161 exponere
1077 2111 1159 2143 vo-

141 2175 243 2224 lens
260 2175 384 2224 illud
412 2174 688 2242 Sapientis,
729 2175 836 2244 Qui
860 2176 1014 2224 credit
1037 2178 1156 2236 cito,

145 2249 261 2304 leuis
279 2266 347 2306 est
363 2258 500 2306 corde
511 2295 525 2314 ‚
549 2261 651 2306 cito
659 2259 846 2307 credere
863 2268 952 2315 est,
971 2260 1161 2328 inquit,

145 2338 515 2404 adhiberefidem
525 2349 636 2388 onte
651 2343 900 2389 rationem.
910 2341 968 2389 Et
978 2356 1079 2407 cap.
1090 2358 1136 2389 iv
1150 2362 1164 2393 τ

149 2419 243 2468 Nec
263 2423 440 2469 mirum
456 2458 471 2478 ‚
506 2425 797 2488 prosequitur
810 2462 823 2484 ‚
851 2425 898 2472 si
918 2423 1056 2491 homo
1076 2429 1167 2489 qui
1178 2455 1181 2458 -

148 2518 246 2550 non
282 2510 423 2551 curat
447 2520 554 2568 quoe
591 2505 722 2554 dicat
741 2543 754 2562 ,
789 2508 983 2554 irruens
1009 2508 1066 2554 in
1083 2523 1165 2554 ar·

149 2601 273 2633 cana
293 2584 414 2648 fidei
430 2622 442 2640 ,
471 2585 717 2635 thesauros
744 2588 1043 2637 absconditos
1060 2590 1167 2654 pie-

150 2667 262 2713 tatis
302 2674 399 2713 tam
441 2668 753 2717 irreverenter
791 2670 985 2718 invadit
1028 2679 1167 2735 atque

152 2745 411 2811 discor-pin
448 2763 558 2795 cum
597 2748 654 2796 de
693 2751 800 2815 ipsa
836 2744 1016 2816 pietate
1049 2751 1170 2814 fidei

151 2842 238 2874 nec
262 2829 347 2892 pie
374 2845 463 2876 nec
481 2829 689 2891 fideliter
712 2835 908 2882 sentiat.
943 2830 1167 2898 Denique

152 2909 208 2955 in
225 2910 387 2973 primo
412 2909 580 2959 limine
603 2911 871 2977 theoloyioe,
908 2913 983 2962 cel
997 2917 1163 2980 pocius

153 2989 424 3055 stultiloqioe
454 3010 555 3040 suoe
582 2994 729 3057 fidem
767 2995 934 3058 definit
955 2998 1166 3046 ,oestima-

154 3071 347 3122 tionem.
379 3072 539 3138 Quasi
563 3077 736 3139 cuique
763 3078 819 3124 in
842 3094 897 3125 ea
926 3081 1104 3127 sentire
1120 3088 1165 3127 et

154 3149 287 3214 loqui
311 3168 416 3215 quw
442 3154 586 3203 libeat
615 3155 787 3218 liceat,
815 3167 902 3207 aut
924 3152 1178 3225 pendeant·

154 3232 242 3279 sub
262 3234 444 3284 incerto
469 3238 525 3284 in
552 3241 687 3302 vaqis
712 3255 770 3287 ac
793 3242 947 3299 variis
971 3244 1162 3307 opinio-

157 3314 303 3362 nibus
324 3324 495 3366 nostre
513 3314 976 3383 fideipacramenta,
1005 3333 1050 3372 ee
1067 3341 1167 3373 non

157 3400 311 3461 necyia
331 3407 457 3447 certa
474 3403 670 3453 veritate
693 3405 972 3456 subsistant.
993 3407 1167 3456 Nonne

154 3481 202 3526 si
227 3477 443 3540 fluctuat
474 3482 625 3544 fides,
668 3489 838 3535 inanis
878 3497 945 3536 est
978 3496 1024 3548 et
1061 3506 1166 3555 spes

158 3570 318 3611 nostra
333 3563 368 3610 Ρ
397 3562 545 3612 Stulti
568 3581 676 3629 erqo
713 3567 958 3634 Martyres
975 3573 1163 3626 'nosco-i,

1222 793 1509 840 sustinentes
1537 799 1636 839 tam
1667 790 1837 838 acerba
1852 842 1855 844 ,
1859 799 2061 856 propter
2086 792 2246 840 incer-

1222 855 1303 933 ta,
1336 888 1423 920 nec
1456 872 1727 920 dubitantes
1773 871 1861 920 sub
1900 871 2047 920 ,dubio
2078 889 2243 922 remu-

1224 954 1493 1003 nerationis
1515 954 1720 1019 praemio
1749 953 1928 1021 durum
1945 970 2038 1020 per
2064 955 2244 1003 exitum

1224 1030 1514 1084 diuturnum
1547 1037 1678 1084 inire
1713 1034 1935 1084 exilium.
1970 1035 2068 1083 Sed
2092 1036 2243 1098 absit,

1225 1127 1280 1166 ut
1298 1125 1523 1183 putemus
1555 1118 1612 1164 in
1631 1117 1731 1180 fide
1766 1115 1839 1165 vel
1866 1133 1949 1183 spe
1974 1126 2137 1167 nostra
2150 1117 2246 1167 ati-

1226 1199 1377 1264 qus'd‚
1401 1208 1456 1247 ut
1484 1200 1529 1246 is
1549 1206 1717 1264 putat,
1749 1199 1899 1247 dubia
1925 1202 2248 1250 «estimatione

1220 1279 1524 1347 pendulum5
1545 1289 1590 1328 et
1611 1297 1710 1328 non
1728 1283 1886 1344 maqis
1915 1289 2065 1329 totum
2081 1319 2097 1339 ,
2121 1282 2252 1348 quod

1229 1365 1283 1412 in
1305 1380 1361 1411 ea
1381 1374 1474 1418 est,
1494 1372 1621 1411 certa
1646 1381 1704 1412 ac
1733 1364 1887 1412 solida
1916 1367 2113 1414 veritate
2135 1366 2251 1415 sub-

1229 1446 1434 1501 nixum,
1465 1444 1677 1492 oraculis
1705 1454 1752 1492 et
1781 1446 2032 1494 miraculis
2060 1448 2254 1496 divini-

1215 1530 1308 1570 'tus
1330 1540 1621 1588 persuasum
1638 1560 1656 1586 ,
1700 1525 1966 1574 stabilitum
2011 1536 2057 1576 et
2093 1544 2255 1580 conse-

1231 1610 1419 1650 cratum
1475 1611 1628 1669 partu
1692 1602 1921 1669 Viryinis
1940 1641 1956 1666 ,
2017 1612 2254 1673 sanquine

1218 1683 1586 1757 ’Redemptoriffi
1601 1683 1756 1747 qloria
1772 1691 2082 1752 resurqentis.
2100 1687 2250 1738 Testi-

1236 1770 1403 1814 monia
1419 1770 1513 1815 isla
1531 1768 1784 1817 credibilia
1793 1771 1930 1834 sacta
1946 1783 2058 1820 sunt
2075 1776 2252 1825 nimis.

1237 1845 1299 1899 Si
1315 1865 1406 1913 quo
1431 1850 1625 1911 minus,
1660 1852 1766 1916 ipse
1781 1862 2022 1917 postremo
2037 1854 2257 1920 Spiritus

1239 1932 1397 1979 reddit
1446 1935 1775 1982 testimonium
1819 1938 2024 2000 spiritui
2066 1947 2251 1999 nostro,

1238 2014 1364 2079 quod
1389 2014 1489 2079 filii
1518 2015 1618 2063 Dei
1652 2033 1836 2067 sumus.
1868 2020 2115 2083 Quomodo
2148 2038 2257 2087 erqo

1235 2096 1380 2160 fidem
1402 2098 1511 2161 quis
1527 2098 1669 2146 audet
1687 2097 1839 2146 dicere
1861 2103 2254 2167 (estimationem,

1241 2179 1340 2225 nisi
1373 2180 1461 2243 qui
1492 2181 1718 2244 spiritum
1756 2182 1903 2228 istum
1932 2182 2147 2231 nondum
2176 2201 2258 2233 ac-

1243 2263 1393 2325 cepit,
1419 2262 1559 2325 quive
1585 2259 1906 2326 annqelium
1933 2265 2120 2327 iqnoret
2133 2301 2150 2323 ‚
2173 2275 2261 2314 aut

1238 2341 1459 2405 fabulam
1466 2350 1602 2406 putet
1615 2343 1716 2396 Ρ..
1735 2343 2141 2395 Academicorum
2159 2349 2262 2395 sint

1244 2425 1351 2471 istoe
1380 2425 1717 2472 oestimationes
1736 2460 1752 2488 ,
1782 2442 1984 2489 quorum
2017 2434 2088 2475 est
2113 2427 2258 2476 dubi-

1243 2514 1345 2553 tare
1373 2505 1430 2552 de
1454 2505 1699 2574 omnibus,
1723 2508 1846 2554 scire
1859 2506 2006 2557 nihil.
2029 2507 2261 2559 Hactenus

1245 2585 1295 2635 S.
1323 2587 1606 2636 Bernardus.
1636 2586 1827 2636 Consuli
1861 2592 1999 2638 etiam
2027 2601 2175 2655 potest
2203 2592 2262 2642 de

1248 2669 1504 2737 Abaelardo
1552 2667 1805 2719 Gaufridus
1827 2707 1840 2730 ,
1892 2672 1978 2720 lib.
2028 2689 2081 2721 m
2105 2709 2119 2735 ‚
2162 2676 2263 2723 vitae

1247 2752 1455 2818 ejusdem
1499 2751 1658 2800 Sancti
1676 2790 1690 2811 ‚
1737 2770 1839 2816 cap.
1884 2751 1931 2801 5.
1971 2754 2083 2819 Ejus
2127 2772 2264 2820 porro

1249 2834 1460 2892 doctrina
1484 2837 1740 2900 proscripta
1758 2846 1827 2885 est
1849 2846 1895 2885 et
1920 2837 2025 2886 libri
2055 2839 2266 2888 damnati

1246 2915 1304 2964 ab
1341 2915 1618 2964 Inn'ocentio
1664 2916 1729 2965 11.
1773 2917 1868 2965 Cfr.
1919 2917 2046 2969 Acta
2074 2919 2262 2970 Concil.

1248 2996 1475 3045 Harduini
1494 3035 1507 3056 ‚
1540 3009 1655 3046 tom.
1682 3015 1758 3058 v1‚
1790 3011 1905 3063 part..
1930 3017 1990 3060 ιι,
2013 3002 2105 3050 col.
2137 3017 2260 3050 12²1

1248 3091 1292 3128 et
1322 3099 1452 3147 seqq.
1487 3081 1670 3140 Fcustra
1700 3099 1835 3146 porro
1866 3082 2084 3148 discipuli
2117 3084 2267 3135 Abac-

1248 3163 1362 3210 lardi
1386 3163 1535 3210 adnisi
1561 3174 1671 3212 sunt
1701 3164 1923 3228 vindicias
1955 3169 2163 3234 magistri
2194 3169 2266 3216 sui

1248 3247 1480 3308 suscipere
1499 3282 1514 3304 ‚
1550 3261 1723 3294 nomen
1761 3247 1989 3312 siquidem
2018 3247 2263 3296 Abaelardi

1248 3327 1548 3375 rationalismi
1585 3339 1692 3377 nota
1725 3320 1935 3377 inustum
1973 3331 2031 3379 ad
2066 3333 2263 3395 posteri-

1249 3417 1388 3457 tatem
1417 3413 1654 3474 pervenit,
1687 3428 1775 3460 nec
1801 3413 1892 3460 nisi
1915 3412 2158 3478 palynodia
2182 3429 2264 3477 po-

1251 3493 1338 3539 tuit
1370 3493 1467 3555 ipse
1501 3509 1597 3541 sese
1631 3510 1656 3541 a
1692 3495 2265 3558 promeritadamnatione

1251 3572 1462 3621 liberare.
1910 3582 1926 3588 ”
1951 3580 1956 3586 ’
