2502 4134
196 175 273 234 12

810 192 1004 233 TRAc‘r.
1051 195 1119 231 DE
1163 194 1314 234 LOCIS
1355 195 1737 236 THEOLOGICIS.

190 335 444 398 basilicis
466 381 482 412 .‚
530 335 692 419 apud
738 335 1136 420 Ciampinium
1181 336 1306 418 (1),
1353 337 1706 420 Aringhium
1753 338 1845 423 (2)
1891 339 2151 423 aliosque
2172 386 2189 418 ,
2236 344 2342 426 qui

192 455 261 495 ea
299 444 689 493 monumenta
724 431 1087 514 collegerunt
1122 455 1187 493 ac
1213 432 1620 511 illustrarunt,
1665 456 1913 520 quaeque
1945 448 2085 498 ante
2124 437 2339 499 Gelasii

192 528 498 590 decretum
515 527 747 608 jamdiu
770 527 1055 590 extabant
1083 530 1148 588 in
1174 527 1425 590 Ecclesia
1446 531 1730 592 Romana.
1763 535 1945 593 Porro
1978 553 2051 593 ex
2083 531 2173 592 his
2195 554 2340 594 con-

192 637 335 701 stat,
368 624 549 685 libros
570 625 1167 688 deutero-canonicos
1191 647 1259 686 ea
1277 626 1343 684 in
1364 625 1616 688 Ecclesia
1634 629 1720 688 uti
1735 649 1926 689 sacros
1953 640 2014 689 et
2034 629 2342 690 canonicos

192 721 429 783 habitos
473 744 708 806 semper
742 723 935 784 fuisse.
972 724 1165 806 Atque
1207 733 1274 782 ut
1309 721 1534 805 aliquot
1577 724 1720 785 inde
1761 725 2034 808 exempla
2075 726 2342 809 profera-

194 841 363 895 mm,
402 819 466 878 in
504 817 743 879 basilica
781 821 843 878 S.
884 817 1048 878 Pauli
1084 819 1177 881 via
1206 819 1501 894 Ostiensi,
1543 840 1577 878 a
1613 820 1672 878 S.
1702 821 1894 882 Leone
1934 823 2015 881 M.
2057 822 2340 895 musiviS,

195 917 441 999 picturis
481 915 855 999 historiisque
891 915 1199 990 decorata,
1237 912 1599 975 exhibentur
1635 914 1872 976 oracula
1907 937 2205 980 sacrorum
2245 920 2343 979 Bi-

196 1012 456 1073 bliorum
472 1034 506 1072 a
521 1012 735 1074 Genesi
754 1011 830 1071 ad
851 1011 1291 1096 Apocalypsim3
1313 1011 1555 1094 insuper
1573 1012 1638 1071 in
1655 1011 1842 1074 valvis
1865 1013 2045 1073 aeneis
2059 1013 2344 1074 Ostiensis

191 1109 376 1191 ipsius
398 1106 652 1170 basilicas
678 1108 1061 1189 designantur
1075 1106 1387 1189 Prophetae
1405 1153 1422 1183 ‚
1447 1114 1605 1168 inter
1625 1130 1771 1191 quos
1786 1109 1995 1169 visitur
2018 1109 2304 1169 ΒΑΡΟΥΧ
2325 1155 2342 1183 ,

195 1204 463 1280 Baruch,
500 1206 600 1288 qui
628 1204 967 1286 adjungitur
997 1203 1265 1264 Jeremiae
1286 1249 1302 1279 ,
1334 1203 1607 1286 interque
1643 1203 1994 1280 versiculos,
2028 1206 2130 1287 qui
2163 1204 2348 1265 addu-

195 1312 411 1362 cuntur
447 1323 520 1362 ex
545 1302 832 1377 Jeremia,
865 1301 1080 1382 legitur
1109 1300 1172 1358 in
1211 1299 1387 1379 hujus
1416 1300 1688 1382 pugillari
1719 1323 1733 1360 :
1768 1302 1896 1362 Hic
1923 1303 2089 1363 Deus
2111 1312 2315 1361 noster
2324 1346 2349 1375 ,

196 1409 253 1457 et
277 1420 399 1458 ‘non
427 1399 844 1477 imputabitur
867 1399 1032 1456 alius
1047 1421 1066 1464 ,-
1090 1417 1221 1478 quae
1251 1395 1435 1456 verba
1460 1407 1669 1456 extant
1690 1396 1919 1458 Baruch
1940 1442 1956 1472 ‚
1988 1397 2102 1472 ΙΙΙ,
2130 1396 2208 1456 36
2234 1397 2348 1476 (3).

199 1492 421 1554 Tabula
445 1494 620 1555 tertia
647 1492 901 1554 cubiculi
923 1493 1083 1553 tertii
1112 1493 1436 1553 coemeterii
1462 1491 1803 1552 Callixtiani
1832 1492 2144 1553 historiam
2174 1492 2358 1553 refert

199 1589 395 1651 Tobiae
434 1589 552 1671 (4);
602 1591 667 1650 in
717 1590 1073 1672 sarcophago
1123 1589 1289 1649 Junii
1333 1589 1493 1648 Bassi
1540 1589 1754 1650 Daniel
1796 1589 2154 1673 conspicitur
2198 1589 2359 1650 inter

197 1686 400 1748 leones
440 1686 654 1748 illaesus
698 1687 820 1769 (5);
869 1688 1135 1747 Susanna
1161 1731 1177 1760 ‚
1222 1707 1256 1745 a
1297 1686 1601 1745 seniorum
1648 1685 1958 1746 calumniis
1999 1685 2305 1748 vindicata
2337 1730 2354 1760 ,

201 1785 421 1868 passim
462 1784 527 1843 in
568 1784 813 1866 picturis
855 1781 1266 1844 vetustissimis
1302 1782 1553 1842 occurrit
1594 1782 1706 1862 (6);
1741 1782 2022 1865 frequens
2059 1782 2206 1842 item
2242 1780 2353 1841 ad·-

203 1880 453 1942 modum
475 1892 566 1942 est
592 1882 657 1940 in
678 1879 938 1963 antiquis
964 1880 1371 1941 monumentis
1393 1879 1698 1963 inscriptio
1732 1903 1746 1939 :
1787 1882 1991 1960 Alpha
2011 1891 2068 1940 et
2092 1885 2314 1961 Omeya
2326 1921 2350 1952 ,

272 2149 341 2215 (1)
361 2148 542 2199 Vetera
566 2151 894 2211 monimenta,
911 2147 1073 2197 Romae
1094 2145 1241 2214 1690.

203 2231 434 2301 Pleraque
452 2233 575 2283 facta
591 2269 606 2294 ‚
630 2248 735 2301 quae
753 2233 1023 2282 referuntur
1041 2233 1093 2279 in
1110 2230 1241 2279 libris

206 2314 666 2365 deutero-canonicis
689 2313 802 2364 Vct.
832 2325 878 2365 et
913 2312 1036 2364 Novi
1073 2312 1239 2363 Testa-

207 2399 356 2447 menti
376 2436 390 2461 ,
418 2401 469 2447 in
487 2400 680 2464 picturis
692 2434 709 2460 ‚
733 2398 981 2463 sculpturis
999 2398 1117 2446 etin
1135 2413 1243 2462 ope-

208 2480 338 2530 ribus
368 2483 560 2530 musivis
577 2480 952 2530 Christianorum
976 2480 1148 2528 aedium
1165 2496 1243 2527 ex-

206 2582 363 2632 pressa
412 2566 649 2615 habentur
667 2603 681 2627 ,
724 2583 819 2614 una
857 2583 968 2615 cum
1005 2564 1098 2613 illis
1138 2581 1243 2631 quae

206 2649 442 2698 habentur
461 2648 695 2714 descripta
716 2646 922 2715 inlibris
935 2658 1242 2714 proto-cano-

207 2733 330 2780 nicis
359 2733 602 2798 utriusque
633 2729 861 2779 Foederis.

281 2813 346 2878 (2)
386 2812 539 2861 Roma
558 2813 875 2861 subterranea
892 2846 907 2870 ‚
938 2811 996 2858 in
1026 2808 1147 2857 duos
1172 2817 1242 2857 to-

210 2912 313 2944 mos
329 2894 591 2943 distributa
603 2931 621 2958 ,
641 2894 803 2943 Romae
828 2890 918 2942 165
929 2909 945 2941 1
960 2928 973 2942 .
987 2891 1085 2941 Cfr.
1101 2894 1242 2940 etiam

210 2978 406 3040 Bostari,
418 2975 674 3026 Sculturee
680 2978 865 3044 pitture
879 2991 1035 3041 saqre,
1051 2982 1243 3023 estratte

214 3061 304 3110 dai
340 3062 575 3109 cimiterii
611 3061 664 3108 di
694 3061 881 3122 Roma,
919 3058 1014 3109 vol.
1046 3075 1124 3118 111,
1155 3057 1241 3106 fol.

212 3144 365 3194 Roma
395 3145 522 3212 1737
545 3183 558 3205 ‚
586 3160 690 3211 quae
713 3154 780 3193 est
797 3142 1008 3192 collectio
1028 3142 1244 3190 omnium

213 3229 546 3293 copiosissima.
580 3226 739 3276 Plures
769 3244 824 3275 ex
857 3226 929 3274 his
958 3226 1148 3291 picturis
1170 3241 1244 3273 re-

215 3311 305 3360 fert
344 3312 483 3360 etiam
516 3309 816 3375 d'Agincourt
859 3307 913 3356 in
953 3325 1034 3373 op.
1079 3305 1244 3355 Storia

216 3392 326 3441 dell’
364 3401 467 3441 arte
507 3392 790 3440 dimostrata
828 3392 906 3442 coi
940 3390 1240 3449 documenti,

217 3477 339 3526 trad.
368 3476 446 3525 dal
473 3476 623 3524 franc.
653 3475 787 3525 Prato
822 3472 970 3524 1826.

289 3561 353 3626 (3)
393 3560 491 3610 cfr.
523 3561 688 3610 Franc.
704 3558 1009 3609 Blanchinius
1026 3597 1039 3620 ‚
1063 3555 1145 3624 op.
1165 3558 1248 3607 cit.

221 3643 457 3695 Amostae.
499 3643 718 3695 biblioth.
755 3646 845 3694 loc.
888 3647 967 3693 cit.
1002 3643 1086 3693 ubi
1115 3644 1253 3692 lucu-

221 3725 372 3776 lenter
393 3728 622 3791 ostendit,
654 3728 891 3795 quomodo
914 3745 967 3778 ex
990 3736 1255 3776 sanctorum

1323 2143 1588 2213 Martyrum
1615 2144 1886 2194 coemeteriis
1905 2180 1920 2205 ‚
1960 2143 2035 2194 vel
2071 2144 2210 2192 sacris
2237 2141 2350 2190 aedi-

1322 2227 1412 2277 hus
1455 2230 1718 2294 primorum
1760 2227 2006 2277 titulorum
2046 2244 2101 2276 ac
2136 2225 2355 2274 basilica-

1322 2328 1430 2360 rum
1454 2348 1468 2371 ,
1513 2311 1573 2360 ab
1611 2313 1712 2377 ipsa
1750 2320 1880 2360 astate
1922 2310 2210 2376 apostonca,
2249 2318 2357 2357 ante

1322 2395 1652 2461 pontificatum
1685 2393 1859 2444 Gelasii
1895 2411 2046 2443 canon
2076 2395 2178 2443 erui
2214 2393 2357 2459 possit

1324 2479 1553 2528 librorum
1569 2478 1861 2545 singulorum
1879 2477 2127 2544 utriusque
2142 2476 2325 2537 soederis
2339 2512 2353 2535 ,

1324 2572 1380 2611 ut
1396 2564 1546 2627 reipsa
1566 2562 1782 2611 adductis
1808 2561 2105 2632 documentis
2123 2561 2223 2623 ipse
2242 2574 2355 2607 con-

1323 2645 1441 2693 ficit.
1466 2642 1576 2692 Vid.
1611 2652 1730 2692 tom.
1761 2659 1844 2702 in,
1877 2638 2118 2708 pag.‘196
2145 2650 2192 2691 et
2219 2657 2356 2708 seqq.-

1402 2724 1470 2789 (4)
1509 2721 1638 2774 lbid.
1665 2742 1773 2790 pag.
1803 2740 1919 2774 200.

1392 2808 1461 2871 (5)
1499 2808 1639 2874 Apud
1654 2807 1934 2873 Aringhium
1949 2845 1962 2868 ,
1983 2824 2063 2871 op.
2083 2810 2165 2859 cit.
2182 2817 2299 2856 tom.
2313 2823 2356 2867 1,

1324 2894 1409 2943 lib.
1439 2908 1510 2954 11,
1538 2909 1643 2959 cap.
1688 2909 1747 2942 ιο
1767 2930 1781 2955 ,
1821 2892 1903 2941 De
1930 2894 2055 2942 viris
2088 2891 2360 2941 illustribus

1325 2977 1383 3024 in
1404 2974 1656 3025 Vaticano
1685 2975 1896 3024 conditis
1909 3012 1925 3038 ,
1950 2983 1996 3024 et
2014 2975 2072 3023 de
2090 2974 2362 3042 sepulchris

1325 3057 1795 3126 sepulchralibusque
1810 3057 1999 3125 inse-rip
2007 3058 2224 3107 tionibus
2233 3055 2368 3124 apud

1326 3141 1607 3192 vaticanum
1637 3143 1995 3203 coemeterium,
2032 3159 2139 3207 pag.
2176 3137 2275 3205 275
2319 3148 2369 3187 et

1327 3244 1462 3293 seqq.
1489 3225 1574 3275 ubi
1600 3227 1743 3274 etiam
1766 3225 2045 3274 exhibentur
2071 3223 2244 3273 tabulae
2272 3238 2363 3271 aere

1327 3311 1507 3358 incisae.
1544 3307 1861 3374 sarcophagus
1891 3307 1920 3358 J
1927 3310 2027 3357 unii
2053 3307 2180 3356 Bassi
2216 3307 2370 3370 signa-

1339 3402 1414 3441 tus
1448 3403 1515 3442 est
1548 3392 1796 3441 consulatu
1836 3391 2028 3440 Eusebii
2061 3398 2108 3438 et
2146 3388 2373 3455 Hyppatii

1337 3478 1538 3542 (nempe
1569 3493 1692 3525 anno
1723 3491 1819 3523 aerae
1852 3475 2016 3522 christ.
2039 3470 2196 3538 359),
2220 3487 2372 3536 reper-

1336 3573 1506 3628 tusque
1534 3571 1602 3610 est
1627 3578 1735 3610 cum
1756 3557 1971 3626 pluribus
1994 3556 2094 3607 aliis
2117 3558 2169 3605 in
2191 3557 2364 3623 cryptis

1338 3646 1583 3695 vaticanis.

1412 3727 1475 3793 (6)
1513 3727 1637 3777 lhid.
