2502 4134
364 178 520 218 PAR‘r.
566 179 630 216 11.
680 177 804 214 cn».
854 176 918 212 11.
967 175 1032 210 m:
1077 174 1253 217 nivin.
1297 173 1430 212 cm.
1484 174 1626 211 unu.
1674 174 1880 212 msrm.
2098 156 2171 215 81

60 321 434 390 emendatum
457 357 485 394 ‚1
506 318 665 379 idem
689 316 870 377 habet
895 316 1346 376 fundamentum
1394 334 1458 374 ac
1488 313 1636 373 illud
1664 360 1679 388 .‚
1717 313 1874 396 quod
1898 314 2174 374 adversa-

59 419 176 477 rius
217 416 469 475 affirmat
508 413 698 472 adhuc
741 433 864 471 esse
899 410 1337 470 emendandum
1360 454 1376 483 ,
1415 408 1817 468 incredibilem
1862 408 2076 469 scilicet
2110 411 2177 468 in

62 511 370 572 asserendo
392 509 805 569 temeritatem.
836 508 993 565 Circa
1020 506 1273 565 subsidia
1302 502 1615 579 naturalia,
1642 503 1814 584 paulo
1841 515 2008 578 ante,
2034 504 2178 586 quid

64 605 433 667 sentiendum
458 605 559 680 sit,
586 602 982 684 exposuimus

151 701 286 760 127.
337 699 425 759 Ad
449 699 531 758 4¹1¹
555 745 570 773 ,
606 701 763 758 Dz‘st.
801 699 885 756 Ita
922 709 987 755 ut
1025 718 1095 755 ex
1127 695 1216 755 his
1251 705 1530 777 appareat
1564 687 1924 774 Scripturam
1961 715 2183 755 sacram

59 796 408 878 inspiratam
432 816 551 852 non
582 794 754 851 fuisse
779 792 970 874 quoad
997 790 1175 851 verba
1195 836 1211 865 .,
1249 802 1475 858 tran3.;
1511 788 1703 871 quoad
1728 808 1819 846 res
1846 797 2019 868 atque
2048 810 2184 848 sen-

65 891 305 963 tentiaS‚
330 911 471 970 quas
496 886 951 948 amanuensibus
975 885 1350 967 hagiographi
1367 883 1668 943 dictabant
1684 928 1699 957 ,
1729 903 1856 962 neq.
1887 883 2009 940 Hoc
2024 883 2183 942 enim

68 985 236 1045 nobis
263 984 470 1043 suffisit
496 983 569 1042 ad
597 1004 720 1063 rem
744 993 1028 1039 nostram.

154 1080 290 1138 128.
342 1078 427 1137 Ad
451 1078 556 1150 5¹1¹,
580 1076 730 1154 Ney.
755 1074 903 1132 Satis
929 1073 1147 1154 quippe
1170 1083 1289 1145 est,
1318 1075 1507 1130 Deum
1535 1073 1859 1153 providisse
1887 1095 1992 1154 per
2011 1073 2185 1132 infal-

70 1174 232 1233 libile
261 1172 519 1232 Ecclesiae
548 1169 941 1248 magisterium
962 1213 977 1241 ,
1017 1168 1323 1248 ipsamque
1350 1167 1632 1226 divinitus
1665 1167 1837 1228 fuisse
1873 1167 2189 1248 legitimam

72 1269 498 1350 Scripturarum
521 1264 904 1344 interpretem
922 1262 1299 1321 constitutam
1322 1307 1337 1335 ,
1358 1273 1426 1319 ut
1447 1261 1624 1343 paulo
1639 1275 1773 1344 post
1796 1263 2189 1324 ostendemus.

72 1364 204 1421 Haec
238 1381 411 1443 porro
441 1357 750 1417 difficultas
779 1357 928 1417 solos
963 1359 1359 1416 Protestantes
1391 1379 1522 1414 suos
1550 1358 1802 1438 impetit.

158 1456 294 1513 129.
331 1455 416 1514 Ad
442 1454 504 1512 in
535 1455 640 1528 6¹¹1,
671 1455 827 1513 Disc.
859 1453 927 1512 Id
950 1464 1063 1526 est,
1081 1473 1201 1510 non
1231 1451 1552 1511 excludunt
1575 1474 1607 1510 a
1628 1474 1689 1513 se
1712 1454 1857 1511 sacri
1885 1454 2192 1537 scriptores

73 1552 329 1610 humana
364 1549 629 1631 praesidia
652 1595 667 1623 7
698 1560 764 1607 ut
801 1548 972 1607 toties
1008 1546 1264 1605 diximus
1288 1592 1304 1616 .,
1335 1568 1540 1615 conc.,·
1568 1569 1729 1607 secus
1764 1559 1955 1608 trans.
1994 1551 2075 1608 Ex
2105 1550 2194 1609 his

78 1644 578 1707 observationibus
606 1656 839 1702 tantum
879 1654 1334 1724 consequeretur
1354 1688 1369 1716 7
1398 1642 1554 1723 quod
1583 1643 1995 1705 contendimus
2019 1691 2034 1720 ,
2074 1668 2196 1705 non

75 1763 242 1824 posse
270 1763 340 1800 ex
364 1740 537 1799 sacris
554 1740 723 1798 unice
746 1739 975 1799 Litteris
995 1784 1011 1814 .,
1034 1750 1228 1796 amota
1253 1737 1514 1809 Ecclesiae
1540 1740 1907 1811 auctoritate,
1933 1721 2194 1800 divinam

77 1836 435 1916 singulorum
476 1834 760 1894 librorum
796 1835 1210 1894 canonicorum
1247 1833 1474 1892 ostendi
1513 1834 1977 1915 inspirationem.
2027 1836 2197 1910 Quod

80 1953 217 1991 vero
240 1930 475 1989 additur
501 1931 579 2003 ,de
600 1930 914 2012 diligenter
941 1927 1342 1989 examinandis
1365 1929 1575 2009 spiritu
1598 1929 1799 1990 divino
1827 1932 1967 1989 actis
1987 1975 2003 2004 .,
2029 1932 2194 2013 puti-

81 2025 221 2084 dum
239 2026 607 2086 mendacium
625 2037 732 2086 est.
758 2024 926 2085 Aliud
947 2023 1234 2106 siquidem
1257 2036 1346 2083 est
1362 2069 1376 2095 .
1404 2023 1562 2104 quod
1583 2023 1832 2106 probare
1853 2026 2193 2101 debeamuS‚

81 2124 333 2198 spiritus
363 2143 447 2179 an
480 2142 550 2178 em
587 2122 708 2180 Deo
736 2125 900 2192 sint,
931 2131 997 2178 ut
1023 2120 1104 2177 ait
1138 2117 1196 2177 S.
1235 2121 1490 2178 Joannes
1520 2118 1632 2177 loc.
1672 2121 1751 2178 cit
1771 2166 1786 2193 ‚
1824 2121 1979 2179 aliud
2001 2168 2016 2196 .,
2044 2122 2202 2204 quod

84 2214 234 2287 viri,
262 2215 377 2274 -Dei
419 2215 624 2303 spiritu
663 2236 799 2274 vere
832 2215 976 2288 acti,
1022 2215 1279 2273 examini
1325 2212 1632 2292 subigendi
1687 2216 1837 2288 sint,
1885 2218 2040 2297 quod
2078 2241 2200 2277 non

86 2319 351 2366 asserunt
385 2309 495 2366 nisi
544 2308 650 2366 soli
683 2308 1075 2367 rationalistae.
1125 2308 1366 2388 Reliqua
1408 2329 1582 2388 porro
1614 2308 1757 2370 ibid.
1801 2311 2042 2390 allegata
2077 2310 2200 2372 loca

87 2423 209 2460 non
242 2413 379 2460 sunt
404 2401 478 2466 ad
506 2423 634 2461 rem
668 2403 779 2481 (1).

173 2495 308 2554 130.
361 2495 447 2554 Ad
480 2497 588 2570 7m7
620 2496 768 2575 Neq.
807 2497 952 2553 Cum
979 2516 1115 2554 vero
1139 2494 1297 2554 idem
1321 2516 1551 2575 semper
1582 2497 2012 2578 Scripturarum
2049 2500 2198 2560 abu·

90 2613 184 2649 sus
216 2602 478 2650 occurrat
499 2591 560 2648 in
585 2590 792 2648 iisdem
822 2588 1136 2668 allegandis
1154 2634 1170 2662 ,
1200 2589 1641 2671 supersedemus
1667 2591 1740 2650 ab
1771 2592 1838 2650 iis
1862 2592 2198 2673 singillatim

94 2683 521 2766 expendendi3‚
551 2684 710 2765 quod
736 2695 1012 2765 praestare
1044 2682 1286 2764 quilibet
1318 2704 1422 2764 per
1452 2706 1512 2743 se
1539 2697 1747 2766 potest.

178 2778 311 2838 131.
360 2778 448 2838 Ad
472 2779 576 2854 8¹¹²,
606 2779 757 2859 Ney.
789 2778 1040 2836 Historia
1073 2798 1330 2859 namque
1353 2778 1670 2838 incultioris
1697 2785 1975 2863 cujusque
1998 2785 2201 2865 populi

93 2873 155 2932 id
179 2894 362 2932 unum
401 2874 617 2933 evincit
641 2918 657 2947 ,
695 2894 1032 2954 persuasam
1067 2893 1282 2953 nempe
1324 2871 1658 2932 hominibus
1698 2879 1903 2955 quovis
1940 2888 2205 2960 tempore

96 2968 261 3028 fuisse
281 3013 298 3043 ,
327 2990 451 3027 non
486 2990 518 3027 a
558 2967 676 3026 sola
705 2969 931 3027 ratione
953 2960 987 3041 ,’
1007 2966 1505 3049 quemadmodum
1538 2968 1760 3029 vellent
1797 2971 2199 3050 rationalistae,

167 3155 230 3221 (l)
266 3156 538 3223 Apostolus,
583 3156 684 3206 Gal.
721 3175 755 3206 u
777 3195 790 3218 ,
834 3156 869 3206 6
888 3194 902 3218 ,
938 3160 1106 3217 refert,
1191 3157 1360 3206 subdit.
1378 3157 1606 3219 Demum,
1625 3174 1729 3218 xiv,
1751 3174 1840 3224 29,
1874 3161 2082 3226 ejusdem
2111 3166 2208 3229 epi-

103 3251 150 3284 se
179 3236 294 3286 nihil
323 3238 381 3287 ab
412 3239 681 3287 hominibus
707 3242 956 3305 accepisse,
985 3241 1063 3289 sed
1084 3258 1111 3288 a
1192 3240 1338 3298 stolae‚
1363 3240 1567 3306 loquitur
1585 3240 1642 3287 de
1659 3240 1790 3288 donis
1800 3244 1936 3304 gratis
1960 3242 2076 3291 datis
2094 3254 2207 3293 tunc

73 3364 77 3367 .
105 3315 201 3364 solo
228 3316 361 3382 Deo3
398 3337 415 3367 ι
443 3329 599 3369 autem
630 3321 739 3369 Cor.
770 3337 831 3383 x,
874 3319 932 3370 15
953 3358 968 3382 ,
1001 3323 1112 3370 scri·
1192 3322 1242 3368 in
1269 3320 1469 3369 Ecclesia
1502 3321 1845 3370 communibus.
1866 3321 2053 3371 Judicet
2074 3342 2205 3374 nunc

103 3396 178 3444 bit
203 3416 215 3445 :
259 3397 325 3447 Ue
341 3402 658 3465 prudentibus
691 3402 880 3468 loquor,
911 3421 993 3454 vos
1016 3405 1114 3470 ipsi
1192 3402 1358 3463 lector,
1386 3404 1500 3469 quid
1522 3402 1812 3452 sentiendum
1829 3404 1890 3453 sit
1905 3405 1964 3454 de
1982 3418 2200 3471 perpetuo

90 3477 342 3542 judicate,
370 3483 484 3545 quid
499 3484 631 3546 dico,
652 3501 817 3550 nempe
832 3485 958 3534 haud
977 3489 1105 3550 posse
1186 3482 1521 3549 Scripturarum
1551 3483 1703 3534 abusu
1738 3502 1792 3534 ex
1833 3495 1959 3551 parte
2003 3488 2196 3536 istorum

109 3560 407 3610 christianum
428 3567 695 3630 participem
711 3567 811 3616 fieri
827 3583 995 3616 mensae
1009 3566 1106 3615 Do·
1186 3564 1455 3616 hominum.

109 3643 225 3690 mini
254 3650 297 3690 et
318 3658 484 3691 mensae
515 3645 841 3697 daemoniorum
858 3683 877 3711 ,
916 3658 967 3697 ut
988 3647 1104 3696 ibid.

190 3720 255 3778 T.
306 3721 402 3779 IX.
646 3736 651 3741 ’
1919 3725 1955 3781 6
