2502 4134
2099 126 2215 184 469

317 147 474 188 PART.
518 148 606 184 111.
658 147 807 184 SBCT.
855 148 899 183 1.
946 147 1067 186 GAP.
1115 149 1155 185 1.
1199 149 1267 186 lut
1311 149 1441 185 ΕΔΤ.
1494 149 1622 186 ΔΝΤ.
1667 148 1771 186 ΕΠ).
1800 148 1995 208 7ΒΡΕὮΤ.

105 292 240 348 Hoc·
265 309 464 365 unum=
491 308 665 368 porro
716 299 1128 367 argumentum
1177 288 1415 348 firmum
1457 309 1524 347 ac
1560 288 1885 368 legitimum
1927 287 2215 363 declarat3

98 396 290 444 cetera
325 383 543 461 rejicitt,
578 384 720 464 quin
757 387 878 442 imo
905 404 1003 443 eos
1041 384 1264 464 carpit,
1307 383 1407 464 qui
1453 383 1621 465 plura
1657 395 1979 463 congerunt
2013 383 2088 443 ad
2112 385 2219 444 Dei

102 479 469 538 existentiam
516 477 883 559 probandam
921 488 1268 556 argumenta
1295 522 1311 550 a
1343 478 1562 559 quippe
1606 499 1735 559 quae
1777 478 1863 537 nil
1904 478 2064 538 aiiud
2091 477 2220 537 effi·-

100 574 264 631 ciunt
301 573 410 632 nisi
449 573 596 632 illud
649 573 861 646 etiam,
912 571 1071 653 quod
1118 573 1356 630 firmum
1397 583 1522 647 est,
1562 584 1898 651 suspectum
1942 574 2219 645 reddere,

101 678 278 746 atque
310 671 398 726 ita
425 669 828 747 irreparabile
864 668 1292 726 detrimentum
1343 665 1599 725 afferunt
1626 667 1740 747 (1).
1776 667 1864 726 Ad
1907 689 2220 747 argumen-
2306 679 2309 682 ’

101 774 230 820 tum
274 761 944 845 physico-theologicum
1003 759 1163 843 quod
1221 761 1472 834 attinet,
1533 783 1680 843 opus
1737 774 1923 838 esset,
1979 761 2223 822 adnotat

105 860 472 934 HermesiuS‚
519 871 587 918 ut
619 859 765 918 ratio
802 848 1146 938 *adigeretur
1195 852 1539 930 admittere,
1591 858 1748 939 quod
1786 861 1893 918 iste
1934 858 2110 935 orde,
2157 879 2223 918 ac

103 955 308 1013 finium
346 954 750 1016 convenientia
786 954 849 1011 in
879 954 1186 1025 universo,
1218 952 1452 1010 nonnisi
1479 973 1625 1034 opus
1672 955 2077 1034 intelliqentioe
2100 973 2224 1012 esse

106 1053 302 1128 possit.
339 1050 509 1132 Atqui
540 1049 650 1108 hoc
697 1069 1004 1130 nunquam
1041 1047 1188 1106 ratio
1222 1046 1339 1105 sola
1382 1048 1520 1105 satis
1549 1047 1817 1107 evincere
1861 1046 2079 1107 valebit
2109 1047 2219 1126 (2).

107 1146 186 1203 Ex
223 1134 507 1204 Hermesii
533 1145 708 1222 igitur
738 1149 945 1203 mente
971 1143 1299 1200 theoreticae
1350 1142 1564 1200 rationi
1608 1143 1851 1202 minime
1900 1153 2221 1223 repugnat,

105 1240 261 1321 quod
303 1238 655 1298 admirabilis
698 1237 791 1297 hic
835 1258 1036 1296 rerum
1095 1236 1277 1310 orde,
1324 1236 1614 1317 complete
1654 1249 1984 1318 spectatus7
2030 1259 2226 1298 causa-

105 1356 352 1414 rumque
408 1332 674 1391 finalium
737 1342 1011 1390 constans
1082 1330 1484 1392 subordinatio
1546 1351 1708 1389 mero
1769 1334 1926 1391 casui
1987 1333 2225 1392 fortuito

103 1426 480 1487 adscribatur.
808 1479 811 1481 Α
1212 1480 1214 1483 f

185 1521 322 1582 188.
368 1520 534 1579 Circa
567 1519 832 1597 divinam
873 1523 1187 1577 essentiam
1229 1520 1407 1598 exigit
1448 1519 1631 1593 ratic,
1673 1520 1831 1600 quod
1854 1523 2006 1580 Deus
2030 1523 2104 1580 sit
2123 1543 2226 1581 ens

103 1639 212 1700 per
233 1638 293 1676 se
313 1617 575 1676 existens
598 1614 783 1675 veluti
805 1616 1151 1673 substantia
1164 1638 1183 1680 ,·
1209 1618 1299 1672 vis
1333 1619 1602 1673 creatrix·
1623 1637 1781 1683 una,
1811 1623 2028 1684 unica,
2063 1629 2236 1675 ceter-

105 1735 225 1785 na,
266 1714 576 1782 absoluta,
618 1711 980 1788 personalis3
1019 1731 1084 1767 ac
1120 1708 1361 1768 demum
1401 1709 1560 1790 quod
1614 1711 1870 1770 mundus
1911 1715 2229 1771 ‘'nutabili-s

107 1818 360 1888 nequeat
399 1827 522 1865 esse
562 1806 892 1883 subjectum
933 1806 1019 1864 vis
1053 1803 1225 1880 hujus
1248 1848 1265 1878 ,
1310 1825 1501 1884 neque
1549 1807 1891 1863 substantia
1930 1810 2081 1865 Deus
2119 1807 2227 1885 (3)

104 1903 163 1960 Si
190 1902 319 1983 quis
345 1921 485 1960 vero
531 1910 854 1981 quaereret,
894 1897 1094 1956 subdit
1118 1898 1488 1972 HermesiuS‚
1518 1910 1719 1957 utrum
1755 1900 2082 1961 divinitatis
2119 1901 2231 1960 ali-

107 2000 264 2080 quod
297 2001 628 2077 subjectum
654 1996 861 2072 detur3
891 2008 952 2056 et
975 2018 1049 2055 an
1074 1995 1231 2054 istud
1263 1996 1340 2054 sit
1364 1997 1637 2055 mundus
1663 2000 1789 2076 ipse
1811 2000 1982 2056 nobis
2000 2002 2230 2058 immu—

178 2261 248 2326 (l)
281 2260 399 2309 Sunt
416 2260 554 2310 verba
582 2260 810 2308 Hermesii
830 2297 842 2318 ‚
867 2255 1114 2324 pag-413,
1196 2258 1352 2315 potuit
1386 2259 1551 2316 utique
1583 2260 1740 2304 eadem
1772 2261 1967 2318 efficere,
2008 2263 2088 2307 ubi
2126 2276 2230 2308 suos

110 2343 188 2391 ubi
216 2345 496 2406 praemiserat
527 2360 541 2391 :
571 2349 801 2394 Hactenus
823 2361 853 2392 a
874 2361 943 2392 me
965 2360 1119 2405 perse·
1198 2333 1417 2389 ΡΤΟΡΝὌις
1445 2334 1581 2389 fine-5,
1608 2335 1656 2378 si
1683 2335 1754 2379 ila
1778 2336 1902 2393 lOQui
1924 2337 1999 2392 fas
2021 2342 2106 2391 θεῖ,
2125 2351 2237 2394 1²8⁷*-

108 2430 216 2470 cuta
243 2426 326 2469 hac
357 2426 411 2469 de
437 2438 488 2470 re
521 2425 740 2470 tractatio
772 2425 933 2468 saltem
970 2425 1125 2479 aperte
1208 2407 1504 2464 sequebatur?
1527 2410 1712 2465 quandO
1735 2412 1900 2467 qnippe
1922 2424 2015 2455 ἢθη
2045 2414 2137 2456 isla
2165 2415 2236 2456 vssl
2265 2452 2268 2455 -

110 2502 329 2554 ostendet,
363 2501 487 2545 haud
512 2503 629 2545 certe
649 2513 742 2544 mm
774 2512 863 2543 0333
892 2511 990 2543 rem
1015 2498 1127 2542 adeo
1207 2483 1294 2527 illa
1305 2484 1398 2536 vis,
1417 2484 1493 2527 sed
1513 2488 1577 2527 tot
1593 2485 1715 2528 vires
1733 2483 1951 2544 (quantas
1969 2488 2072 2544 quis
2088 2488 2226 2554 scit?)

108 2576 367 2633 empedigam
415 2575 542 2620 istud
585 2575 938 2630 fundamentum
975 2573 1125 2617 omnis
1209 2570 1341 2602 suam
1361 2558 1648 2602 activitatem
1666 2561 1946 2607 eoeercebant.
1964 2561 2078 2615 Quis
2090 2575 2234 2619 porro

111 2653 339 2709 theoloyioe
393 2651 545 2696 valide
590 2651 909 2695 demonstrare
927 2687 939 2706 ‚
991 2653 1128 2706 atque

112 2724 238 2779 hine,
271 2727 381 2770 dum
400 2725 571 2782 aliquis
597 2729 660 2769 tot
679 2724 972 2782 probationes
992 2727 1131 2780 putat

110 2814 156 2846 se
170 2801 333 2845 habere
350 2801 402 2844 in
415 2803 634 2857 promptu
645 2834 658 2853 ‚
678 2800 852 2857 poterit
863 2799 967 2856 jam
979 2798 1134 2855 ‚suspi-

111 2877 282 2921 cionem
316 2875 479 2919 habere
518 2876 571 2918 de
610 2874 819 2919 omnibus
836 2908 849 2928 ,
889 2886 988 2931 quw
1021 2873 1132 2917 tales

113 2952 468 3006 eaeistimantur,
492 2957 580 2995 ete.

184 3027 245 3088 (⁸2)
261 3027 333 3074 lta
347 3044 479 3090 porro
494 3034 839 3089 argumentatur
849 3024 1133 3072 Hermesius:

120 3105 268 3161 Quum
302 3113 521 3167 uryetur,
562 3109 910 3166 productionem
947 3119 1134 3165 operum

118 3182 450 3238 humanarum,
472 3185 616 3230 veluti
636 3197 791 3242 eoe.9r.
806 3185 990 3237 domus,
1013 3195 1135 3227 nun-

119 3269 256 3314 quam
279 3270 309 3301 a
328 3260 453 3303 eoecis
474 3259 653 3304 viribus
676 3258 972 3317 operantibus
992 3258 1134 3315 repeti

116 3345 244 3390 posse
261 3367 273 3387 ‚
299 3347 470 3391 parum
506 3337 615 3381 inde
663 3336 908 3394 probatur.
946 3333 1003 3378 In
1037 3336 1138 3391 effe-

117 3408 264 3452 ctione
280 3421 465 3465 operum
482 3411 794 3467 humanarum
815 3410 939 3455 debet
961 3413 1138 3453 natura

118 3494 211 3526 non
225 3495 329 3528 suos
346 3484 518 3541 ipsius,
541 3487 617 3531 sed
633 3491 813 3532 nostros
831 3488 941 3542 fines
960 3485 1022 3528 ad
1041 3483 1141 3528 ewi-

122 3561 217 3600 tum
241 3559 509 3615 perducere,·
539 3553 599 3604 id
621 3554 727 3619 eryb
757 3562 879 3620 quod
910 3562 1017 3618 ipsa
1049 3572 1142 3604 non

121 3631 280 3688 efficit,
316 3633 395 3677 ubi
427 3647 508 3679 nos
539 3635 629 3691 ipsi
660 3638 793 3692 finem
825 3637 1108 3694 proefiqimus
1129 3663 1140 3680 ‚

1209 2646 1292 2678 nos
1321 2634 1441 2692 coyit
1473 2635 1742 2690 admittere,
1775 2638 1896 2693 quod
1930 2642 2107 2682 natura
2139 2643 2235 2682 sta-

1216 2708 1320 2762 tim,
1342 2709 1500 2768 primo
1522 2710 1666 2753 veluti
1679 2710 1838 2766 jactu,
1865 2725 1977 2769 opus
2000 2726 2133 2756 suum
2157 2713 2237 2757 ab·

1212 2785 1433 2828 solverit?
1464 2783 1584 2828 Num
1618 2786 1719 2842 ipsa
1750 2799 1842 2830 non
1875 2789 2030 2844 potu-it
2066 2790 2236 2834 multas

1212 2860 1310 2903 sine
1351 2872 1542 2904 numero
1586 2861 1713 2904 edere
1746 2862 2073 2918 productiones
2091 2898 2102 2917 ‚
2137 2877 2236 2921 quae

1213 2946 1365 2978 omnes
1392 2935 1445 2978 in
1474 2935 1636 2978 ordine
1658 2948 1711 2979 ac
1732 2937 1896 2992 finium
1918 2939 2237 2983 convenientia

1214 3010 1472 3066 deficerent,
1493 3023 1546 3054 ac
1561 3011 1758 3068 proinde
1774 3012 1952 3055 nullam
1967 3013 2237 3068 firmitatem

1215 3084 1456 3140 haberent,
1482 3098 1715 3142 quousque
1740 3087 1923 3130 tandem
1944 3100 2041 3132 una
2062 3101 2119 3132 eoe
2139 3089 2234 3134 illis

1219 3157 1290 3220 (et
1312 3160 1415 3217 quis
1438 3160 1586 3204 dicere
1597 3166 1746 3217 posset
1760 3168 1863 3218 post
1880 3166 1989 3219 quot
2008 3164 2238 3219 transfor-

1216 3236 1439 3279 mationes
1451 3233 1493 3294 ?)
1521 3235 1625 3279 bene
1641 3238 1849 3291 cesserit,
1869 3251 1968 3294 quoe
1983 3251 2139 3298 nempe
2157 3240 2238 3283 hoc

1217 3311 1288 3354 ita
1311 3310 1416 3354 bene
1435 3311 1706 3355 ordinatum
1723 3313 1932 3369 aptisque
1947 3314 2115 3370 finibus
2132 3327 2238 3358 con-

1218 3390 1346 3429 stans
1363 3386 1630 3430 universum
1646 3388 1958 3442 constituerit,
1979 3393 2115 3446 atque
2133 3389 2240 3432 hinc

1220 3461 1274 3504 in
1302 3473 1347 3503 se
1381 3460 1733 3515 fundamentum
1764 3463 1945 3508 stabilis
1974 3463 2239 3510 durationis

1223 3540 1465 3586 habuerit?
1490 3552 1593 3598 pag.
1627 3533 1742 3598 411.

1295 3614 1359 3679 (3)
1398 3617 1504 3681 Pag.
1537 3615 1635 3682 395
1663 3624 1708 3667 et
1742 3636 1840 3684 seq.
