2502 4134
311 119 430 180 340

929 139 1128 181 TRACT.
1175 141 1245 180 DE
1287 143 1440 183 touls
1483 147 1855 191 THEOLOGIGIS.

311 284 541 344 animus
570 282 765 341 ideam
798 281 1122 342 existentias
1156 305 1307 361 suae,
1342 285 1508 346 nullo
1540 287 1655 350 alio
1679 274 1919 353 rationis
1943 295 2231 378 principio
2260 297 2442 358 inter-

307 382 528 462 posit0,
567 376 783 435 nullius
820 377 1278 438 ratiocinationis
1317 402 1427 462 ope
1451 427 1466 456 ,
1505 382 1609 442 scd
1637 387 1879 446 omnino
1915 389 2131 451 directe
2161 393 2440 475 percipit3

306 487 480 556 atque
512 473 649 532 hinc
682 474 931 555 propriae
962 475 1284 535 existentiae
1321 477 1536 537 veritas
1571 478 2135 546 demonstrationem
2172 510 2293 546 non
2333 508 2439 569 pa-

306 570 482 644 titur,
525 589 659 627 cum
702 569 765 626 in
802 569 953 628 sacto
990 571 1304 646 consistat,
1345 572 1447 631 sed
1482 594 1551 632 eo
1592 575 1718 655 ipso
1750 576 1910 657 quod
1948 579 2012 636 in
2046 580 2294 641 dubium
2329 605 2439 644 vo-

306 676 469 724 cetur
491 710 506 738 ,
551 665 909 741 affirmatur,
953 675 1135 747 eaque
1171 669 1596 729 contumaciter
1629 670 1952 752 denegata,
1991 675 2142 735 nulli
2173 691 2438 760 superest

304 761 649 841 cognitioni,
693 761 844 821 nulli
886 763 1223 842 cogitationi
1258 763 1420 823 locus
1449 766 1563 846 (1).
1644 763 1647 764 ⁷

301 1010 650 1076 subjectivum,
688 1009 885 1060 alterum
919 1009 1203 1077 objectivum
1234 1012 1327 1060 dis-

304 1095 551 1157 tinguens,
598 1095 824 1159 inquirit,
862 1094 1098 1159 quomodo
1129 1094 1328 1160 phoeno-

303 1177 544 1224 menicum
579 1173 684 1240 qu
723 1176 845 1241 effici
875 1176 1191 1225 substantiale
1223 1196 1328 1243 pos-

301 1260 377 1319 sit,
390 1257 620 1324 quomodo
637 1277 691 1307 ex
705 1259 962 1323 subjectiva
979 1262 1028 1307 in
1040 1260 1324 1323 objectivum

299 1358 353 1389 ac
382 1340 503 1389 reale
521 1344 734 1390 transire.
758 1341 935 1407 Nempe
955 1346 1114 1391 omnia
1141 1344 1243 1391 haec
1268 1362 1323 1392 ex

299 1422 616 1472 abstractionis
645 1424 795 1472 abusu
829 1425 1096 1488 profluunt,
1127 1443 1221 1491 quo
1246 1428 1319 1474 vi-

299 1506 467 1555 delicet
495 1508 569 1554 isti
602 1504 859 1571 philosophi
898 1525 1033 1571 supra
1063 1507 1111 1554 id
1148 1526 1318 1570 omne,

299 1589 426 1655 quod
468 1598 534 1636 est
570 1588 831 1654 subjectum
878 1600 922 1637 et
968 1589 1229 1654 objectam,
1273 1609 1321 1640 se

298 1671 512 1720 extollere
537 1671 730 1730 volunt,
761 1688 814 1719 ac
837 1672 892 1719 ad
906 1689 1090 1737 purum
1114 1674 1320 1736 coqitare

298 1752 384 1801 'aut
399 1756 575 1802 sentire
588 1791 600 1814 ‚
620 1756 843 1801 nimirum
860 1759 987 1802 omni
1007 1773 1189 1820 prorsus
1203 1757 1317 1803 sub-

284 1842 413 1905 jecto
441 1857 495 1888 ac
518 1839 692 1905 objecto
718 1856 876 1887 carens
902 1843 1140 1905 pervenire
1150 1878 1165 1904 ,
1190 1842 1318 1908 quod

296 1922 487 1988 quidem
539 1923 743 1986 implicat
800 1924 850 1969 in
912 1924 1135 1972 terminis,
1204 1923 1318 1973 Jure

291 2005 489 2069 proinde
516 2005 745 2053 scribebat
772 2002 965 2054 Bautain
986 2041 998 2063 ‚
1022 2007 1070 2052 in
1092 2008 1173 2054 cit.
1191 2002 1314 2071 Psy-

251 2086 503 2151 -chohqie
534 2088 768 2152 experim.
809 2092 926 2139 tom.
969 2101 1013 2147 ι,
1055 2105 1159 2152 pag.
1194 2102 1313 2154 229.

295 2166 347 2216 Il
372 2186 405 2234 y
433 2187 463 2217 a
491 2186 552 2217 en
577 2168 772 2232 general
799 2168 921 2216 dans
948 2167 989 2215 Ie
1018 2178 1318 2217 mouvement

286 2251 653 2317 philosophique
714 2251 771 2299 de
839 2250 1152 2316 l'Allemayne
1200 2253 1316 2318 plus

294 2335 670 2398 d'imaqination
694 2351 783 2399 que
811 2333 1187 2398 cl’intelliqence,
1218 2344 1263 2382 et
1278 2334 1319 2383 il

293 2435 352 2465 en
382 2426 478 2465 sort
500 2416 659 2483 plutot
700 2417 780 2464 des
814 2417 1129 2464 abstractione
1168 2417 1224 2465 de
1267 2417 1314 2465 la

285 2505 484 2566 pensee,
499 2497 754 2565 sormulees
783 2516 844 2547 en
870 2501 1051 2563 imayes
1075 2485 1137 2546 ou
1158 2504 1316 2565 repre'-

293 2589 470 2632 senlees
502 2600 562 2631 en
589 2582 843 2647 symboles,
866 2599 960 2646 que
981 2582 1038 2628 de
1066 2582 1314 2630 veritables

292 2666 439 2716 idees.
471 2666 583 2714 Haec
614 2671 771 2714 tamen
803 2666 919 2713 dum
949 2662 1010 2712 de
1038 2663 1181 2729 hujus
1210 2665 1313 2729 phi-

288 2750 514 2815 ·losophiae
553 2749 706 2797 indole
749 2764 831 2813 pro
871 2750 1058 2795 veritate
1095 2748 1311 2797 observa-

293 2852 427 2895 mus,
459 2850 557 2880 non
588 2835 648 2880 ita
672 2830 974 2896 intelligenda
1003 2840 1142 2891 suut,
1178 2832 1311 2896 quasi

292 2916 587 2965 Germaniam
634 2923 782 2962 totam
834 2916 1046 2961 incusare
1093 2911 1308 2964 velimus-

291 3000 487 3048 Fervent
507 3001 667 3063 utique
693 2996 868 3044 ibidem
900 2993 1086 3042 utilium
1108 2995 1310 3060 discipli·-

291 3099 454 3129 narum
479 3079 628 3135 studia
645 3116 658 3139 ,
689 3080 863 3144 egregia
895 3077 1061 3125 florent
1089 3078 1272 3140 ingenia
1291 3115 1305 3138 ‚

290 3165 464 3228 optima
499 3165 549 3210 in
580 3162 737 3210 'lucem
779 3176 914 3224 opera
951 3158 1212 3224 prodeunt,
1248 3177 1302 3207 ac

289 3249 340 3293 in
362 3244 570 3309 pluribus
588 3253 710 3292 certe
725 3241 977 3290 Catholicis
993 3241 1137 3289 solida
1158 3244 1306 3290 scien-

287 3329 354 3376 tia
384 3340 492 3372 cum
519 3326 703 3372 sincerae
734 3323 984 3388 Religionis
1015 3338 1175 3370 amore
1189 3339 1302 3370 con-

282 3411 443 3475 juncta
472 3408 612 3470 viget.

353 3488 420 3554 (1)
457 3487 558 3535 Hoc
581 3496 851 3551 argumento
879 3481 1169 3552 potissimum
1199 3488 1300 3553 jam

286 3589 399 3620 usus
428 3580 524 3620 erat
556 3568 836 3635 Augustinus
860 3570 917 3618 ad
944 3570 1162 3635 scepticos
1188 3586 1296 3618 con·

285 3650 585 3713 fundendos,
630 3651 688 3701 de
727 3650 896 3718 quibus
933 3653 1032 3717 ipse
1066 3651 1293 3714 adnotat,

1410 1012 1492 1061 De
1533 1012 1722 1065 Trinit.
1767 1015 1851 1065 lib.
1896 1036 1988 1079 xv,
2031 1035 2134 1085 cap.
2173 1035 2229 1069 12
2261 1037 2275 1069 :
2311 1021 2437 1071 Cam

1408 1096 1539 1142 enim
1591 1096 1685 1144 duo
1739 1102 1844 1145 sint
1895 1117 2075 1163 qenera
2123 1118 2285 1150 rernm
2328 1121 2436 1169 quoe

1407 1181 1658 1238 scin-ntur,
1686 1198 1842 1229 unum
1867 1200 2061 1242 earum,
2093 1203 2201 1250 quoe
2223 1204 2315 1252 per
2331 1205 2437 1237 sen-

1407 1277 1491 1309 sus
1515 1266 1730 1328 corporis
1748 1266 1962 1331 percipit
1986 1268 2212 1328 animus,
2233 1268 2437 1318 alterum

1406 1360 1573 1391 earum
1619 1363 1726 1409 qnoe
1758 1364 1852 1411 per
1890 1350 2136 1413 seipsum,
2185 1350 2335 1398 mulla
2360 1351 2438 1399 illi

1396 1425 1677 1491 philosophi
1706 1430 1990 1491 qarrierunt
2021 1440 2187 1479 contra
2221 1434 2433 1498 corporis

1405 1523 1574 1555 sensus
1588 1544 1606 1570 ,
1640 1511 1804 1557 animi
1823 1518 1985 1558 autem
2003 1513 2234 1576 quasdam
2250 1514 2434 1579 firmis-

1404 1591 1555 1638 simas
1564 1609 1656 1656 per
1669 1609 1718 1640 se
1741 1594 1903 1658 ipsum
1923 1597 2254 1660 perceptiones
2269 1613 2432 1645 rerum

1404 1687 1660 1736 verarum,
1701 1673 1839 1738 quale
1872 1674 1996 1722 illud
2033 1684 2101 1723 est
2132 1677 2260 1740 quod
2293 1678 2429 1737 dixi,

1403 1756 1501 1801 scio
1529 1767 1604 1802 me
1625 1757 1784 1804 vivere
1795 1793 1812 1818 ,
1830 1774 2133 1822 nequaquam
2149 1761 2207 1806 in
2225 1759 2431 1809 dubium

1402 1852 1570 1884 vocare
1594 1847 1875 1903 potuerunt.
1916 1837 2005 1888 Sed
2037 1842 2124 1889 cfr.
2163 1842 2278 1890 ibid.
2312 1844 2426 1892 sub-

1402 1918 1493 1966 tilis
1523 1921 1767 1984 Augustini
1805 1939 1856 1970 ea
1886 1922 1944 1970 de
1975 1940 2024 1971 re
2058 1925 2108 1971 in
2142 1925 2428 1975 academicos

1402 2001 1670 2066 disputatio.
1727 2004 1823 2052 [loc
1886 2007 2040 2068 ipsum
2099 2018 2426 2070 argumentum

1400 2086 1549 2134 multo
1567 2097 1674 2135 ante
1689 2087 1962 2136 adhibuerat
1979 2088 2159 2137 Tullius
2172 2126 2185 2149 ‚
2219 2090 2268 2137 T
2266 2091 2423 2142 viscul.

1399 2165 1487 2215 lib.
1518 2185 1534 2214 1
1555 2206 1568 2228 ,
1609 2185 1712 2233 cap.
1754 2185 1816 2217 22
1838 2207 1851 2229 ,
1883 2170 1947 2217 23
1968 2207 1982 2230 ‚
2019 2171 2100 2218 ubi
2136 2173 2255 2220 inter
2278 2184 2423 2223 cetera

1399 2249 1559 2296 scribit
1583 2248 1708 2297 :Sed
1733 2252 1776 2296 si
1797 2250 1957 2315 qualis
1984 2253 2049 2298 sit
2075 2254 2297 2315 animus,
2321 2258 2426 2321 ipse

1397 2333 1595 2378 animus
1626 2334 1838 2394 nesciat,
1880 2333 1960 2381 dic
1990 2351 2181 2398 quoeso,
2230 2353 2289 2384 ne
2326 2355 2425 2386 esse

1397 2413 1590 2476 quidem,
1627 2431 1676 2461 se
1704 2417 1860 2462 sciet?
1901 2432 1962 2462 ne
2006 2420 2185 2465 moveri
2227 2420 2418 2482 quidem

1396 2499 1483 2543 se?
1525 2496 1686 2544 Sentit
1720 2499 1875 2561 iqitur
1902 2501 2098 2546 animus
2127 2517 2176 2548 se
2206 2509 2421 2565 moveri,-

1394 2579 1522 2644 quod
1549 2598 1660 2630 cum
1685 2584 1856 2642 sentit,
1894 2581 2019 2629 illud
2047 2599 2148 2630 una
2174 2586 2343 2645 sentit,
2369 2603 2419 2634 se

1394 2663 1450 2709 vi
1474 2678 1594 2722 sua,
1631 2679 1730 2710 non
1761 2662 1923 2711 aliena
1961 2667 2158 2713 ntoveri.
2198 2666 2264 2714 lta
2295 2668 2415 2717 hanc

1396 2746 1630 2793 veritatem
1654 2746 1837 2809 propria
1865 2748 2062 2811 quisque
2082 2747 2312 2796 evidentia
2327 2785 2339 2807 ,
2360 2766 2413 2797 ac

1393 2827 1657 2873 communis
1688 2826 1928 2875 hominum
1962 2844 2120 2876 sensus
2140 2845 2319 2892 semper
2335 2845 2412 2894 ag-

1392 2923 1581 2954 noscere
1611 2907 1773 2956 debuit
1798 2926 1853 2957 ex
1883 2911 1981 2973 ipso
1999 2910 2338 2958 evidentissimo
2357 2929 2411 2959 ac

1391 2989 1643 3036 certissimo
1674 2992 1983 3054 perceptionis
2015 2990 2162 3049 facto,
2199 3008 2293 3056 quo
2325 3009 2410 3056 po-

1392 3073 1477 3118 sito
1502 3070 1890 3134 incompossibilis
1916 3082 1982 3119 est
2007 3073 2150 3136 ipsius
2172 3090 2267 3121 non
2294 3077 2410 3122 exis-

1391 3154 1553 3202 tentia.
1586 3150 1750 3200 Nescio
1781 3155 1956 3219 igitur,
1991 3170 2105 3214 cur,
2141 3157 2178 3201 si
2211 3157 2318 3220 quis
2348 3158 2408 3205 ad.

1390 3236 1662 3285 recentiores
1685 3237 1904 3298 scepticos
1930 3253 1982 3283 ac
2012 3236 2239 3285 idealistas
2269 3239 2407 3288 resel-

1385 3316 1550 3366 lendos
1578 3335 1632 3366 ex
1668 3317 1756 3365 hoc
1783 3317 2047 3366 indubitato
2089 3319 2209 3367 sacto
2242 3323 2403 3384 primi-

1385 3403 1477 3448 tivo
1519 3399 1887 3465 philosophando
1935 3400 2231 3461 exordiatur,
2274 3401 2403 3466 apud.

1382 3482 1632 3531 nonnullos
1658 3481 1984 3530 rationalismi
2028 3494 2072 3532 et
2113 3483 2401 3532 extra-chri-

1381 3566 1630 3616 stianismi
1641 3575 1795 3615 notam
1813 3569 2046 3617 incurrere
2068 3568 2249 3617 debeat.
2267 3567 2402 3618 Abu-

1380 3669 1456 3701 sus
1480 3660 1599 3701 certe
1624 3650 1945 3708 abstractionis
1963 3652 2235 3702 eliminandi
2262 3657 2400 3714 sunt;
