2502 4134
296 150 415 211 286

875 168 1070 207 TRACT.
1118 170 1187 206 DE
1229 169 1381 207 Locus
1425 171 1797 211 THEOLOGICIS.

299 316 394 377 vel
431 332 738 394 nunquam
784 309 1041 371 valorem
1090 309 1296 371 habuit
1318 357 1334 386 ‚
1379 324 1478 371 aut
1522 315 1571 372 si
1609 313 1817 375 habuit
1855 317 2169 400 aliquando
2192 363 2206 390 a
2245 318 2420 377 etiam

297 432 455 471 nunc
476 407 682 484 habet,
706 419 882 490 atque
907 407 1051 467 adeo
1076 428 1261 490 usque
1287 407 1363 468 ad
1390 409 1598 469 mundi
1626 411 1807 470 finem
1826 411 2091 473 habebit.
2118 414 2263 473 Cum
2282 435 2421 475 vero

293 506 560 590 plerique
583 502 909 563 concedant
925 550 940 578 ,
971 525 1100 563 eam
1127 514 1331 563 contra
1350 504 1667 565 anteriores
1687 504 1989 568 haereticos
2006 508 2285 581 valuisse,
2310 508 2422 569 hoc

292 603 419 683 ipso
442 611 643 660 contra
669 621 731 661 se
759 599 1113 661 sententiam
1143 599 1351 660 dicunt
1377 600 1488 682 (1).

1284 791 1319 872 g
1365 792 1437 851 11.

536 978 623 1036 De
659 975 1068 1037 Concz'liorum
1085 976 1434 1054 praesertim
1460 975 1967 1033 oecumenicorum
2001 978 2171 1034 actis.

372 1164 511 1225 433.
558 1164 706 1223 Cum
746 1184 818 1223 ex
847 1162 1014 1222 dictis
1051 1162 1113 1221 in
1155 1161 1343 1245 prima
1378 1160 1616 1240 hujusce
1650 1174 1932 1223 tractatus
1963 1177 2129 1248 parte
2169 1169 2420 1229 Concilia

284 1262 643 1326 oecumenica
655 1261 990 1321 universam
1008 1270 1434 1342 repraesentent
1453 1259 1762 1320 Ecclesiam
1772 1306 1788 1336 ,
1806 1284 2065 1344 pronum
2077 1276 2165 1324 est
2179 1266 2418 1342 inserre,

285 1359 525 1419 illorum
555 1367 679 1416 acta
709 1403 725 1431 a
757 1358 1084 1416 sanctiones
1123 1357 1414 1438 imprimis
1452 1355 1838 1437 dogmaticaS,
1877 1360 2124 1420 totidem
2160 1384 2283 1421 esse
2324 1385 2421 1422 so—

286 1456 506 1516 lemnia
542 1466 602 1515 et
632 1453 862 1536 publica
894 1453 1047 1512 illius
1084 1453 1222 1513 fidei
1262 1453 1595 1512 testimonia
1619 1499 1634 1528 ‚
1678 1476 1857 1536 quam
1897 1456 2143 1516 Ecclesia
2177 1460 2421 1539 profite-

287 1551 492 1626 batur,
517 1549 753 1634 quando
775 1549 1236 1631 unumquodque
1260 1570 1463 1608 eorum
1488 1549 1848 1609 celebratum
1873 1562 1978 1611 est.
1998 1554 2077 1611 Eo
2098 1554 2189 1612 vel
2209 1555 2416 1635 magi3‚

285 1649 446 1730 quod
468 1695 485 1724 ,
517 1660 584 1707 ut
608 1647 859 1709 vidimus
882 1692 898 1721 7
931 1644 1184 1706 Concilia
1214 1644 1584 1727 potissimum
1613 1659 1889 1725 urgerent
1915 1648 2194 1709 adversus
2231 1649 2420 1710 haere-

286 1747 428 1804 ticos
482 1743 914 1815 Traditionem‚
969 1763 1073 1801 seu
1123 1741 1417 1821 vigentem
1465 1739 1729 1800 Ecclesiae
1774 1742 2138 1812 doctrinam..
2188 1757 2248 1806 et
2284 1745 2419 1806 huic

286 1841 625 1900 insisterent
662 1838 856 1921 potius
899 1858 1077 1919 quam
1119 1837 1430 1944 Scripturis
1453 1882 1468 1911 .,
1512 1858 1640 1919 quae
1685 1859 1715 1896 a
1754 1839 2136 1900 novatoribus
2171 1863 2418 1924 perver-

286 1935 600 2010 tebantur
632 1946 692 1993 et
715 1931 1103 1993 trahebantur
1128 1931 1204 1991 ad
1224 1934 1531 2015 proprium
1556 1933 1813 2014 ipsorum
1842 1935 2139 2016 privatum
2156 1959 2416 1999 sensum.

367 2031 511 2092 434.
558 2029 778 2089 Cavere
825 2040 1024 2088 tamen
1068 2027 1244 2088 debet
1282 2028 1614 2103 studiosuS‚
1666 2050 1742 2089 ne
1789 2051 1919 2111 quae
1956 2053 1986 2089 a
2033 2033 2275 2113 singulis
2316 2046 2418 2093 aut

284 2127 550 2210 pluribus
587 2126 762 2187 etiam
798 2107 1098 2184 interdum
1135 2123 1375 2183 Concilii
1414 2123 1682 2184 Patribus
1719 2125 1944 2207 prolata
1983 2140 2154 2203 sunt
2183 2150 2316 2188 cum
2347 2130 2416 2189 iis

282 2224 661 2306 permisceat
682 2242 810 2303 quae
829 2221 1125 2280 communi
1142 2220 1452 2301 suffragio
1437 2243 1500 2278 ln
1525 2220 1781 2280 Concilio
1803 2232 2021 2282 statuta
2041 2223 2281 2283 fuerunt
2298 2224 2412 2304 (2).

353 2446 418 2510 (l)
454 2443 695 2493 Ridiculus
716 2442 918 2509 profecto
936 2459 983 2491 se
999 2441 1201 2507 produnt
1217 2458 1304 2489 no-

283 2539 460 2578 vatores
488 2528 793 2587 recentiores,
821 2525 933 2573 dum
963 2523 1217 2572 scribentes
1247 2524 1303 2573 de

282 2610 580 2660 novatoribus
593 2608 922 2668 anterioribus,
936 2609 1164 2656 autetiam
1182 2605 1306 2672 ejus-

281 2694 390 2742 dem
420 2694 584 2751 aetatis,
609 2691 687 2740 sed
707 2709 731 2739 a
751 2691 953 2756 placitis,
982 2705 1082 2752 quae
1103 2691 1179 2737 isti
1198 2706 1305 2754 pro-

283 2786 490 2843 pugnant
508 2813 521 2835 ,
546 2775 949 2832 dissentientibus,
969 2773 1117 2821 solent
1141 2789 1304 2820 vocare

281 2859 526 2908 hoereticos
543 2893 557 2918 ‚
586 2860 700 2924 quin
734 2859 964 2922 cogitent,
998 2874 1045 2905 se
1067 2858 1117 2903 in
1139 2855 1302 2904 eadem

281 2946 506 3009 categoria
531 2943 751 2991 inveniri.
782 2939 884 3006 Quo
911 2942 1038 2989 enim
1070 2937 1173 3004 jure
1194 2975 1209 2997 ,
1250 2950 1304 2987 ut

282 3029 420 3076 unico
437 3025 647 3091 exemplo
665 3027 874 3074 insistam
891 3062 902 3083 ‚
926 3023 1195 3071 lutheranus
1211 3023 1301 3072 Ca-

284 3111 434 3158 lovius
465 3127 596 3158 suam
625 3108 791 3157 habuit
820 3108 1073 3156 orationem
1097 3107 1300 3171 inaugu-

283 3189 456 3251 ralem‚
489 3209 579 3256 qua
606 3191 843 3240 contendit
871 3190 1186 3238 demonstrare
1204 3187 1304 3237 hoe-

282 3276 414 3324 resin
439 3273 891 3339 neo-photinianam
911 3270 985 3320 vel
1000 3272 1302 3320 socinianam

282 3375 370 3407 ceu
394 3372 625 3404 novorum
646 3357 1009 3420 paradoxorum
1034 3362 1079 3403 et
1105 3353 1304 3402 horren-

283 3440 453 3489 dorum
478 3445 806 3504 portentorum
833 3446 1031 3485 matrem
1060 3445 1105 3485 et
1126 3438 1304 3503 impie-

284 3533 438 3571 tatum
479 3520 822 3568 damnatarum
861 3519 1017 3584 filiam
1044 3558 1057 3579 ,
1100 3521 1304 3568 rationis

283 3606 512 3654 adversus
538 3600 634 3652 Dei
657 3600 874 3650 Verbum
900 3604 1195 3651 insanientis
1206 3603 1300 3667 ἴω-

283 3698 385 3736 tum
408 3705 466 3736 ae
489 3684 695 3734 Diaboli
707 3683 765 3734 S.
783 3684 993 3734 Litteras
1016 3686 1165 3752 impie
1188 3702 1299 3733 con·

1387 2443 1665 2505 spumantis
1696 2450 2084 2503 excrementum,
2125 2453 2182 2491 ut
2207 2445 2416 2494 novissi·

1387 2540 1553 2581 mum,
1586 2526 1656 2572 ita
1693 2524 2056 2589 faetidissimum
2087 2526 2411 2591 fuqiendum,

1387 2608 1716 2657 detestandum
1738 2618 1784 2658 et
1802 2609 2123 2658 execrandum
2138 2611 2170 2658 P
2193 2610 2290 2660 Cfr.
2311 2615 2411 2678 ejus

1389 2709 1467 2757 op.
1484 2695 1565 2740 cit.
1580 2689 1777 2758 Scripta
1792 2694 2223 2754 Anti-sociniana‚
2242 2704 2353 2743 tom.
2375 2713 2410 2756 r,

1387 2793 1489 2840 pag.
1530 2793 1546 2823 1
1578 2787 1623 2824 et
1642 2794 1782 2842 seqq.
1810 2776 1860 2824 Si
1884 2777 1986 2826 talis
2011 2788 2081 2828 est
2101 2777 2413 2829 Photinianis-

1388 2874 1493 2905 mus
1519 2868 1565 2906 et
1589 2858 1953 2908 Socinianismus
1983 2860 2319 2909 condemnatus
2349 2860 2410 2909 ab

1387 2939 1588 2989 Ecclesia
1619 2941 1845 2990 catholica
1863 2980 1876 3001 ‚
1920 2942 2035 3008 quid
2073 2944 2159 2991 erit
2185 2942 2412 2991 Luthera-

1387 3024 1566 3071 nismus
1598 3033 1643 3070 et
1662 3021 2091 3081 Protestantismus‚
2119 3023 2281 3072 codem
2308 3026 2412 3089 jure

1386 3105 1645 3171 eademque
1671 3108 1946 3154 auctoritate
1973 3106 2030 3154 ab
2054 3105 2257 3155 Ecclesia
2282 3105 2410 3172 pari-

1387 3199 1456 3237 ter
1480 3188 1759 3237 damnatus?
1783 3186 1831 3236 Si
1866 3189 2073 3236 doctrina
2099 3188 2341 3236 lutherana
2365 3198 2411 3236 et

1388 3281 1647 3337 protestans
1679 3289 1773 3318 non
1805 3281 1871 3318 est
1900 3270 2103 3328 haeresis‚
2133 3289 2286 3336 neque
2309 3271 2409 3318 talis

1389 3356 1474 3402 erit
1503 3353 1858 3401 Photini'anismi
1901 3363 1945 3400 et
1975 3352 2303 3401 Socinianismi
2333 3354 2416 3401 do-

1389 3439 1570 3497 ctrina3
1601 3438 1641 3483 si
1665 3433 1904 3483 Sociniani
1938 3446 1981 3483 et
2002 3435 2268 3484 Photiuiani
2307 3446 2414 3483 sunt

1387 3519 1605 3568 koeretici
1627 3554 1640 3573 ,
1684 3536 1825 3583 quare
1868 3518 2088 3566 haeretici
2131 3537 2227 3567 non
2277 3527 2413 3567 erunt

1385 3609 1687 3667 protestantes
1699 3603 1722 3648 ἱ)

1454 3682 1524 3746 (2)
1559 3681 1679 3731 Cum
1732 3683 2007 3731 discutiatur
2048 3684 2257 3732 doctrina
2300 3698 2410 3729 san-
