2502 4134
338 155 494 191 mar.
548 154 634 188 111.
683 151 832 189 sacr.
883 152 921 188 1.
971 152 1092 188 car.
1141 150 1181 188 1.
1228 151 1295 187 nn
1338 151 1462 188 uxr.
1508 151 1635 187 Aur.
1686 150 1793 187 rin.
1842 147 2024 187 srnc'r.
2095 125 2208 185 411

120 295 382 376 ceptione
398 292 534 367 fidei
549 293 819 372 componi
850 290 1183 351 nullatenus
1207 303 1451 373 possunt
1471 336 1487 366 .,
1515 292 1636 351 sive
1660 291 1792 372 quia
1821 290 2038 348 directe
2058 288 2215 349 viam

116 389 175 446 in
198 400 560 446 antecessum
583 386 666 444 illi
688 387 927 445 omnino
951 386 1272 468 praecidunt
1289 431 1304 459 .,
1333 386 1454 446 sive
1482 386 1614 467 quia
1642 386 1924 443 indirecte
1947 383 2215 463 idipsum

115 482 400 555 efficiunt,
443 480 584 539 dum
616 479 839 555 basim,
880 491 945 539 ut
989 481 1067 540 ita
1101 479 1285 539 dicam
1308 525 1324 555 .‚
1375 501 1440 539 ac
1474 478 1922 539 fundamentum
1957 477 2213 537 latenter

113 576 400 635 subruunt
440 597 506 635 ac
553 574 983 647 demoliuntur,
1021 576 1111 634 cui
1155 573 1252 632 illa
1293 573 1468 632 inniti
1523 572 1729 647 debet,
1778 595 1843 632 ac
1883 571 2208 650 subJectum

111 670 378 752 ineptum
419 669 674 729 reddunt
711 669 785 729 ad
824 668 1090 729 eamdem
1129 668 1308 727 fidem
1348 668 1791 750 suscipiendam.
1837 670 1922 728 De
1958 678 2207 748 utraque

113 765 398 843 ejusmodi
441 765 784 846 placitorum
830 764 1007 823 classe
1064 764 1347 824 distinctis
1406 763 1781 844 paragraphis
1828 782 2096 842 agemm,
2151 762 2214 819 in

115 881 361 940 quarum
416 859 595 918 altera
633 858 704 918 de
743 858 1153 940 philosophicis
1193 858 1304 917 illis
1350 858 1627 918 doctrinis
1669 858 2014 917 disseremus
2037 902 2053 932 .,
2085 877 2216 940 quae

116 955 333 1013 directe
356 953 493 1013 fidei
530 953 880 1034 susceptioni
909 965 1322 1034 opponuntur,
1348 953 1410 1011 in
1434 953 1611 1033 altera
1648 973 1787 1012 vero
1814 950 1887 1011 de
1904 951 2016 1010 illis
2035 995 2052 1026 ‚
2088 970 2216 1033 quae

115 1051 400 1108 indirecte
417 1047 606 1108 eidem
624 1046 934 1108 obsistunt.
958 1048 1152 1120 Quum
1173 1058 1367 1106 autem
1383 1067 1454 1106 ex
1476 1040 1752 1129 praejactis
1769 1046 2218 1114 Praenotandis,

114 1155 288 1224 atque
324 1165 395 1203 ex
422 1142 490 1202 iis
511 1187 528 1217 .,
571 1163 700 1223 quae
736 1141 800 1200 in
837 1141 1012 1200 totius
1049 1141 1426 1222 praecedentis
1460 1139 1685 1200 articuli
1727 1139 1974 1200 decursu
2006 1139 2216 1200 consti-

113 1238 361 1313 tuimus,
386 1235 549 1296 facile
575 1237 947 1295 innotescant
968 1235 1251 1313 ejusmodi
1274 1246 1583 1316 systemata
1604 1279 1622 1308 ,
1653 1234 1793 1294 hinc
1807 1279 1823 1309 7
1853 1246 1921 1294 ut
1940 1233 2217 1297 bre-vitati

112 1332 527 1413 prospiciamus
544 1373 562 1403 .,
607 1328 794 1387 soluta
830 1328 1111 1388 methodo
1148 1331 1212 1387 in
1244 1317 1450 1388 classes
1497 1350 1562 1388 ea
1599 1327 1926 1409 redigemus
1946 1374 1963 1405 .‚
1999 1351 2216 1412 oppor-

110 1436 281 1483 tunas
334 1422 737 1482 interserendo
786 1422 1319 1508 animadversipnes
1339 1468 1354 1495 .,
1403 1443 1533 1504 quae
1567 1422 1894 1501 junioribus
1936 1423 2221 1505 theologie-

109 1517 414 1577 commodo
443 1538 507 1576 ac
546 1517 672 1575 usui
699 1527 825 1577 esse
858 1527 1159 1598 poterunt.
1200 1519 1319 1576 Nec
1348 1517 1506 1576 enim
1531 1516 1699 1576 nobis
1734 1519 2098 1600 propositum
2128 1529 2218 1580 est

109 1623 422 1694 systemata
456 1610 737 1690 ejusmodi
776 1609 1176 1693 philosophica
1210 1616 1279 1670 ex
1314 1612 1572 1692 professo
1597 1609 1895 1688 refellere,
1937 1635 2074 1673 cum
2094 1612 2217 1673 haec

109 1707 353 1767 aliorum
378 1706 682 1789 provincia
711 1706 819 1782 sit3
843 1705 946 1765 sed
968 1706 1138 1765 unice
1159 1727 1226 1766 ea
1250 1717 1513 1787 spectare
1535 1704 1816 1766 debemus
1830 1706 1891 1765 in
1913 1705 2213 1786 relatione,

109 1826 281 1885 quam
333 1802 554 1863 habent
599 1802 676 1861 ad
711 1801 908 1862 fidem.

1094 1994 1226 2072 §1-

108 2145 199 2204 De
220 2144 636 2224 philosophicae
659 2145 944 2205 doctrinae
965 2145 1238 2223 placitis,
1271 2166 1405 2224 quoe
1439 2147 1655 2204 directe
1686 2146 1832 2224 fidei
1856 2149 2219 2227 susceptioni

947 2239 1360 2299 adversantur.

189 2427 327 2485 122.
375 2424 535 2486 Nihil
574 2425 831 2486 dicemus
879 2424 953 2486 de
990 2425 1274 2486 atheismo
1315 2427 1604 2507 formali,
1646 2438 1774 2486 tum
1817 2426 1974 2510 quod
2017 2439 2212 2488 ratum

101 2520 451 2598 habeamuS‚
491 2520 682 2581 nullos
726 2519 851 2580 dari
888 2521 1087 2582 atheos
1124 2544 1294 2604 posse
1341 2521 1760 2605 speculatiVOS,
1798 2535 1929 2583 tum
1965 2523 2124 2606 quod
2163 2524 2211 2584 si

101 2617 289 2699 reipsa
328 2617 641 2693 darentur,
682 2617 927 2699 spectari
969 2615 1252 2678 deberent
1281 2617 1460 2679 veluti
1486 2618 1892 2678 rationalitatis
1928 2618 2206 2681 humanae

20 2706 23 2709 ’
101 2724 404 2787 monstra;
438 2733 547 2772 nec
583 2711 751 2772 aliter
783 2711 1156 2772 sentiendum
1199 2712 1273 2772 de
1306 2713 1374 2772 iis
1419 2714 1518 2794 qui
1563 2713 1743 2773 talem
1783 2716 1970 2775 Deum
2003 2714 2212 2775 admit-

101 2817 240 2866 tunt
258 2852 275 2883 ‚
335 2808 435 2890 qui
485 2809 638 2867 Deus
677 2829 798 2866 non
847 2818 965 2882 est,
1013 2808 1104 2866 cui
1149 2807 1368 2868 scilicet>
1400 2807 1832 2890 providentiam
1884 2808 2208 2891 denegant,

102 2898 426 2963 honitatem
457 2913 792 2983 ceterasque
813 2901 1137 2985 divinitatis
1164 2904 1570 2986 proprietates.
1609 2903 1711 2961 His
1738 2903 1912 2983 igitur
1933 2903 2208 2981 dimissis‚

102 3016 246 3077 quos
280 3019 382 3057 suo
403 2996 530 3057 loco
551 2995 866 3056 refellimus
885 2997 978 3079 (1)
999 3042 1015 3070 ,
1042 2997 1114 3057 de
1142 2998 1513 3079 pantheismo
1531 3043 1548 3073 ‚
1573 2998 1989 3059 materialismo
2008 3045 2026 3075 ‚
2060 3000 2209 3060 fata-

100 3087 269 3150 lism‘o
306 3113 400 3162 ac,
435 3103 502 3151 ut
545 3102 792 3166 vocant,
842 3093 1278 3153 determinismo
1312 3114 1495 3176 pauca
1534 3092 1877 3174 singillatim
1918 3092 2208 3154 delibabi-

102 3204 231 3243 mus
261 3186 369 3266 (2).

144 3408 148 3414 .
174 3372 240 3436 (1)
276 3373 332 3421 ln
350 3385 478 3426 tract.
498 3376 578 3426 De
598 3376 704 3426 Deo
719 3388 837 3443 part.
860 3393 907 3440 1,
940 3395 1044 3444 cap.
1063 3396 1105 3439 ι,
1191 3379 1440 3430 debeamus
1469 3380 1661 3429 inferius
1695 3380 1752 3430 de
1778 3380 1860 3429 illo
1887 3397 2048 3448 agere,
2082 3381 2206 3448 ejus·

103 3469 237 3517 prop.
253 3468 269 3501 ι
282 3490 296 3512 ,
325 3465 369 3504 et
388 3467 564 3521 part.1v
577 3495 590 3520 ,
609 3476 712 3525 cap.
730 3476 746 3507 ι
761 3497 775 3519 ,
797 3477 930 3526 prop.
947 3462 1105 3509 unica.
1192 3479 1283 3526 que
1306 3464 1509 3525 genesim
1530 3479 1584 3510 ac
1603 3463 1749 3510 varias
1780 3462 1920 3511 veluti
1950 3461 2109 3529 phasee
2127 3480 2206 3512 ex-

171 3535 239 3601 (2)
275 3535 402 3586 Nihil
423 3539 507 3593 ,hic
528 3544 760 3606 speciatim
786 3543 844 3592 de
871 3543 1107 3595 Ratione·
1194 3560 1382 3607 ponere.
1421 3543 1623 3592 Tantum
1657 3543 1930 3594 adnotamus
1948 3580 1964 3604 ,
2003 3545 2205 3592 rationa—

104 3615 240 3666 limo
260 3620 440 3684 proprie
460 3620 583 3670 dicto
603 3626 893 3690 attingimus,
911 3643 965 3675 eo
986 3626 1108 3691 quod
1196 3624 1382 3674 lismum
1410 3642 1506 3675 esse
1531 3624 1603 3674 vel
1628 3627 1777 3675 stricte
1804 3624 2112 3690 theoloqicum
2132 3624 2209 3674 vel
