2502 4134
277 68 397 129 458

883 92 1079 132 TRACT.
1126 94 1195 131 ΒΕ
1240 94 1393 133 tocls
1435 96 1814 137 Tuumne-1018.

364 237 502 297 172.
553 238 651 296 VI.
688 237 1064 313 HermesiuS‚
1105 238 1284 299 modo
1323 239 1469 299 item
1509 239 1689 323 plane
1724 244 2053 321 Kantian0‚
2098 247 2434 306 intellectui

268 336 507 412 formas
528 353 629 391 seu
667 338 1000 414 eateyorias
1029 356 1161 394 suas
1187 358 1226 394 a
1258 339 1472 415 priori
1508 337 1804 411 vindicat3
1859 338 2048 400 solum
2071 345 2426 401 intuitiones

275 426 577 488 sensibiles
617 432 809 508 spatii
847 442 906 490 et
935 435 1220 511 temporis
1241 477 1256 505 n
1296 453 1442 515 quas
1479 434 1729 492 Kantius
1757 456 1797 492 a
1820 439 2033 514 priori
2060 437 2201 498 item
2232 438 2427 498 admi-

275 535 462 597 serat
503 526 689 604 iejicit
741 528 1112 603 HermesiuS,
1156 550 1372 611 easque
1412 552 1451 588 a
1485 535 1810 608 posteriori
1833 551 1958 590 esse
1985 553 2154 612 posse
2187 534 2423 608 asserit3

284 620 532 681 minime
555 632 755 682 tamen
778 623 1042 685 ostendit
1064 575 1162 696 id
1189 623 1350 706 quod
1369 624 1445 684 ad
1468 625 1844 685 Kantismum
1870 625 2256 688 refellendum
2283 652 2428 712 prae-

274 717 512 799 cipuum
542 728 723 800 caput
749 741 874 779 esse
898 719 1213 780 videbatur
1242 721 1355 802 (l).

362 813 500 872 173.
553 815 678 874 VII.
710 817 996 898 Magnum
1035 816 1512 898 psychologicum
1536 818 1893 892 inventum,
1938 838 2057 900 quo
2091 819 2429 881 Hermesius

272 929 334 968 se
370 909 783 992 metaphysica}
824 911 1014 971 basim
1054 912 1345 973 detexisse
1386 925 1595 993 putat7
1630 926 1728 974 est
1766 913 2067 974 distinctio
2118 914 2219 974 illa
2271 917 2433 977 inter·

272 1010 684 1065 necessarium
708 1014 968 1089 eoyitare
989 1019 1047 1067 et
1069 1014 1222 1068 seire
1238 1054 1259 1080 ,
1281 1021 1341 1069 et
1366 1014 1775 1069 necessarium
1796 1021 2030 1079 tenere3
2048 1010 2190 1070 dum
2222 1034 2428 1073 neces·-

271 1102 421 1161 sario
463 1103 675 1183 cogitat
709 1126 773 1162 ac
797 1107 905 1163 scit
940 1107 1270 1164 intellectus
1300 1104 1597 1184 obJ‘ectum
1625 1111 1726 1165 uti
1756 1108 1954 1179 reale,
1997 1107 2302 1182 nondum,
2347 1109 2431 1168 ait

270 1197 429 1280 ipse7
462 1198 610 1258 illud
649 1211 738 1259 est
770 1223 980 1260 verum
1006 1223 1070 1260 ac
1093 1203 1251 1260 reale
1286 1223 1395 1283 pro
1420 1223 1516 1262 me
1540 1228 1555 1277 ς
1592 1214 1678 1261 est
1701 1203 1897 1282 loyiea
1924 1203 2197 1282 cogitatio
2218 1249 2234 1277 ,
2253 1208 2431 1283 'cujus

271 1300 610 1374 oppositum
652 1318 893 1378 possum
940 1309 1155 1357 tenere.
1219 1299 1323 1356 Ast
1368 1319 1503 1357 cum
1555 1303 1713 1357 ratio
1751 1300 2077 1358 necessario
2119 1311 2285 1359 tenet
2323 1322 2430 1382 pro

271 1412 407 1451 vero
448 1413 515 1450 ac
558 1394 720 1452 reali
760 1389 1089 1471 objectum7
1135 1393 1499 1475 impossibile
1549 1393 1726 1475 plane
1761 1406 1884 1468 est,
1933 1416 2029 1454 me
2073 1394 2245 1454 aliter
2283 1395 2431 1456 illud

269 1498 466 1557 tenere
499 1489 605 1569 (2).
633 1490 747 1569 Age
773 1512 912 1550 vero
933 1536 948 1565 .,
984 1491 1060 1549 ad
1090 1490 1354 1570 analysin
1382 1502 1689 1551 revocetur
1712 1488 1860 1548 illud
1882 1501 2075 1550 tenere
2110 1492 2423 1552 Hermesii.

271 1583 427 1658 Quid
477 1595 566 1645 est
609 1586 721 1645 nisi
760 1587 1087 1647 necessaria
1125 1593 1448 1667 persuasio
1490 1587 1675 1646 animi
1712 1608 1844 1646 rem
1875 1590 1965 1646 ita
1995 1598 2050 1645 et
2088 1610 2208 1647 non
2250 1591 2430 1648 aliter

270 1703 387 1741 esse
404 1681 433 1740 5²
460 1684 530 1743 Et
555 1705 619 1743 ea
649 1685 947 1764 persuasio
965 1707 994 1743 a
1021 1705 1285 1766 quonam
1313 1683 1571 1763 gignitur
1589 1727 1605 1757 ,
1633 1683 1747 1741 nisi
1768 1704 1800 1741 a
1822 1684 2151 1742 necessario
2180 1707 2430 1744 assensu

270 1776 443 1837 alicui
468 1779 808 1840 necessariae
835 1780 1340 1863 propositioniseu
1357 1776 1631 1857 judicio?
1660 1779 1828 1837 Nunc
1854 1779 2169 1860 quaerimus
2198 1802 2211 1838 z
2235 1801 2430 1840 neces·

338 1960 407 2024 (1)
447 1957 566 2007 Satis
603 1969 671 2007 est
706 1959 949 2008 consulere
979 1958 1307 2019 Hermesium,

267 2040 403 2105 Intr.
459 2041 591 2091 Phil.
637 2060 741 2107 pag.
796 2039 890 2091 156
908 2080 921 2102 ‚
972 2043 1055 2091 ubi
1097 2042 1260 2090 scribit
1293 2059 1307 2090 ε

267 2123 447 2173 Etiam
489 2123 762 2173 intellectus
805 2125 1024 2192 efformat
1071 2142 1102 2173 a
1146 2126 1311 2191 priori

259 2224 414 2275 puros
451 2215 712 2272 conceptus
740 2224 851 2255 suos
880 2206 1120 2255 realitatis
1135 2243 1151 2268 ,
1183 2224 1308 2272 qua-

269 2289 450 2352 litatis,
485 2291 773 2340 substantioe
803 2308 860 2339 ac
885 2299 1079 2339 oaeteros
1111 2291 1310 2356 (nempe

269 2373 529 2424 Kantianas
545 2374 836 2439 categorias).
855 2373 1060 2424 Mentem
1074 2374 1309 2424 Hermesii

264 2457 485 2522 explanat
501 2457 763 2507 Baltzerius
779 2496 792 2517 ,
821 2474 875 2507 ac
899 2461 1112 2524 queritur
1137 2459 1195 2506 de
1220 2458 1307 2507 hac

267 2539 585 2590 Kantianismi
629 2542 827 2608 reliquia
870 2544 920 2589 in
968 2541 1050 2589 illo
1092 2542 1307 2607 pluribus

267 2624 403 2673 locis.
420 2624 727 2673 Intellectum
741 2661 757 2687 ‚
776 2624 870 2685 ait,
890 2625 1167 2673 considerat
1179 2624 1310 2673 Her-

265 2709 477 2767 mesius,
527 2707 790 2757 Kantiano
827 2706 973 2773 plane
1010 2708 1185 2769 modo,
1230 2709 1307 2757 uti

265 2808 451 2840 meram
483 2789 765 2857 facultatem
799 2791 1052 2857 coqitandi
1066 2827 1083 2853 ,
1123 2802 1168 2840 et
1197 2795 1306 2857 qui·

267 2874 375 2924 dem
406 2892 437 2923 a
465 2876 653 2942 priori,
681 2894 787 2942 pag.
817 2873 938 2925 262.
962 2874 1012 2924 Si
1036 2877 1143 2941 quis
1166 2893 1305 2941 porro

267 2970 534 3026 congereret
554 2963 711 3008 omnia
735 2960 862 3019 loca,
892 2962 944 3007 in
973 2958 1147 3026 quibus
1173 2957 1305 3008 Balt-

265 3059 343 3090 zer
361 3080 374 3103 ,
402 3061 559 3092 amore
578 3046 786 3092 veritatis
807 3043 976 3092 ductus
992 3080 1005 3102 ‚
1027 3043 1273 3108 profitetur
1286 3079 1301 3103 ‚

267 3123 479 3174 Hermesi
487 3145 565 3174 um
576 3125 763 3192 laqueis
774 3125 1048 3176 Kantianis
1059 3127 1304 3175 irretitum

267 3207 427 3256 adhuc
453 3208 610 3272 fuisse
632 3245 646 3267 ‚
682 3208 915 3274 reliquias
936 3208 1196 3257 Kantismi
1223 3227 1302 3256 ve-

266 3288 363 3338 luti
404 3289 744 3339 haereditarias
784 3308 1121 3351 conservasse,
1159 3291 1306 3340 Kan-

264 3373 466 3421 tismum
496 3376 700 3422 nonnisi
727 3374 985 3423 dimidiate
1018 3391 1299 3441 superasse,

267 3456 586 3523 subjectivum
604 3472 695 3522 pro
722 3457 979 3523 objectivo,
992 3456 1200 3522 formale
1207 3474 1302 3523 pro

266 3538 392 3588 reali
418 3540 759 3606 assumpsisse,
788 3540 982 3588 demum
1005 3541 1210 3589 nonnisi
1235 3556 1307 3588 se-

264 3621 623 3672 mirealismum
650 3631 926 3671 assecutum
954 3639 1085 3685 esse,
1119 3625 1157 3671 is
1183 3632 1306 3672 certe

1394 1958 1550 2023 plures
1575 1959 1762 2023 paginas
1785 1975 1836 2006 ex
1859 1960 1916 2006 iis
1940 1959 2207 2008 conficeret.
2241 1958 2312 2009 Ita
2344 1976 2433 2010 au-

1394 2052 1494 2091 ctor
1532 2044 1616 2090 iste
1636 2079 1649 2101 ‚
1675 2043 1757 2108 qui
1799 2059 1963 2091 omnes
2000 2044 2144 2109 hujus
2171 2047 2428 2110 systematis

1393 2127 1535 2173 rimas
1565 2124 1884 2189 perlustrarat.

1466 2207 1531 2271 (⁰2)
1573 2207 1698 2256 Hinc
1723 2207 1991 2256 Hermesius
2006 2243 2023 2268 ‚
2056 2209 2280 2258 referente
2302 2208 2429 2258 Balt·
2480 2242 2482 2244 -

1392 2307 1468 2339 zer
1483 2330 1496 2353 ‚
1525 2289 1756 2339 affirmare
1775 2290 1937 2339 solitus
1953 2301 2066 2350 erat,
2083 2291 2427 2357 philosophiam

1393 2373 1554 2422 Kantii
1583 2392 1679 2422 esse
1707 2374 2046 2439 philosophiam
2080 2374 2425 2439 coynoscendi,

1395 2474 1530 2506 suam
1557 2472 1669 2505 vero
1699 2474 1797 2505 esse
1832 2457 2176 2523 philosophiam
2213 2456 2426 2507 tenendi.

1396 2539 1524 2587 Hinc
1559 2539 1682 2587 idem
1717 2539 1988 2589 Hermesius
2023 2539 2262 2589 collaudat
2293 2540 2431 2588 Fich-

1392 2632 1518 2671 teum
1535 2660 1549 2682 ‚
1574 2639 1628 2670 eo
1646 2622 1772 2688 quod
1790 2623 1917 2671 solus
1937 2623 2027 2672 hoc
2048 2621 2427 2689 philosophicum
2488 2629 2495 2637 ¹

1391 2707 1626 2756 dictamen
1669 2706 1911 2770 protulerit
1953 2723 1967 2756 ε
2001 2705 2053 2755 A
2098 2709 2306 2755 seientia
2339 2721 2423 2753 seu

1389 2792 1512 2840 seire
1566 2792 1583 2853 (
1599 2790 1821 2855 Wissen)
1867 2790 1934 2838 ad
1986 2790 2218 2857 objectum
2263 2789 2424 2837 soien-

1388 2876 1473 2923 tioe
1502 2876 1715 2922 transire
1732 2909 1749 2932 ‚
1785 2874 2084 2940 impossibile
2107 2871 2257 2938 plane
2283 2888 2421 2933 esse‚·

1387 2956 1574 3006 idcirco
1606 2965 1694 3004 aut
1720 2973 1810 3005 mos
1845 2956 2011 3005 debere
2042 2956 2204 3004 statim
2224 2971 2255 3003 a
2274 2954 2422 3003 reali-

1388 3050 1482 3090 tate
1503 3042 1724 3107 inoipere
1741 3057 1915 3107 posse,
1953 3047 2040 3088 aut
2060 3055 2312 3103 nunquam
2337 3055 2425 3088 nos

1379 3141 1522 3191 posse
1540 3124 1605 3172 ad
1619 3124 1888 3173 realitatem
1897 3124 2173 3189 pervenire.
2192 3122 2284 3172 Sed
2305 3140 2422 3171 num

1387 3207 1663 3258 Hermesius
1684 3209 1795 3258 huic
1810 3209 2037 3274 principio
2060 3206 2213 3255 fidelis
2239 3209 2418 3267 existit,

1387 3291 1501 3341 dum
1545 3291 1987 3340 demonstrationem
2022 3292 2161 3354 exigit
2194 3307 2282 3356 pro
2316 3307 2420 3338 rea-

1387 3373 1517 3423 litate
1534 3375 1785 3424 testimonii
1802 3373 2087 3422 immediatae
2103 3375 2394 3422 conscientiae
2406 3407 2421 3435 ‚

1386 3456 1632 3522 multoque
1681 3458 1828 3522 magis
1870 3473 1954 3521 pro
1988 3457 2254 3506 actualitate
2288 3455 2422 3522 obje-

1388 3541 1507 3588 ctiva
1543 3541 1689 3587 nostri
1709 3536 1816 3604 qu
1831 3540 1865 3588 Ρ
1904 3539 1997 3589 cfr.
2039 3556 2143 3607 quae
2164 3539 2303 3589 modo
2339 3539 2424 3587 ad-

1390 3622 1676 3671 notavimuS.
