2502 4134
2076 139 2196 200 159

421 170 586 207 PAM'.
634 167 699 205 11.
745 163 870 206 cAP.
917 131 998 204 lvi·
1042 167 1111 203 DE
1152 165 1442 204 SCRIPTUR.
1491 162 1650 202 SAGR.
1696 163 1857 203 VERS-

81 311 373 373 immerito
396 308 766 369 contendunt
780 306 869 388 (1)
887 352 905 384 ,
931 329 1036 365 nos
1054 328 1187 366 cum
1201 307 1493 365 communi
1522 305 1924 385 theologorum
1938 314 2003 364 et
2021 304 2199 364 inter-

86 417 319 488 pretum
345 405 639 466 sententia
666 403 944 470 dicimus
970 402 1159 462 solum
1180 400 1492 461 litteralem
1526 423 1759 460 sensum
1789 423 1922 460 eum
1956 399 2201 459 tandem

80 523 232 574 esse,
273 501 373 583 qui
407 511 751 579 argumenta
795 472 1054 579 praebere
1094 496 1361 576 theologo
1397 486 1580 577 possit
1607 495 1681 555 ad
1718 496 1988 576 dogmata
2025 495 2196 556 evin-

78 596 263 657 cenda
297 617 362 654 ac
390 594 768 655 vindicanda.

163 691 307 750 242.
354 691 424 750 Et
442 691 566 749 haec
592 689 830 771 quidem
848 687 1135 768 generalia
1156 685 1340 766 veluti
1362 686 1586 745 monita
1601 684 1771 744 nobis
1788 687 2042 765 attigisse
2063 687 2203 747 satis

80 788 158 847 sit
193 787 269 846 de
295 787 582 866 exegetica
613 806 713 843 seu
742 785 1053 843 scientifica
1077 782 1506 864 Scripturarum
1526 781 2028 861 interpretatione.
2050 784 2202 843 Nam

83 881 242 963 quod
275 880 349 939 ad
383 891 732 961 apparatum
766 890 991 961 spectat
1012 894 1214 938 eorum
1231 922 1250 953 ,
1277 899 1409 958 quae
1435 875 1509 942 ad
1537 887 1755 935 rectam
1775 874 2206 958 Scripturarum

86 975 532 1056 intelligentiam
560 974 945 1055 requiruntur
962 1017 981 1047 ‚
1007 993 1116 1032 nec
1150 993 1274 1030 non
1296 971 1372 1029 ad
1393 970 1714 1052 peculiares
1751 991 1999 1032 canones
2023 982 2083 1032 et
2109 993 2208 1033 re·-

88 1070 248 1151 gulas
268 1115 285 1144 ,
311 1091 440 1151 quae
459 1089 575 1150 prae
603 1066 778 1126 oculis
801 1066 1004 1126 haberi
1033 1064 1254 1124 debent
1273 1109 1290 1139 a
1321 1075 1389 1122 ut
1406 1086 1687 1145 germana
1714 1066 2001 1127 habeatur
2024 1091 2209 1151 expo-

93 1165 225 1224 sitio
264 1165 386 1223 sive
419 1162 636 1222 Veteris
674 1161 794 1222 sive
834 1159 982 1219 Novi
1015 1160 1411 1235 Testamenti,
1448 1171 1508 1218 et
1544 1161 1619 1219 ad
1654 1160 1834 1220 libros
1874 1163 2208 1242 singillatim

89 1269 352 1339 sumptos
371 1301 387 1332 ‚
415 1278 519 1315 nos
551 1277 624 1314 ne
645 1255 707 1313 in
732 1253 985 1314 alienam
1019 1275 1268 1314 messem
1286 1299 1302 1330 ,
1328 1266 1394 1313 ut
1424 1256 1810 1337 praemisimus
1830 1301 1847 1331 .,
1890 1257 2210 1318 immittere

90 1352 296 1411 falcem
328 1350 667 1424 videamur,
700 1349 1252 1409 auditores'nostros
1282 1348 1358 1408 ad
1403 1350 1679 1431 probatos
1707 1363 1970 1413 auctores
1995 1353 2210 1413 remit—

91 1448 268 1505 timus
287 1491 305 1520 ,
348 1446 448 1527 qui
474 1444 548 1506 de
579 1444 735 1505 hisce
766 1443 903 1504 data
927 1466 1103 1527 opera
1142 1445 1501 1528 scripserunt
1527 1446 1638 1528 (2)

986 1647 1225 1707 CAPUT
1268 1648 1362 1707 lV.

612 1847 681 1886 ΒΕ
724 1847 1040 1886 SCRIPTURAE
1082 1846 1274 1885 SACRAE
1315 1847 1694 1887 VERSIONIBUS.

175 2017 315 2078 243.
361 2018 503 2096 Quae
529 2019 601 2079 de
627 2040 917 2078 sacrarum
955 2018 1310 2077 Litterarum
1339 2017 1704 2078 versionibus
1743 2039 1775 2077 a
1799 2017 2081 2099 theologis
2121 2020 2215 2080 di-

99 2113 279 2172 cenda
317 2126 486 2188 sunt,
525 2114 784 2174 afficiunt
821 2115 1189 2196 potissimum
1233 2114 1535 2194 vulgatam
1570 2113 1901 2174 versionem
1924 2114 2170 2175 latinam
2201 2162 2218 2193 7

106 2227 171 2265 ac
210 2209 502 2268 versiones
541 2211 864 2270 vernaculis
903 2210 1117 2290 linguis
1156 2210 1467 2268 confectas,
1508 2211 1631 2268 Hoc
1661 2210 1821 2269 enim
1860 2232 2055 2270 eorem
2083 2233 2222 2293 pos-

111 2301 259 2359 tulat
296 2324 546 2376 Inuum.
586 2304 793 2363 tuendi
829 2305 1109 2363 nimirum
1140 2325 1266 2384 quae
1305 2303 1378 2360 ab
1407 2303 1655 2362 Ecclesia
1704 2315 1843 2361 sunt
1876 2306 2216 2365 constituta.

104 2396 251 2453 Cum
274 2418 413 2458 vero
436 2397 681 2457 Ecclesia
711 2397 1109 2458 authenticam
1131 2397 1441 2457 declararit
1457 2397 1753 2477 vulgatam
1779 2398 2049 2476 latinam,
2075 2400 2216 2483 plu-

173 2585 242 2650 (l)
277 2584 374 2634 cfr.
394 2585 576 2635 Cornel.
592 2603 618 2635 a
647 2586 760 2652 Lap.
793 2585 918 2635 Can.
944 2603 1080 2637 xxxvi
1100 2624 1114 2647 ,

105 2669 162 2716 in
187 2668 500 2719 Pentateuch.
530 2671 623 2732 Qui
653 2670 764 2716 huic
783 2669 1118 2735 adstipulantur

107 2753 343 2798 sententiae
356 2788 369 2808 ‚
388 2751 528 2800 duces
547 2752 637 2799 sibi
655 2763 949 2817 sumpserunt
961 2752 1008 2802 S.
1022 2751 1118 2800 Au-

108 2832 362 2896 goslinum,
374 2836 454 2899 qui
469 2833 680 2897 Confhss.
691 2834 770 2882 lib.
783 2852 848 2882 xu
861 2873 873 2895 ,
888 2852 1021 2900 capp.
1038 2832 1113 2898 18,

111 2912 175 2962 25
194 2950 206 2974 ,
237 2912 326 2974 26,
352 2913 408 2961 31
431 2926 476 2964 et
492 2912 553 2964 32
571 2954 584 2977 ‚
602 2926 644 2965 et
660 2916 744 2965 lib.
763 2934 810 3012 ¹{¹
831 2951 846 2979 ,
870 2916 951 2964 De
968 2916 1116 2965 doctr.

110 2992 272 3044 christ·
324 3013 429 3061 cap.
473 3012 534 3064 27
553 3034 566 3056 ‚
608 3008 652 3046 et
691 2997 799 3046 alib1
820 3035 833 3058 ‚
886 2998 1118 3062 duplicem

9 3121 13 3124 .
113 3077 337 3140 ejusmodi
385 3095 569 3126 sensum
614 3080 841 3144 adstruit3
889 3097 975 3128 nec
1022 3098 1118 3129 non

116 3153 164 3202 S.
191 3156 414 3207 Thomam
439 3175 456 3208 1
476 3172 592 3226 part.
613 3180 662 3228 q.
691 3179 709 3210 1
729 3200 742 3222 ‚
769 3172 855 3210 art.
882 3178 965 3222 10,
987 3180 1115 3227 corp.

119 3234 214 3284 cfr.
233 3254 329 3301 quae
343 3244 393 3290 in
409 3243 530 3292 hanc
550 3262 645 3293 rem
666 3247 775 3293 scite
798 3245 1119 3295 animadvertit

122 3314 367 3383 Czuppon,
408 3341 481 3389 op.
511 3327 593 3375 cit.
634 3323 692 3372 V
687 3325 886 3374 mdwnae
913 3325 1118 3390 vulqatoe

123 3394 208 3446 lat.
233 3399 348 3451 edic.
363 3403 568 3457 Biblior.
593 3417 702 3457 tom.
727 3425 773 3469 1,
801 3418 915 3458 sect.
941 3425 958 3456 1
973 3407 1118 3475 ‚§‚7

123 3495 228 3543 pag·
256 3477 319 3543 24
341 3493 386 3530 et
411 3502 539 3553 seqq.
560 3488 656 3537 Cfr.
682 3499 839 3539 tamen
869 3484 1006 3540 etiam
1034 3492 1119 3539 Es·

123 3563 242 3620 tius,
265 3563 313 3609 in
343 3562 600 3632 Oratione,
630 3587 698 3619 an
722 3572 929 3639 ejusdem
947 3570 1117 3641 Scrip-

122 3649 242 3692 turoe
264 3643 428 3710 plures
451 3649 548 3699 eine
568 3667 731 3704 mmm
757 3655 979 3705 litterales
992 3661 1018 3705 ?

1268 2585 1336 2649 (2)
1385 2586 1577 2636 Consuli
1625 2590 1746 2636 inter
1802 2599 1973 2639 ceteros
2028 2601 2222 2656 possunt

1201 2665 1254 2716 S.
1274 2668 1523 2733 Angustia.
1555 2668 1632 2717 De
1651 2669 1800 2719 doctr.
1831 2666 1997 2722 christ.
2032 2673 2117 2723 lib.
2137 2691 2220 2738 ¹¹¹3

1202 2749 1476 2810 Salmeron‚
1520 2748 1710 2817 Proleq‘.
1746 2770 1933 2818 vu-xx;
1977 2755 2220 2821 Seruius,

1205 2832 1396 2898 Proleq.
1430 2833 1604 2906 liiblica
1621 2870 1637 2895 ,
1669 2852 1774 2901 cap.
1806 2851 1864 2884 21
1888 2854 1903 2900 3
1926 2837 2219 2902 Bonfrerius‚

1204 2915 1416 2980 Proeloq.
1448 2918 1504 2963 in
1532 2925 1677 2964 totam
1712 2917 1959 2985 Scriptum
1986 2936 2090 2986 cap.
2128 2937 2222 2986 2o;

1201 2997 1414 3066 Vasquez
1433 3037 1448 3060 ‚
1470 2998 1538 3047 In
1565 2997 1621 3048 S.
1658 2999 1833 3051 Thom.
1866 3019 1882 3049 1
1904 3013 2039 3069 parc.
2072 3023 2123 3071 q.
2159 3021 2176 3053 1
2205 3043 2220 3066 ,

1202 3092 1288 3130 art.
1346 3098 1440 3145 103
1493 3081 1722 3142 Huetius,
1763 3082 2016 3135 Demonst.
2049 3104 2220 3153 evanq.

1201 3181 1331 3229 prop.
1361 3180 1456 3224 vn,
1487 3162 1541 3230 §3
1578 3162 1694 3225 1-6;
1730 3164 1906 3214 Biblia
1939 3166 2222 3235 latino-qa!-

1202 3244 1298 3293 lica
1319 3282 1335 3301 ,
1362 3244 1499 3311 vulgo
1529 3244 1600 3294 De
1624 3245 1682 3294 V
1677 3264 1789 3295 enee
1797 3283 1815 3310 ,
1834 3250 2029 3314 presace
2058 3256 2220 3316 ρόηέν.

1202 3343 1288 3375 sur
1301 3326 1367 3375 les
1388 3327 1531 3376 liores
1549 3329 1604 3375 de
1637 3327 1866 3379 I'Ancien
1901 3332 1950 3380 T
1947 3341 2113 3383 estam.
2134 3334 2222 3383 Pa-

1202 3411 1264 3457 ris
1297 3408 1421 3477 1827
1446 3449 1459 3471 ‚
1492 3422 1606 3459 tom.
1644 3429 1696 3474 1,
1735 3431 1838 3480 pag.
1875 3411 2008 3479 2483
2041 3415 2220 3475 Glaire,

1203 3509 1280 3556 op.
1303 3491 1387 3542 cit.
1406 3504 1518 3542 tom.
1539 3510 1554 3541 1
1570 3529 1584 3553 ‚
1605 3494 1742 3561 chap.
1762 3493 1796 3543 6
1811 3533 1823 3557 ,
1847 3515 1950 3565 pag.
1970 3496 2186 3562 336-401
2205 3535 2220 3557 ,

1202 3586 1248 3625 et
1292 3576 1463 3626 iterum
1511 3579 1562 3625 in
1608 3581 1808 3645 append.
1860 3600 1919 3632 au
1965 3582 2103 3647 chap.
2149 3577 2219 3644 6,

1201 3676 1304 3723 Pas·
1333 3656 1579 3726 470493·
