2502 4134
302 86 417 149 384
903 109 1100 148 ruer.
1150 111 1217 148 mi
1261 105 1409 150 mets
1450 112 1819 157 rnnotocicis.

384 252 484 315 68.
532 253 601 312 Et
635 250 912 333 quoniam
946 249 1098 310 illius
1132 265 1594 334 propugnatores
1626 277 1780 338 saepe
1824 260 2102 321 vocabula
2146 262 2427 322 immuta·

302 360 477 423 runt,
515 367 580 405 ac
619 345 945 406 docuerunt
988 346 1164 406 modo
1213 347 1287 407 ad
1337 348 1754 411 certitudinem
1807 357 2231 438 assequendam
2284 381 2433 440 opus

301 465 427 506 esse
471 463 756 502 consensu
805 442 900 503 vel
940 450 1292 503 auctoritate
1326 450 1563 525 qeneris
1607 447 1898 519 humani,
1943 451 2241 514 interdum
2286 476 2427 514 con·

302 561 478 599 sensu
507 543 852 610 communi,
902 539 1216 621 aliquando
1256 562 1431 599 sensu
1472 546 1822 615 communi,
1858 548 2208 630 quandoque
2249 551 2429 611 etiam

303 640 536 695 ratione
577 637 944 705 universali,
981 635 1305 718 eademque
1341 637 1723 718 ambiguitate
1762 639 2106 702 laborarunt
2140 645 2285 706 circa
2321 669 2433 706 no—

277 732 525 791 tionem
556 734 812 792 rationis
841 733 1275 802 individualis,
1305 755 1481 814 quam
1507 736 1723 816 passim
1751 737 2131 797 commiscent·
2157 761 2291 800 cum
2318 765 2428 801 no-

303 828 466 886 tione
506 830 762 907 spiritus
780 833 1049 908 privati,
1085 827 1373 889 nonnulla
1410 829 1485 888 ad
1513 832 1992 915 perspicuitatem
2020 836 2434 916 praemittenda

305 934 446 984 sunt
477 924 588 1002 (l).
2350 942 2353 943 ⁷
2436 985 2441 990 Q

389 1022 486 1081 69.
533 1013 735 1104 Itaque
771 1043 1089 1083 consensus
1118 1028 1363 1105 generis
1410 1025 1675 1085 humani
1716 1026 2000 1106 significat
2044 1027 2435 1110 conspiratio-

305 1139 449 1178 nem
489 1118 752 1177 omnium
784 1119 1094 1179 hominum
1134 1121 1385 1198 cujusvis
1416 1122 1600 1181 aetatis
1638 1122 1699 1180 in
1741 1143 1805 1182 re
1847 1122 2041 1205 aliqua
2079 1122 2435 1192 adstruenda

306 1225 410 1273 aut
435 1212 768 1292 rejicienda.
805 1215 993 1274 Minus
1027 1237 1166 1275 vero
1195 1228 1358 1298 patet
1387 1239 1704 1278 consensus
1740 1223 2112 1297 communis,
2144 1220 2437 1304 siquidem

309 1310 587 1369 coarctari
621 1321 813 1392 potest
847 1310 923 1370 ad
957 1311 1348 1392 plurimorum
1387 1325 1489 1372 aut
1522 1315 1705 1373 *etiam
1746 1314 2161 1397 plerorumque
2202 1316 2437 1399 conspi-

307 1406 601 1466 rationem
636 1407 698 1464 in
729 1406 996 1467 eamdem
1026 1409 1421 1483 sententiam3
1457 1432 1665 1469 sensus
1689 1410 1929 1470 demum
1970 1417 2309 1470 communis
2342 1411 2437 1470 di-

304 1502 460 1561 citur
498 1524 562 1562 ea
608 1502 889 1562 naturalis
927 1504 1109 1563 animi
1151 1505 1503 1586 propensio3
1553 1526 1729 1586 quam
1775 1527 1979 1565 omnes
2018 1505 2438 1566 invincibiliter

312 1599 700 1680 experiuntur
733 1597 807 1659 ad
837 1598 1106 1681 quaedam
1138 1600 1433 1660 evidentia
1466 1600 1678 1678 judicia
1703 1645 1719 1673 .,
1758 1602 2084 1660 constantia
2115 1622 2179 1659 ac
2207 1600 2438 1659 unifor-

310 1694 601 1771 mialcirca
625 1695 846 1776 aliquas
864 1696 1135 1755 veritates
1163 1696 1286 1755 sive
1313 1695 1624 1755 rationales
1641 1695 1762 1754 sive
1779 1695 2027 1754 morales
2052 1696 2435 1782 efformanda.

397 1789 500 1850 70.
549 1792 639 1850 Sic
682 1793 850 1857 ratiov
882 1791 1290 1849 individualis
1334 1801 1421 1849 est
1468 1791 1652 1864 rati0‚
1699 1810 1826 1871 quae
1867 1791 2175 1872 unicuique
2215 1791 2443 1852 homini

313 1892 500 1963 inest,
540 1907 789 1970 quaeque
815 1886 865 1944 si
896 1886 1005 1946 rite
1039 1884 1389 1945 adhibeatur
1407 1931 1422 1961 ,
1451 1908 1574 1945 non
1607 1885 1782 1945 modo
1815 1908 1920 1945 nos
1948 1886 2011 1944 in
2039 1907 2295 1946 errorem
2320 1908 2445 1946 non

307 1984 475 2053 ,ducit
495 2028 512 2060 ,
553 1983 656 2043 sed
695 1992 891 2065 potest
924 1981 1271 2064 plerumque
1298 1982 1705 2042 omnimodam
1736 1982 1996 2042 veritatis
2023 1975 2436 2042 certitudinem

316 2080 559 2153 afferre3
605 2101 720 2161 quo
760 2080 828 2138 fit
869 2089 935 2137 ut
979 2079 1218 2139 rationis
1264 2078 1640 2139 individualis
1695 2100 1804 2138 vox
1846 2078 1907 2136 in
1949 2075 2167 2136 bonam
2215 2090 2445 2160 partem

314 2177 498 2259 accipi
541 2176 747 2235 soleat.
791 2175 1004 2233 Contra
1048 2197 1185 2236 vero
1231 2177 1488 2255 spiritus
1527 2177 1768 2255 privati
1812 2173 2054 2232 nomine
2093 2175 2447 2253 significatur

316 2274 416 2342 illa
459 2273 639 2332 animi
675 2271 977 2354 dispositio
999 2316 1015 2343 ,
1049 2292 1161 2352 qua
1199 2271 1327 2352 quis
1359 2270 1710 2353 peculiarem
1744 2269 1927 2329 animi
1962 2270 2048 2327 sui
2084 2290 2319 2328 sensum
2349 2290 2449 2351 op-

316 2371 485 2455 ponit
510 2380 611 2428 aut
638 2369 816 2428 etiam
851 2368 1144 2450 praeponit
1170 2367 1501 2426 auctoritati
1533 2365 1807 2453 legitimae
1831 2365 1906 2424 ad
1930 2365 2276 2447 quaestiones
2310 2364 2447 2424 fidei

318 2465 675 2527 dirimendas
705 2486 737 2523 a
766 2467 886 2523 Deo
914 2463 1242 2523 constitutae
1263 2507 1279 2539 ,
1322 2461 1616 2522 catholicae
1650 2463 1931 2521 nimirum
1965 2462 2259 2540 Ecclesiae3
2287 2484 2447 2521 nun-

318 2586 496 2647 quam
530 2561 780 2646 proinde
813 2561 923 2619 nisi
956 2561 1016 2619 in
1058 2559 1404 2621 deteriorem
1437 2570 1668 2641 partem
1693 2569 2029 2640 usurpatur.

399 2661 500 2720 71.
551 2659 900 2719 Profitemur
936 2679 1142 2740 porr0.‚
1182 2679 1292 2717 nos
1330 2656 1487 2715 haud
1520 2677 1686 2737 agere
1714 2655 1786 2716 de
1812 2678 1983 2716 sensu
2018 2656 2196 2715 totius
2224 2666 2447 2714 naturae

320 2756 656 2830 communi,
707 2775 883 2838 quem
929 2753 1184 2814 libenter
1230 2752 1596 2823 admittimus
1648 2751 1810 2813 velut
1858 2775 2043 2812 unum
2088 2774 2160 2811 ex
2203 2750 2445 2810 criteriis

319 2852 530 2913 saltem
568 2851 903 2913 extrinsecis
942 2850 1202 2911 veritatis
1241 2850 1358 2931 (2)3
1397 2849 1480 2908 ita
1522 2848 1704 2908 etiam
1737 2847 2148 2921 concedimuS‚
2192 2846 2440 2907 certitu-

322 3058 533 3126 tholiqtte
548 3058 673 3109 n’est
685 3076 775 3126 que
793 3058 834 3108 le
851 3076 960 3108 sens
980 3075 1206 3108 commun
1222 3058 1345 3107 dans
1426 3072 1517 3106 sur
1556 3055 1604 3104 la
1655 3047 1870 3106 doctrine
1915 3055 1984 3104 du
2030 3069 2138 3103 sens
2181 3068 2404 3102 commun
2429 3091 2443 3112 ‚

319 3141 389 3191 les
432 3142 592 3191 choses
626 3142 683 3191 de
717 3141 870 3192 Dieu.
908 3141 1007 3191 Cfr.
1054 3140 1348 3191 Catecln'sme
1429 3157 1536 3207 pag.
1565 3135 1648 3188 25.
2018 3194 2022 3199 .

323 3224 393 3273 du
422 3241 529 3273 sem
558 3242 783 3274 commun
801 3261 818 3287 ,
849 3244 954 3291 pag.
983 3222 1072 3274 66.
1500 3221 1563 3287 (2)
1601 3220 1668 3269 lta
1698 3222 1920 3286 scepticos
1937 3216 2059 3284 ipsos
2081 3217 2140 3265 ad
2159 3232 2345 3266 sensum
2371 3233 2454 3265 na-

395 3307 465 3372 (l)
501 3308 572 3355 Ad
612 3325 710 3357 rem
747 3308 943 3357 Bautain
983 3308 1194 3357 observat
1227 3326 1239 3356 ε
1277 3307 1349 3356 Le
1433 3317 1547 3356 turae
1573 3319 1873 3354 communem
1904 3300 2078 3350 utiliter
2112 3315 2452 3365 provocamus:

324 3405 434 3437 sem
469 3405 725 3451 commun,
770 3389 893 3437 dans
932 3389 980 3437 la
1018 3389 1235 3438 doctrine
1281 3388 1351 3437 du
1434 3406 1531 3438 non
1559 3387 1684 3454 quod
1709 3385 1884 3453 judicia
1908 3422 1921 3443 ,
1959 3386 2052 3432 sive
2089 3382 2327 3431 rationalia
2361 3382 2457 3429 sive

324 3487 433 3520 sous
468 3487 723 3532 commun,
760 3480 828 3519 est
860 3488 930 3519 uu
962 3471 1134 3520 Prote'e
1163 3473 1251 3536 qui
1277 3488 1351 3520 re·
1435 3469 1655 3529 moralia,
1678 3485 1778 3534 quae
1792 3467 1914 3515 illius
1930 3465 2162 3531 objectum
2180 3465 2454 3524 efformant,

326 3557 401 3604 cet
424 3552 553 3602 mille
575 3553 752 3619 formes
776 3563 821 3603 et
848 3555 992 3619 qu'on
1019 3572 1079 3602 ne
1101 3562 1221 3621 peut
1249 3555 1353 3602 sai-
1436 3552 1667 3603 evidentia
1683 3566 1776 3616 per
1791 3566 1839 3596 se
1866 3567 1918 3598 ac
1937 3550 2199 3597 intrinsece
2219 3565 2316 3596 non
2334 3548 2453 3606 sint,

325 3638 400 3685 sir
434 3652 544 3685 sous
579 3651 787 3685 aucune.
830 3636 1072 3703 Quelques
1100 3636 1357 3701 reflexione
1437 3644 1488 3683 ut
1521 3634 1719 3700 quisque
1751 3632 1943 3698 proinde
1974 3633 2150 3681 ratione
2175 3647 2256 3680 sua
2283 3629 2456 3678 indivi-
