2502 4134
310 120 428 181 120

915 142 1117 182 TRAc'r.
1158 144 1227 181 DE
1270 142 1423 181 LOCIS
1466 142 1841 182 THEOLOGICIS.

398 287 534 347 183.
579 288 749 347 Joan.
793 288 877 363 V,
928 290 1237 370 profitetur
1273 286 1574 363 Christus,
1617 310 1679 349 se
1716 310 1836 346 non
1884 285 2145 367 indigere
2188 287 2432 346 Joannis

313 384 587 467 Baptistae
620 382 989 458 testimoniO,
1031 384 1105 444 ad
1144 383 1406 443 divinam
1447 405 1614 442 suam
1653 384 1990 443 missionem
2042 380 2435 464 comproban-

312 479 449 539 dam
470 524 487 552 ,
520 499 697 560 quam
724 479 896 538 Pater
924 479 1217 559 tot-signis
1253 478 1609 559 patefecerat
1640 479 1751 558 (l).

396 573 532 633 184.
577 575 748 632 Joan.
798 576 935 650 VII,
979 576 1197 656 pariter
1231 572 1492 655 loquitur
1524 573 1785 632 Christus
1828 571 1900 632 de
1932 572 2134 631 divina
2162 571 2436 631 missione

312 691 413 729 sua
435 714 452 745 ,
478 668 669 750 deque
692 670 912 729 coelesti
943 669 1163 749 origine
1198 667 1474 728 doctrinae
1500 676 1653 742 suae',
1690 690 1937 750 suosque
1967 676 2245 749 provocat
2267 665 2436 725 audi-

310 776 465 824 tores
493 763 570 822 ad
597 765 1016 846 experientiam
1040 785 1146 846 per
1168 764 1571 823 executionem
1595 762 1808 822 divinae
1831 762 2151 824 voluntatis
2173 808 2189 837 ,
2225 783 2294 821 ex
2319 783 2434 843 qua

309 859 756 944 deprehendere
805 871 1080 943 possent,
1140 859 1469 920 doctrinam
1509 880 1692 941 quam
1744 861 1830 919 eis
1869 858 2272 941 proponebat,
2312 877 2437 918 esse

309 957 573 1019 divinam
597 1001 613 1031 ,
672 977 793 1014 non
841 967 1041 1015 autem
1094 978 1165 1015 ex
1216 955 1459 1015 arbitrio
1514 966 1692 1036 atque
1743 954 2006 1013 humano
2062 975 2236 1013 sensu
2293 974 2438 1012 con-

312 1053 503 1111 fictam
526 1051 638 1133 (2).
666 1053 703 1110 J
705 1073 801 1110 am
826 1072 968 1112 vero
995 1050 1135 1133 quid
1162 1050 1272 1110 hoc
1302 1071 1614 1110 commune
1638 1049 1816 1110 habet
1847 1072 1982 1110 cum
2006 1050 2438 1132 Scripturarum

310 1147 795 1229 interpretatione
811 1145 841 1206 ‘2

392 1243 528 1302 185.
572 1245 743 1302 Joan.
779 1244 864 1319 X,
900 1242 1183 1322 significat
1228 1240 1488 1301 Christus
1519 1263 1657 1303 oves
1686 1240 1933 1312 docileS‚
1970 1261 2095 1323 quae
2136 1241 2187 1300 ei
2224 1239 2441 1299 scilicet

305 1337 747 1421 obtemperant,
778 1358 1030 1419 eumque
1054 1349 1339 1419 tanquam
1364 1349 1661 1419 pastorem
1686 1348 2051 1419 praeeuntem
2084 1347 2435 1418 sequuntur,

305 1433 669 1515 agnoscendo
689 1434 755 1494 in
778 1454 1027 1514 persona
1046 1454 1148 1492 sua
1167 1433 1439 1492 Messiam
1458 1433 1574 1513 (3).
1599 1435 1699 1492 Hae
1724 1455 1899 1515 porro
1921 1430 2440 1513 interpretationes

302 1528 378 1589 ab
401 1530 543 1612 ipsis
571 1527 992 1589 recentioribus
1020 1528 1273 1606 exegetis
1307 1528 1770 1608 protestantibus
1799 1527 1949 1587 datae
1980 1538 2119 1585 sunt
2141 1570 2158 1600 ,
2196 1547 2269 1585 ex
2305 1526 2440 1607 qui-

300 1623 411 1684 bus
448 1635 647 1706 patet,
683 1644 782 1684 eos
817 1625 941 1701 jam
983 1622 1254 1682 deserere
1302 1623 1689 1705 expositiones
1726 1623 1853 1682 illas
1876 1668 1892 1696 .,
1940 1620 2150 1704 quibus
2178 1622 2442 1704 ipsorum

299 1720 669 1799 antesignani
702 1717 1050 1778 nitebantur
1094 1717 1401 1778 excludere
1445 1719 2003 1802 interpretationem
2048 1717 2438 1798 dogmaticam

298 1816 562 1876 Ecclesiae
582 1860 598 1890 ,
639 1826 705 1874 ut
739 1813 792 1875 ei
817 1835 1055 1875 sensum
1090 1814 1391 1897 privatum
1431 1835 1533 1874 seu
1561 1815 1858 1897 privatam
1891 1814 2442 1897 interpretationem

300 1911 709 1994 subrogarent.
1133 1967 1135 1969 ,

385 2007 523 2067 186.
572 2009 905 2067 Beroeenses
929 2027 1136 2088 porr0,
1161 2006 1237 2066 de
1261 2005 1472 2087 quibus
1495 2006 1683 2087 agitur
1711 2006 1775 2064 in
1806 2006 1959 2066 Actis
1982 2004 2396 2088 Apostolorum
2419 2050 2437 2081 ,

299 2102 569 2164 nondum
603 2103 806 2164 fideles
843 2114 1048 2176 erant,
1089 2123 1226 2162 cum
1267 2113 1676 2163 scrutarentur
1710 2101 2070 2184 Scripturas3
2117 2101 2265 2161 dum
2300 2123 2440 2161 vero

301 2220 398 2259 eas
447 2197 857 2273 excutiebant,
895 2219 1020 2256 non
1054 2197 1130 2257 ad
1170 2197 1592 2280 inquirendum
1632 2197 1793 2256 hunc
1829 2197 2157 2259 alterumve
2200 2208 2442 2256 contro-

301 2315 542 2356 versum
568 2294 881 2377 Scripturae
921 2315 1162 2353 sensum
1193 2293 1254 2354 id
1288 2292 1689 2376 praestabant,
1718 2293 1822 2353 sed
1858 2292 1934 2352 ad
1961 2294 2181 2357 motiva
2216 2314 2439 2375 expen-

376 2499 445 2565 (1)
483 2498 582 2549 Cfr.
612 2499 870 2549 Maldonat.
891 2499 944 2547 in
963 2499 1096 2548 hunc
1124 2500 1218 2550 loc.
1239 2497 1330 2569 Sed
1412 2500 1532 2548 nihil
1555 2517 1663 2549 cum
1686 2498 2035 2566 Scripturarum
2059 2501 2442 2565 interpretatione

301 2592 484 2649 praestat
503 2583 615 2631 huic
630 2583 887 2649 adjungere
902 2584 1202 2647 interpretem
1218 2600 1327 2648 pro-

300 2674 581 2726 testantem,
627 2665 803 2713 scilicet
851 2664 1198 2726 Kuinoiilium‚
1245 2666 1325 2730 qui

304 2746 486 2814 objecta
516 2747 652 2796 verba
698 2749 762 2795 ita
801 2750 986 2813 exponit
1021 2764 1035 2795 ε
1074 2746 1188 2795 Non
1223 2746 1326 2796 hoeo

303 2828 416 2877 disci
445 2836 674 2894 tanquam
708 2828 916 2894 cupidus
944 2828 1166 2885 honoris,
1189 2844 1327 2892 quem

300 2911 521 2960 humana
555 2909 771 2959 laudatio
801 2910 1008 2976 proebet.
1044 2910 1159 2959 Non
1191 2918 1328 2976 capto

303 2991 519 3042 hominis
546 2992 728 3054 ullius,
763 3009 915 3058 neque
944 2991 1085 3052 adeo,
1114 2991 1330 3041 Ioannis

304 3089 338 3120 a
382 3074 516 3121 vobio
558 3073 806 3141 repudiati
846 3074 1201 3135 testimonium,
1247 3073 1329 3121 sed

304 3155 407 3205 Ιιωσ
442 3156 579 3219 dixi,
615 3160 880 3207 testimonii
906 3157 1173 3209 Johannaei
1195 3175 1330 3206 men-

307 3239 485 3287 tionem
520 3240 623 3305 feci
652 3275 670 3297 ,
724 3249 779 3287 ut
822 3258 901 3288 vos
947 3242 1238 3297 servemini,
1283 3239 1331 3290 ου’

304 3308 541 3386 ponpa-opion
603 3322 832 3383 λαμβάνω
875 3320 998 3390 πειραὶ
1052 3320 1285 3389 οἶνθρῶπου
1312 3362 1327 3386 ,

306 3411 405 3450 non
434 3418 650 3467 aucupor
671 3406 1128 3454 commendationem
1157 3405 1330 3454 huma-

305 3500 443 3534 nam.
475 3483 713 3550 Quidquid
748 3503 884 3550 porro
922 3491 980 3536 sit
1009 3489 1067 3537 de
1099 3490 1328 3555 ejusmodi

304 3566 467 3631 frigida
510 3568 830 3632 expositione,
874 3570 933 3617 ad
980 3588 1077 3618 rem
1121 3580 1327 3619 nostram

307 3649 433 3713 quod
450 3651 638 3714 attinet,
659 3661 809 3716 patet,
828 3652 990 3702 saltem
1006 3652 1175 3702 Christi
1190 3654 1329 3704 verba

1407 2583 1582 2632 habere
1611 2600 1883 2632 commune.

1482 2665 1551 2730 (2)
1590 2664 1693 2731 er.
1730 2675 1939 2713 auctores
1965 2666 2067 2712 citt.
2094 2662 2295 2712 Kuinoiil
2326 2667 2439 2714 item

1412 2748 1478 2794 sic
1497 2757 1685 2794 enarrat
1715 2744 1949 2810 objectum
1979 2746 2109 2795 hunc
2131 2747 2286 2795 locum
2311 2747 2440 2812 :As-

1402 2829 1687 2893 firmaverat
1709 2829 1750 2875 J
1747 2845 1855 2876 esus
1870 2866 1883 2886 ,
1902 2846 1950 2878 v.
1980 2827 2039 2877 16
2055 2864 2072 2891 ‚
2105 2846 2244 2877 suam
2260 2829 2438 2878 doctri-

1408 2926 1526 2957 nam
1553 2927 1649 2958 esse
1688 2909 1921 2958 divinam.
1956 2912 2070 2960 Jam
2101 2912 2196 2960 duo
2227 2912 2352 2960 hano
2383 2914 2438 2959 in

1410 3007 1510 3039 rem
1542 3000 1828 3056 arqumenta
1856 2994 2026 3059 affert,
2060 2992 2264 3041 alterum
2286 2996 2436 3042 inter-

1410 3090 1531 3122 num
1560 3089 1619 3121 ex
1641 3075 1799 3139 ipsius
1816 3075 2048 3124 doctrinae
2066 3075 2223 3124 indole
2241 3085 2287 3123 et
2299 3093 2433 3141 proe-

1413 3157 1592 3204 stantia
1618 3158 1856 3220 petitum,
1893 3174 1942 3206 v.
1991 3174 2048 3223 ¹7
2066 3193 2083 3218 ‚
2115 3157 2320 3205 alterum
2348 3173 2433 3204 ea·-

1411 3248 1623 3299 ternum,
1642 3255 1784 3286 suam
1803 3240 1958 3305 ipsius
1977 3240 2153 3305 aqendi
2169 3241 2429 3299 rationem,

1411 3339 1507 3388 qua
1534 3321 1721 3384 doceat,
1750 3339 1798 3370 ee
1821 3339 1920 3371 non
1946 3339 2049 3372 suoe
2064 3359 2079 3379 ,
2098 3322 2181 3370 sed
2201 3322 2304 3371 Dei
2322 3332 2433 3370 tan-

1411 3414 1513 3454 tum
1539 3404 1705 3471 qloriee
1727 3407 2017 3471 prospicere.

1485 3486 1552 3552 (3)
1588 3487 1695 3535 Haec
1713 3490 1883 3552 pariter
1900 3497 1967 3536 est
1985 3490 2298 3553 interpretatio
2314 3487 2433 3535 Kni-

1413 3571 1571 3619 noelii.
1602 3569 1825 3619 Eamdem
1854 3573 2060 3637 sequitur
2091 3567 2431 3621 Rosenmiiller.
