2502 4134
271 98 391 160 152

867 121 1068 176 rssACT.
1117 123 1186 160 DE
1229 122 1384 161 LOCIS
1427 124 1812 165 TREOLOGICIS.

263 266 311 325 si
342 265 434 323 his
466 263 709 345 aliisque
739 263 1024 341 ejusmodi
1052 263 1374 324 canonibus
1416 269 1584 326 unice
1607 269 1957 329 recentiores
1985 281 2234 349 exegetae
2263 293 2398 353 pro-

263 371 548 437 testantes
592 359 899 434 instructi,
945 359 1133 441 iisque
1181 360 1357 441 plane
1410 364 1616 423 confisi
1645 409 1662 426 .
1703 386 1771 423 eo
1815 366 2245 425 commentariis
2282 367 2398 424 suis

264 455 650 522 devenerint,
686 463 751 511 ut
785 456 1027 514 omnino
1050 466 1199 514 esset
1229 458 1634 537 exoptandum
1654 505 1668 532 ,
1701 459 1937 519 easdem
1973 459 2047 519 ab
2078 461 2148 519 iis
2173 460 2398 539 regulas

262 553 328 611 in
351 553 526 609 sacris
554 550 916 632 exponendis
942 553 1172 612 Litteris
1200 554 1419 612 servari
1443 599 1459 628 ,
1490 576 1633 635 quas
1662 551 1724 613 in
1757 557 2015 637 profanis
2040 554 2400 615 illustrandis

265 644 647 726 scriptoribus
667 647 1119 705 consectantur?
1145 648 1462 728 Nunquam
1486 670 1625 708 sane
1655 651 1718 707 in
1743 651 2209 711 commentandis
2241 651 2401 709 Livio

178 796 180 799 ,
265 763 331 802 ac
370 742 566 801 Tacito
587 764 726 815 >eam
768 742 878 801 sibi
916 742 1252 802 libertatem
1294 745 1748 824 permitterent,
1786 766 1898 826 qua
1931 747 1990 804 in
2037 745 2401 828 exponendis

266 837 594 920 Evangeliis
625 838 868 920 aliisque
908 839 1138 920 scriptis
1178 841 1353 898 sacris
1387 840 1634 921 impune
1662 839 2118 901 debacchantur.
2165 843 2404 916 Quoties

267 935 428 994 enim
453 934 673 1016 aliquid
694 938 753 993 in
781 936 847 994 iis
873 934 1214 1009 offendunt,
1242 935 1401 1017 quod
1424 957 1559 995 cum
1580 935 1954 1017 opinionibus
1976 940 2091 995 suis
2117 960 2240 997 non
2261 959 2406 997 con-

264 1042 436 1111 gruat
458 1076 473 1103 ‚
499 1031 757 1092 lacerant
778 1078 794 1107 a
821 1031 1179 1113 detorquent
1207 1055 1314 1113 per
1341 1032 1626 1092 violentas
1653 1033 2168 1115 interpretationes
2188 1078 2205 1108 7
2228 1033 2309 1092 ita
2340 1044 2407 1093 ut

266 1126 366 1188 Vel
392 1129 714 1188 Straussius
743 1129 868 1210 ipse
901 1127 1030 1186 illos
1057 1127 1297 1187 irrideat
1321 1129 1433 1206 (l)

347 1223 494 1284 234.
541 1227 798 1284 Pronum
834 1224 970 1284 hinc
990 1236 1079 1285 est
1101 1225 1349 1300 inferre7
1376 1224 1679 1302 cujusdam
1712 1224 1873 1284 modi
1897 1225 2039 1284 fides
2064 1228 2406 1284 Protestan-

265 1321 417 1378 tium
444 1341 568 1381 esse
605 1333 781 1403 queat
805 1366 821 1393 a
855 1323 955 1403 qui
993 1322 1362 1402 Scripturam
1395 1322 1628 1380 unicam
1658 1320 1811 1380 illius
1843 1321 2105 1401 regulam
2140 1342 2260 1380 esse
2286 1320 2407 1379 cla-

264 1416 504 1476 mitant.
543 1419 723 1476 Primi
750 1421 1149 1477 protestantes
1173 1463 1188 1491 ,
1211 1417 1312 1498 qui
1345 1417 1564 1500 tropice
1590 1417 2013 1477 intellexerunt
2048 1416 2226 1509 verba
2264 1438 2408 1475 con-

266 1513 636 1587 secratio11iS‚
673 1535 748 1573 ne
778 1526 1126 1593 cogerentur
1163 1512 1477 1572 admittere
1515 1513 1735 1573 realem
1777 1514 1995 1573 Christi
2036 1512 2414 1595 praesentiam

262 1607 326 1666 in
360 1608 757 1684 Eucharistia7
788 1608 1181 1669 obtendentes
1217 1608 1509 1685 ejusmodi
1545 1608 1754 1690 dogma
1784 1630 2047 1691 pugnare
2081 1629 2215 1667 cum
2255 1617 2413 1667 recta

263 1704 527 1779 ratione,
577 1705 735 1765 viam
779 1714 1142 1786 aperuerunt
1179 1703 1500 1763 Socinianis
1530 1703 1605 1763 ad
1634 1705 1855 1787 tropice
1892 1702 2273 1784 intelligenda
2309 1701 2410 1761 illa

331 1982 400 2043 (l)
446 1981 544 2029 Vie
583 1981 640 2029 de
681 1981 859 2044 Jesus,
903 1992 1019 2041 tom.
1048 1999 1098 2043 1,
1130 1984 1296 2030 Intro-

265 2062 393 2112 duct.
428 2061 455 2130 ξ
490 2060 556 2124 8,
597 2081 661 2131 9,
717 2081 793 2113 ιο.
835 2064 1109 2130 Speciminis
1151 2067 1299 2129 gratia

265 2146 495 2195 nonnulla
526 2146 784 2195 describam
815 2165 868 2195 cx
896 2146 921 2214 ὃ
960 2163 1012 2195 10
1041 2164 1055 2195 ε
1083 2147 1225 2194 flIais
1250 2163 1301 2194 ce

268 2227 393 2294 qu'il
422 2245 454 2291 y
493 2245 523 2274 a
562 2228 620 2275 de
652 2228 770 2294 plus
810 2231 971 2277 oriant
1011 2246 1071 2277 en
1103 2230 1202 2294 fait
1245 2229 1303 2277 de

268 2310 648 2368 contradiction,
687 2311 796 2358 c'est
821 2328 873 2359 ce
906 2311 1048 2376 qu’on
1083 2311 1141 2358 lit
1178 2311 1304 2360 dans

270 2409 369 2441 une
381 2411 423 2440 m
429 2392 662 2457 ytholoyie
675 2393 743 2441 du
762 2393 1000 2442 Nouveau
1014 2393 1301 2453 Testament‚

272 2491 452 2523 comme
472 2475 584 2524 celle
605 2476 661 2523 de
677 2476 848 2524 Bauer
856 2495 874 2538 ‚-
891 2476 1030 2525 l'idee
1047 2476 1114 2524 du
1132 2476 1307 2542 Myclw

268 2567 338 2606 est
354 2561 400 2606 si
413 2577 509 2625 peu
530 2561 784 2625 comprime,
811 2578 919 2625 que,
936 2577 1037 2626 par
1060 2560 1272 2626 exemplo
1282 2601 1300 2623 ,

273 2641 318 2689 il
341 2642 502 2688 admet
529 2642 792 2691 reellement
818 2642 933 2691 cltez
951 2643 1015 2691 les
1032 2651 1235 2709 parents
1252 2643 1309 2691 de

275 2727 656 2791 Iena-Baptista
700 2744 769 2774 un
822 2729 1043 2792 mariaqe
1089 2727 1309 2775 demeure

273 2808 466 2866 sterile;
502 2809 622 2875 qu’il
654 2810 878 2875 explique
905 2808 1221 2875 l'apparition
1251 2809 1309 2857 de

272 2890 452 2956 l'Anqe
483 2892 513 2940 ὰ
549 2890 597 2940 la
628 2896 887 2940 nais-sance
931 2892 989 2939 de
1027 2889 1171 2939 Jesus
1206 2908 1309 2957 par

272 2989 343 3021 un
374 2979 571 3024 meteore
599 2975 886 3040 enflamme,·
920 2973 1041 3039 qu’il
1071 2990 1304 3039 suppose,

281 3057 314 3105 ὰ
343 3074 431 3104 son
458 3057 708 3124 bapteme,
747 3076 818 3107 un
846 3057 996 3106 eclair
1022 3066 1067 3106 et
1089 3074 1160 3105 un
1186 3074 1307 3123 caup

274 3138 332 3186 de
355 3148 578 3187 tonnerre
592 3176 608 3200 ,
636 3158 697 3189 en
715 3143 865 3190 meme
884 3150 1036 3206 temps
1062 3157 1151 3204 que
1170 3138 1211 3187 Ie
1233 3138 1311 3188 vol

263 3218 441 3285 sortuit
473 3221 617 3269 d'une
645 3222 849 3271 columbe
883 3222 1141 3271 au-dessue
1165 3224 1222 3270 de
1251 3239 1306 3273 aa

271 3303 397 3363 tete5
434 3303 555 3366 qu'il
574 3303 730 3351 donne
749 3322 819 3352 un
844 3321 986 3370 oraqe
1002 3321 1181 3353 comme
1189 3304 1304 3368 fon-

274 3383 463 3432 dentem
490 3385 547 3433 de
578 3385 632 3434 la
661 3389 1091 3454 transfiquration,
1134 3392 1181 3435 et
1216 3404 1306 3451 que

271 3466 353 3514 des
379 3467 546 3532 Anqes
569 3484 657 3516 sur
680 3468 719 3516 Ie
739 3471 958 3519 tombeau
976 3470 1034 3519 de
1055 3470 1204 3518 Jesus
1228 3486 1305 3518 re·

270 3550 482 3611 suseite,
527 3549 570 3597 it
594 3551 693 3615 fait
738 3550 1081 3601 des'linceuils
1121 3550 1302 3602 blance.

269 3631 488 3699 Kaiser,
527 3632 604 3685 lui
648 3636 734 3701 qui
773 3651 825 3685 se
855 3635 1031 3703 plaint
1064 3653 1156 3703 que
1201 3644 1307 3686 tant

1382 1980 1755 2047 d'expllcations
1779 1979 2035 2029 naturelles
2064 1981 2220 2028 soient
2243 1981 2291 2026 si
2310 1994 2411 2044 peu

1380 2063 1638 2112 naturelles
1652 2100 1665 2123 ,
1695 2080 1861 2111 assure
1875 2061 2145 2127 cependant
2162 2079 2252 2126 que
2267 2077 2319 2109 ee
2339 2077 2412 2108 se-

1382 2147 1481 2194 rait
1507 2163 1570 2193 ne
1604 2146 1711 2194 noir
1739 2143 1890 2210 qu’un
1920 2145 2017 2192 cote
2041 2145 2121 2192 des
2144 2144 2302 2192 choses
2323 2161 2413 2208 que

1383 2228 1442 2276 de
1467 2227 1654 2276 vouloir
1679 2230 1966 2294 interpreter
1994 2235 2095 2274 tout
2126 2225 2167 2274 Ie
2196 2224 2416 2275 merveil-

1386 2310 1497 2359 leuoe
1510 2310 1577 2358 du
1589 2310 1826 2359 Nouveau
1843 2310 2122 2358 Testament
2135 2309 2280 2357 d’une
2289 2308 2416 2358 seule

1387 2401 1433 2441 et
1461 2395 1642 2458 unique
1665 2394 1916 2455 maniere5
1944 2400 1990 2440 et
2017 2393 2048 2440 ὰ
2072 2391 2211 2440 l'aide
2231 2392 2287 2440 de
2303 2399 2416 2440 cette

1389 2492 1639 2540 remarque
1671 2475 1712 2526 il
1739 2475 1881 2524 laisse
1910 2475 2142 2523 subsistet·
2166 2472 2414 2539 l'escplica-

1390 2561 1494 2608 tion
1535 2559 1768 2608 natur-elle
1806 2561 1837 2607 ὰ
1868 2557 1975 2607 eote
2007 2559 2063 2606 de
2090 2557 2415 2623 l’eoeplication

1391 2641 1653 2707 mythique.
1667 2642 1909 2707 Pourpeu
1923 2658 2012 2705 que
2025 2640 2120 2687 l'on
2135 2642 2412 2698 connaisse,

1390 2723 1531 2772 dit-il
1543 2760 1560 2787 ‚
1590 2741 1680 2789 que
1709 2723 1751 2771 le
1777 2722 1897 2771 vieil
1923 2731 2098 2771 auteur
2114 2740 2145 2771 a
2168 2722 2313 2771 ooulu
2336 2740 2416 2772 ra-

1389 2817 1552 2855 conter
1580 2823 1653 2855 un
1679 2804 1900 2862 miracle,
1922 2804 2244 2871 I'explication
2266 2815 2414 2854 natu-

1388 2889 1501 2938 relle
1527 2890 1713 2937 devient
1739 2898 1937 2937 souoent
1959 2887 2087 2937 alors
2106 2888 2415 2949 admi-ssime,-

1388 2972 1471 3021 elle
1504 2981 1571 3021 est
1598 2971 1756 3020 tantot
1780 2973 2049 3038 physiquej
2081 2990 2261 3021 comme
2291 2973 2415 3020 dans

1388 3054 1430 3103 le
1458 3054 1654 3121 lepreux
1685 3055 1801 3103 dont
1829 3054 1974 3103 Jesus
1993 3057 2157 3120 previt
2180 3071 2297 3102 sans
2327 3071 2415 3102 au-

1389 3155 1487 3187 cun
1512 3137 1650 3185 doute
1678 3136 1720 3184 le
1743 3137 1986 3203 prochain
2017 3135 2413 3194 retabh'ssement,

1389 3218 1547 3269 tanede
1565 3219 1963 3285 psycholoqique,
1991 3218 2038 3267 Ia
2066 3223 2330 3267 renommee
2356 3218 2415 3266 de

1389 3302 1534 3353 Jesus
1561 3311 1605 3351 et
1631 3302 1677 3350 la
1699 3303 1943 3366 constance
1979 3319 2042 3350 en
2067 3301 2141 3349 lui
2166 3310 2319 3367 ayant
2353 3318 2415 3350 eu

1389 3385 1506 3435 chez
1522 3384 1771 3452 plusieurs
1791 3383 2028 3447 malades,
2046 3384 2091 3433 la
2103 3385 2219 3451 plus
2229 3384 2415 3451 qrande

1379 3478 1500 3535 part
1536 3467 1567 3515 ὰ
1605 3465 1652 3515 la
1690 3468 1946 3531 quer-ison,
1991 3477 2079 3517 etc.
2127 3484 2232 3535 pag.
2273 3464 2338 3515 55
2369 3475 2415 3515 et

1389 3567 1519 3617 seqq.
1541 3548 1634 3599 Sed
1650 3550 1807 3599 velum
1823 3550 2110 3601 adducamus
2130 3567 2266 3618 super
2286 3551 2413 3616 ejus-

1389 3632 1518 3685 modi
1542 3634 1821 3700 impietates·
