2502 4134
225 103 345 165 312
845 126 1045 165 macr.
1082 127 1152 165 me
1180 127 1336 168 mors
1374 131 1756 172 antonomum.

1233 269 1268 349 S
1312 272 1356 329 ἰ.

1018 422 1111 479 De
1149 421 1211 481 E
1206 423 1567 503 piqraplzia.

311 558 452 618 471.
497 557 692 636 Magni
733 555 1062 616 faciendam
1107 578 1232 616 esse
1276 569 1546 619 veterum
1594 559 2039 642 inscriptionum
2086 564 2361 624 christia-

225 675 439 713 narum
473 652 882 712 auctoritatem
905 698 921 727 ,
959 674 1032 711 ex
1065 673 1134 711 eo
1162 653 1339 713 facile
1374 653 1697 734 colligitur,
1736 655 1894 736 quod
1917 658 2143 741 antiqui
2166 660 2364 720 fideles

226 771 459 809 summo
500 770 634 808 cum
679 749 863 808 animi
906 749 1161 808 candore
1199 749 1495 831 lapidibus
1535 750 1615 808 ad'
1652 773 1982 832 perennem
2020 756 2364 816 memoriam

227 848 641 907 consueverint
678 846 855 904 fidem
893 867 1060 904 suam
1094 845 1395 906 exhibere.
1431 846 1918 907 Luculentissima
1949 850 2199 930 proinde
2223 852 2370 910 Tra-

229 943 469 1002 ditionis
509 963 574 1000 ac
608 941 743 1001 fidei
779 954 921 1001 tunc
968 944 1251 1024 temporis
1292 954 1576 1024 receptae,
1620 964 1754 1001 cum
1800 945 2086 1022 ejusmodi
2126 946 2370 1028 inscrip-

231 1039 420 1098 tiones
447 1037 824 1120 prodierunt,
848 1038 1184 1097 testimonia
1211 1050 1352 1096 sunt
1369 1084 1385 1114 7
1414 1050 1471 1098 et
1498 1060 1568 1099 eo
1592 1039 1936 1122 pretiosiora
1957 1085 1974 1114 .,
2005 1040 2164 1123 quod
2189 1063 2373 1125 pauca

233 1135 478 1195 omnino
515 1156 585 1194 ex
609 1134 814 1216 primis
847 1134 1107 1194 Ecclesiae
1147 1134 1356 1194 seculis
1397 1137 1641 1194 Patrum
1686 1135 2009 1218 scriptaad
2051 1159 2160 1196 nos
2188 1159 2376 1219 usque

231 1231 615 1314 pervenerint
642 1230 752 1311 (l).
797 1232 988 1304 Quare
1028 1230 1316 1309 ejusmodi
1351 1232 1764 1313 inscriptiones
1804 1244 2093 1314 tanquam
2125 1233 2373 1315 supple-

233 1337 508 1388 mentum
543 1327 791 1409 spectari
826 1326 1051 1386 debent
1087 1326 1372 1386 librorum
1407 1328 1657 1408 inopiae,
1694 1350 1839 1411 quos
1873 1328 1968 1388 vel
2001 1328 2237 1408 vulgare
2267 1332 2378 1388 Pa-

235 1428 394 1497 tres,
433 1434 520 1482 tot
546 1424 730 1504 pressi
758 1422 1131 1483 ethnicorum
1158 1424 1639 1482 insectationibus
1661 1469 1677 1498 ,
1720 1446 1842 1482 non
1880 1434 2202 1505 potuerunt
2221 1469 2238 1499 a
2278 1435 2380 1483 aut

237 1532 471 1601 tempus
515 1519 665 1579 edax
702 1517 871 1577 nobis
900 1519 1135 1601 eripuit.
1175 1518 1346 1592 Quod
1382 1531 1581 1579 autem
1620 1519 1694 1579 de
1727 1518 2208 1602 inscriptionibus
2237 1520 2382 1578 dixi-

237 1638 373 1676 mus
394 1636 715 1697 earumque
742 1616 1086 1675 auctoritate
1121 1626 1181 1674 et
1212 1638 1320 1674 usu
1352 1615 1415 1674 in
1443 1615 1620 1675 rebus
1650 1615 1986 1696 theologicis
2008 1661 2024 1691 ,
2064 1638 2140 1675 ne
2174 1617 2381 1698 saepius

239 1712 446 1772 eadem
471 1713 684 1796 iterare
709 1710 1061 1784 debeamus,
1087 1711 1160 1770 de
1189 1712 1595 1772 monumentis
1625 1712 1866 1794 reliquis
1896 1711 2150 1794 intelligi
2178 1712 2379 1772 debet.

240 1811 392 1868 Nam
434 1806 593 1889 quod
636 1806 709 1866 de
750 1808 951 1889 priscis
994 1809 1397 1866 Romanorum
1441 1808 1844 1868 monumentis
1889 1807 2083 1867 aiebat
2123 1807 2383 1884 Tullius7

241 1915 302 1966 et
335 1926 442 1963 nos
481 1925 765 1986 usurpare
809 1925 1118 1985 possumus
1155 1926 1168 1962 t
1207 1905 1513 1983 Exempla
1539 1926 1612 1963 ea·
1641 1916 1825 1963 vetere
1853 1908 2147 1964 memoria
2178 1916 2233 1964 et
2262 1927 2387 1964 mo·-

241 2005 550 2060 numentis
583 2022 656 2058 ac
689 2001 942 2072 litteris,
976 2001 1162 2079 plena
1197 2001 1557 2080 diqtzz'tatiS,
1576 2002 1765 2080 plena
1799 2003 2207 2079 antiquitatis.
2237 2002 2389 2060 Hoec

234 2099 588 2176 plurimum
613 2097 799 2154 solent
816 2106 871 2154 et
889 2099 1273 2155 auctoritatis
1297 2097 1513 2156 habere
1539 2096 2033 2177 adprobandum
2049 2139 2074 2169 ,
2099 2108 2154 2155 et
2152 2101 2390 2176 jucun·

247 2194 459 2251 ditatis
495 2192 581 2250 ad
616 2193 1001 2251 audiendum
1044 2192 1156 2270 (2).

332 2287 473 2347 472.
524 2290 715 2369 Atque
751 2299 818 2346 ut
853 2286 1136 2368 exemplis
1168 2309 1296 2347 rem
1323 2298 1590 2347 nostram
1619 2287 2017 2363 illustremus,
2051 2309 2122 2347 ex
2147 2288 2390 2370 inscrip-

250 2382 533 2459 tionibus²
559 2384 786 2442 omissis
808 2403 935 2464 quae
958 2382 1033 2442 ad
1056 2383 1160 2442 Dei
1180 2383 1471 2443 unitatem
1494 2405 1560 2443 ac
1583 2385 1974 2443 Personarum
1993 2384 2342 2443 Trinitatem
2361 2429 2377 2459 .‚

253 2478 746 2561 divinitatemque
772 2479 988 2538 Christi
1013 2480 1481 2539 confirmandam
1505 2491 1777 2562 spectant
1806 2479 1919 2561 (3),
1955 2491 2021 2538 ut
2061 2480 2395 2538 insistamus

254 2575 318 2633 in
368 2575 626 2636 maxime
675 2575 1063 2638 controversis
1112 2575 1403 2654 articuliS,
1451 2577 1515 2636 in
1563 2576 1772 2659 primis
1830 2574 2025 2659 quoad
2077 2575 2395 2635 infantium

324 2792 390 2857 (1)
427 2791 595 2858 Reipsa
619 2791 809 2841 Patrum
836 2792 1084 2841 latinorum
1108 2794 1282 2858 scripta
1363 2810 1474 2842 nem
1499 2803 1758 2858 exponunt.
1789 2792 1890 2844 Cfr.
1930 2794 2168 2854 Zaccaria‚
2204 2794 2388 2843 dissert.

260 2892 312 2923 ex
354 2877 504 2940 primo
551 2876 707 2923 seculo
748 2874 877 2923 nulla
922 2875 1185 2938 habemus3
1230 2892 1284 2924 ex
1367 2875 1439 2926 De
1474 2885 1683 2924 veterum
1725 2876 2111 2925 christianarum
2153 2878 2211 2924 in
2253 2876 2393 2924 rebus

261 2975 356 3007 sec.
387 2975 421 3005 ιι
451 2976 576 3006 unus
608 2968 815 3023 superest
833 2956 1178 3018 TertullianuS,
1203 2959 1286 3024 qui
1365 2958 1640 3023 theoloqicis
1663 2976 1790 3020 usu,
1826 2976 1931 3024 cap.
1966 2973 2016 3007 2.

257 3039 354 3103 jam
379 3042 562 3105 attingit
590 3040 735 3089 secul.
766 3056 850 3103 ¹¹13
879 3055 936 3087 ex
963 3057 1015 3088 ιιι
1043 3057 1135 3088 sec.
1169 3057 1287 3105 prae-
1434 3041 1504 3105 (2)
1542 3037 1611 3088 In
1657 3038 1863 3088 Verrem
1881 3077 1895 3102 ,
1936 3050 2027 3088 act.
2065 3055 2100 3087 ιι
2121 3075 2134 3098 ,
2163 3039 2252 3089 lib.
2297 3053 2351 3087 ιιι
2374 3077 2387 3100 ,

260 3130 330 3169 ter
369 3121 660 3188 Cyprianum
705 3140 829 3171 unus
869 3122 1042 3171 alterve
1086 3122 1284 3184 floruit,
1367 3140 1473 3189 cap.
1516 3139 1614 3190 90,
1657 3124 1772 3172 edit.
1815 3122 2011 3171 Taurin.
2062 3119 2226 3182 1826,
2277 3139 2389 3187 opp.

262 3221 404 3269 quem
433 3205 627 3270 allegare
650 3208 911 3271 possimus;
946 3222 1117 3271 paucos
1145 3207 1286 3253 etiam
1367 3216 1478 3254 tom.
1507 3220 1551 3253 v.

262 3285 412 3334 edidit
442 3303 534 3335 sec.
574 3289 783 3336 medium
820 3305 888 3337 lv.
926 3287 1142 3354 Plerique
1178 3304 1284 3335 vcro
1438 3287 1503 3353 (3)
1543 3285 1637 3335 Has
1665 3303 1835 3351 magno
1863 3303 2059 3335 numero
2089 3286 2299 3336 collectas
2324 3298 2417 3341 ab,

263 3385 422 3416 eorum
442 3404 455 3427 ‚
505 3371 587 3434 qui
627 3370 715 3418 sub
757 3387 848 3418 sec.
894 3386 940 3419 lv
984 3370 1127 3418 finem
1148 3404 1164 3429 ,
1206 3379 1285 3417 aut
1368 3373 1535 3438 quein
1555 3387 1639 3418 sua
1666 3371 1846 3436 propria
1870 3381 2138 3434 argumenta
2170 3370 2391 3419 distribu-

264 3469 356 3501 sec.
375 3471 404 3501 v
430 3455 676 3517 scripsere,
706 3456 845 3502 exteri
866 3463 1002 3517 sunt3
1023 3453 1285 3502 christianae
1366 3464 1436 3503 tas
1456 3455 1653 3520 reperies
1680 3452 1804 3517 apud
1836 3449 1991 3501 Gener
2014 3451 2066 3501 S.
2088 3453 2137 3503 J.
2158 3455 2208 3501 in
2232 3453 2282 3502 T
2280 3453 2392 3500 keo-

264 3553 369 3584 vero
407 3537 729 3601 inscriptiones
759 3538 1020 3586 italicarum
1052 3536 1286 3585 Ecclesia·-
1367 3535 1492 3600 loqia
1542 3533 2140 3599 doqmatico-scholastica
2158 3571 2176 3599 ‚
2235 3535 2392 3583 Roma}

263 3636 394 3682 rum,
418 3636 474 3669 ac
494 3618 718 3669 Romanae
749 3637 858 3669 cum
886 3622 1047 3688 primis
1074 3620 1283 3670 traditio·
1372 3615 1528 3685 1768,
1561 3628 1676 3667 tom.
1710 3631 1762 3666 11.
