2502 4134
186 143 306 205 590

237 313 340 375 Pag.
359 312 456 354 545.
486 313 547 354 Ex
565 309 697 354 card.
717 309 899 354 Gerdilii
926 297 1271 355 [introductione
1287 312 1350 356 ad
1367 312 1489 357 stud.
1511 313 1772 371 religionis,
1802 318 1911 362 tom.
1938 321 2000 364 lx
2013 353 2024 372 ,
2048 334 2120 378 op.
2139 334 2181 379 p.
2200 325 2269 366 27.

234 438 290 476 Ut
317 436 602 488 cognoscatur
628 434 870 490 propositio
893 434 1100 490 quaelibet
1119 438 1223 479 vera
1243 432 1316 479 vel
1337 433 1447 479 falsa
1462 469 1474 490 ,
1505 438 1680 483 neccsse
1714 443 1808 494 est,
1832 444 1884 483 ut
1901 442 2109 488 sciamus
2126 477 2140 498 ‚
2175 451 2327 492 utrum

179 504 445 546 attributum
462 534 474 554 ,
501 502 620 558 quod
639 503 885 546 affirmatur
906 504 976 548 vel
992 508 1178 559 negatur
1195 506 1424 549 convenire
1451 507 1647 562 subiecto
1663 540 1676 561 ,
1707 510 1793 564 ipsi
1822 522 1972 555 revera
2001 516 2226 560 conveniat
2248 531 2329 562 nec

179 584 249 615 ne.
278 575 334 614 At
361 571 522 626 duplex
550 575 619 614 est
645 572 758 616 hanc
776 574 1124 616 convenientiam
1154 575 1448 629 investigandi
1479 578 1591 620 ratio
1615 591 1626 620 ε
1650 579 1785 633 prior,
1820 580 1857 622 si
1885 594 1935 624 ex
1954 581 2052 625 idea
2071 583 2256 640 subiecti
2281 591 2328 631 et

185 640 392 682 attributi
422 643 635 682 eruantur
666 645 927 695 argumenta
955 642 1024 685 vel
1054 642 1274 686 evidentia
1301 644 1370 688 vel
1398 657 1499 688 vero
1533 646 1723 700 similia,
1753 649 1918 703 quibus
1946 650 2195 707 huJusmodi
2222 666 2326 699 con-

176 709 399 751 venientia
428 708 755 752 demonstretur
783 711 851 754 vel
880 710 1120 762 indicetur;
1145 712 1385 766 posterior,
1408 714 1443 755 si
1479 719 1731 769 comparato
1751 717 1948 773 subJecto
1968 732 2066 762 cum
2087 721 2327 775 attributo,

177 776 287 818 nihil
315 781 553 832 appareat,
583 790 633 821 ex
652 791 739 834 quo
770 792 923 822 eorum
952 781 1250 824 convenientia
1278 781 1345 824 vel
1381 785 1673 838 repugnantia
1701 785 1848 841 colligi
1877 789 2036 842 possit3
2060 794 2329 848 quapropter

178 844 490 889 recurrendum
520 850 588 889 est
617 846 673 890 ad
702 851 964 902 argumenta
993 849 1265 902 extrinseca,
1297 863 1392 904 quae
1420 850 1474 894 de
1502 854 1806 898 convenientia
1837 855 1907 899 vel
1933 860 2222 912 repugnantia
2247 871 2329 902 nos

174 912 339 956 faciant
354 915 579 957 certiores.
611 918 725 958 Dum
756 916 935 959 modum
966 919 1158 972 priorem
1190 918 1441 973 sequimur,
1467 921 1711 976 judicium,
1729 922 1848 978 quod
1865 923 1919 967 dc
1936 927 2122 969 veritate
2141 931 2219 970 aut
2239 928 2327 971 fal-

174 984 306 1026 sitate
333 983 647 1039 propositionis
672 984 841 1039 fertur,
873 999 923 1030 ex
950 986 1117 1030 directa
1133 987 1407 1041 cognitione,
1437 1002 1571 1044 quam
1601 991 1816 1035 habemus
1833 994 2063 1045 ,veritatis
2092 999 2172 1040 aut
2199 996 2329 1039 falsi-

178 1052 288 1093 tatis
318 1052 441 1093 illius
468 1052 513 1094 in
543 1064 590 1095 se
615 1057 820 1108 spectatae
838 1086 850 1106 ,
882 1056 1104 1107 nascitur,
1131 1055 1178 1097 id
1205 1059 1294 1108 est,
1323 1052 1523 1100 videmus
1552 1062 1631 1101 aut
1659 1061 1951 1116 intelligimus
1979 1063 2130 1119 aliqua
2158 1065 2327 1108 ratione

178 1121 487 1164 connexionem
517 1122 587 1165 vel
616 1124 980 1177 repugnantiam,
1015 1138 1109 1179 quae
1135 1125 1251 1168 inter
1278 1125 1422 1169 ideam
1451 1127 1638 1183 subJecti
1667 1132 1712 1173 et
1741 1131 1947 1174 attributi
1977 1133 2154 1184 existit;
2185 1137 2230 1176 et
2256 1135 2328 1176 in-

175 1202 312 1245 super
330 1190 508 1242 scimus‚
535 1203 622 1233 non
643 1191 917 1235 solummodo
937 1205 1033 1235 earn
1055 1195 1396 1249 propositionem
1417 1209 1564 1239 veram
1584 1210 1701 1250 esse,
1722 1198 1798 1241 sed
1815 1200 1948 1242 etiam
1961 1201 2086 1244 nobis
2103 1205 2327 1258 perspecta

176 1263 246 1302 est
264 1260 394 1312 ratio,
409 1271 497 1315 qua
515 1260 752 1304 intrinsece
772 1261 965 1316 ejusdem
976 1263 1139 1306 veritas
1159 1263 1494 1308 determinatur.
1514 1269 1628 1309 Dum
1645 1269 1878 1322 posteriori
1895 1269 2023 1312 modo
2043 1271 2329 1326 inquirimus,

173 1328 220 1371 id
240 1330 367 1372 unice
397 1330 506 1373 scire
538 1342 800 1385 possumus,
832 1331 981 1387 qualia
1011 1335 1116 1374 sunt
1143 1336 1334 1377 extrema
1356 1346 1546 1378 connexa
1566 1336 1635 1379 vel
1655 1337 1739 1379 sibi
1762 1339 2072 1394 repugnantia,
2097 1340 2203 1395 quin
2223 1353 2328 1383 con-

173 1398 369 1440 nexionis
394 1398 458 1441 vel
479 1400 778 1454 repugnantioe
811 1412 963 1442 eorum
994 1401 1287 1456 cognitionem
1316 1399 1528 1446 directam
1557 1406 1766 1461 consequi
1795 1406 2041 1461 possimus,
2069 1407 2184 1451 unde
2209 1407 2257 1451 fit
2277 1412 2328 1452 ut

173 1478 325 1509 secure
353 1466 584 1510 credamus
600 1467 943 1523 propositionem
972 1481 1067 1512 esse
1082 1483 1231 1515 veram
1248 1502 1260 1523 ‚
1291 1473 1378 1515 etsi
1401 1468 1632 1516 veritatem
1661 1474 1755 1529 eJus
1776 1475 1901 1517 nulla
1922 1476 2091 1519 ratione
2110 1477 2327 1533 percipia-

178 1549 306 1589 mus;
338 1537 558 1593 siquidem
587 1539 755 1582 veritas
782 1538 999 1595 obJ'ectiva
1028 1539 1075 1582 in
1101 1541 1367 1583 connexione
1397 1554 1545 1584 rerum
1576 1544 1668 1583 tota
1693 1543 1920 1585 consistat.

226 1663 329 1716 Pag.
360 1663 461 1704 446.
490 1664 552 1705 Ex
581 1661 647 1705 Cl.
678 1661 869 1716 Galuppi
896 1659 1118 1728 Epi-stolis
1144 1660 1494 1718 philosophicis,
1521 1675 1567 1718 p.
1595 1655 1695 1706 296.

228 1787 348 1827 Kant
370 1783 548 1841 aliquid
577 1785 896 1828 inconcussum
919 1794 1008 1824 non
1035 1780 1235 1824 admittit
1265 1778 1495 1836 explicite;
1529 1782 1755 1827 contendit
1783 1785 1935 1838 enim,
1964 1797 2090 1828 suam
2117 1787 2327 1832 criticam

174 1866 267 1897 esse
291 1854 521 1896 scientiam
538 1852 741 1895 absolute
764 1863 794 1895 a
814 1851 982 1907 priori.
999 1854 1056 1893 At
1072 1848 1178 1893 talis
1197 1864 1283 1894 non
1299 1851 1427 1904 foret,
1448 1852 1484 1894 si
1505 1852 1779 1907 experientiae
1797 1853 1926 1898 factis
1945 1866 2040 1910 quae
2059 1857 2326 1900 conscientia

173 1922 426 1978 suppeditat
445 1921 751 1977 participaret;
774 1932 913 1976 quum
943 1923 1092 1972 autem
1117 1920 1352 1964 intrinsece
1372 1921 1647 1976 impossibile
1667 1923 1725 1964 sit
1744 1922 2043 1978 philosophice
2071 1923 2322 1980 disputare,

171 1992 257 2035 nisi
286 1991 550 2035 admittatur
583 1990 757 2046 sactum
791 1989 1090 2041 conscientia),
1126 1989 1341 2045 implicite
1374 1989 1571 2034 admittit
1605 1989 1787 2049 aliquid
1815 1992 2167 2047 inconcussum,·
2199 1995 2323 2039 nullo

172 2062 289 2105 enim
319 2060 447 2104 modo
474 2060 763 2117 philosophus
792 2059 878 2103 iste
906 2058 1274 2103 contradictiones
1301 2059 1527 2104 abhorret.

230 2189 337 2243 Pag.
363 2188 460 2228 447.
490 2188 551 2228 Ex
578 2184 707 2227 Card.
739 2182 933 2257 Gcrdilii·
954 2195 1085 2240 opere
1102 2216 1113 2236 ,
1145 2182 1262 2240 quod
1291 2184 1553 2229 inscribitur
1578 2199 1590 2229 z
1621 2176 1690 2230 De
1721 2185 1901 2244 oriqine
1923 2198 2077 2231 sensus
2101 2187 2318 2241 moralis,

173 2265 280 2304 tom.
311 2261 381 2309 11,
411 2269 483 2312 op.
512 2268 556 2312 p.
585 2255 686 2298 278.

228 2381 410 2436 Quando
445 2380 698 2424 intellectus
736 2379 821 2422 sibi
855 2379 1054 2423 conscius
1082 2381 1149 2422 est
1177 2378 1434 2432 evidentiae,
1470 2379 1661 2435 quacum
1703 2380 1936 2424 veritatem
1982 2380 2178 2436 aliquam
2221 2393 2325 2436 cog-

171 2454 340 2506 noscit,
385 2452 480 2507 ipse
519 2462 606 2493 non
632 2452 779 2506 potest
805 2461 892 2492 non
928 2449 1012 2491 sibi
1047 2448 1333 2504 persuadere,
1363 2448 1470 2492 dum
1506 2449 1562 2491 ad
1590 2449 1783 2505 seipsum
1813 2450 2020 2502 reflectit,
2052 2463 2144 2493 rem
2173 2463 2323 2495 revera

171 2536 266 2568 esse
286 2555 299 2575 ‚
336 2521 512 2578 qualem
543 2519 691 2571 videt;
728 2517 1086 2574 quandoquidem
1122 2518 1327 2561 intuitive
1356 2519 1558 2572 cognosci
1576 2530 1664 2562 non
1698 2519 1838 2574 possit
1868 2518 1935 2572 id,
1971 2518 2088 2574 quod
2122 2531 2210 2562 non
2239 2523 2321 2568 est.

170 2590 291 2636 Unde
324 2590 468 2647 quoad
503 2589 615 2632 illud
651 2588 915 2644 particulare
950 2585 1168 2644 objectum
1192 2587 1318 2643 plene
1339 2588 1526 2631 satiatur
1546 2587 1682 2641 illud,
1716 2601 1803 2644 quo
1823 2589 2075 2631 intellectus
2093 2591 2322 2640 movetur,

172 2660 456 2716 cognoscendi
476 2658 739 2702 desiderium
754 2689 766 2710 ,
789 2656 907 2713 quod
926 2657 1069 2700 oritur
1083 2669 1132 2717 ex
1148 2657 1432 2700 inclinatione
1451 2657 1704 2713 impellente
1729 2656 1785 2714 ad
1803 2656 2115 2712 inquirendum
2138 2670 2289 2701 verum
2307 2689 2320 2708 ‚

169 2731 305 2775 donec
332 2729 610 2780 inveniatur,
643 2726 689 2769 id
716 2729 810 2777 est,
828 2726 964 2770 donec
1001 2718 1170 2781 ali‘quid
1200 2727 1548 2782 cognoscendum
1575 2726 1821 2781 supersit...
1857 2727 2058 2782 Cognitio
2087 2730 2155 2769 est
2185 2726 2322 2781 igitur

174 2801 325 2856 regula
351 2798 568 2842 naturalis
578 2796 755 2854 judicii,
783 2795 831 2839 id
859 2798 953 2848 est,
984 2796 1175 2851 cognitio
1204 2795 1410 2852 idipsum
1436 2799 1504 2840 est
1523 2828 1535 2849 ,
1566 2795 1684 2852 quod
1711 2796 1979 2840 naturaliter
2002 2794 2219 2852 J‘udicium
2241 2795 2320 2839 de·-

172 2870 399 2913 terminat.

226 2997 330 3048 Pag.
351 2994 449 3035 504.
469 2994 529 3033 Ex
559 2990 624 3034 cl.
654 2993 706 3032 D.
735 2981 930 3034 Severini
958 2989 1166 3033 Fabriani
1194 3001 1323 3045 opere
1340 3023 1351 3042 ‚
1388 2989 1508 3045 quod
1534 2989 1795 3033 inscribitur
1822 3004 1833 3033 :
1865 2988 2036 3046 Reliyio
2063 2987 2316 3032 christiana

172 3064 482 3107 demonstrata
509 3071 565 3104 ea:
592 3063 767 3103 natura
794 3070 987 3104 suorum
1014 3060 1361 3116 mysteriorum,
1394 3058 1636 3102 Introduct.
1668 3071 1768 3114 pag.
1796 3061 1837 3102 6.

227 3190 276 3230 In
308 3186 447 3242 prima
467 3187 592 3241 parte
620 3183 820 3240 (operis,
849 3183 1159 3236 demonstrat)
1187 3183 1335 3226 omnia
1351 3185 1590 3240 systemata
1607 3183 1829 3238 religionis
1856 3182 1926 3227 vel
1952 3177 2275 3224 incredulitatis
2297 3210 2309 3230 ‚

173 3255 228 3299 ab
261 3255 515 3298 hominibus
548 3253 818 3308 excogitata,
855 3253 1077 3296 continere
1099 3253 1307 3309 mysteria
1330 3283 1343 3305 ,
1373 3266 1493 3307 quae,
1531 3266 1668 3307 quum
1703 3252 1895 3295 absurda
1916 3250 2006 3293 sint
2026 3280 2037 3299 ‚
2077 3248 2312 3290 humanam

172 3327 389 3369 rationem
417 3324 671 3374 offendunt3
708 3323 753 3365 in
784 3322 974 3366 secunda
996 3325 1149 3376 parte,
1181 3323 1328 3365 omnia
1357 3325 1599 3378 systemata
1615 3321 1840 3376 religionis
1869 3318 1937 3362 vel
1965 3316 2309 3367 incredulitatis,

172 3396 228 3439 ab
261 3393 513 3437 hominibus
548 3393 818 3446 excogitata,
851 3392 1074 3434 continere
1106 3392 1341 3448 mysteria,
1373 3405 1562 3447 quorum
1594 3388 1911 3446 consequentiae
1942 3399 2086 3429 mores
2114 3398 2311 3429 corrum-

174 3468 314 3520 punt3
343 3463 388 3505 in
413 3462 544 3504 tertia
573 3466 699 3516 parte
716 3494 726 3514 ‚
758 3461 897 3504 solam
925 3461 1182 3516 religionem
1212 3461 1496 3505 christianam
1527 3462 1748 3503 continere
1775 3457 2005 3513 mysteria,
2028 3469 2123 3512 quae
2149 3453 2311 3497 nedum

175 3538 338 3579 rectam
378 3532 597 3575 rationem
629 3531 885 3582 offendant,
921 3543 1019 3574 eam
1048 3534 1200 3573 contra
1229 3525 1467 3574 sublimius
1495 3529 1683 3573 efferunt
1704 3526 1725 3580 v(
1739 3524 1996 3569 sublimaria
2014 3525 2046 3578 ),·
2077 3524 2122 3566 in
2149 3526 2309 3578 quarta

174 3607 328 3660 parte,
357 3602 497 3645 solam
527 3599 783 3654 religionem
810 3600 1098 3643 christianam
1132 3600 1354 3644 continere
1387 3598 1592 3656 mysteria
1610 3628 1622 3649 ‚
1653 3607 1746 3651 quae
1764 3626 1775 3646 ‚
1812 3593 1970 3638 nedum
2001 3595 2309 3647 corrumpant,

175 3671 478 3728 perfectiorem
507 3668 701 3711 efficiunt
729 3681 897 3712 morum
927 3669 1185 3712 doctrinam.
