2502 4134
382 145 545 186 PAn'r.
580 145 668 181 111.
712 140 859 181 suffr.
905 145 945 178 1.
995 141 1118 179 CAP.
1157 142 1218 179 11.
1256 140 1323 176 ΒΕ
1352 139 1478 176 RAT.
1524 138 1663 177 CUM.
1712 139 1818 176 1³11).

2041 113 2159 174 499

52 288 233 352 veluti
256 283 393 347 fidei
417 295 696 344 tesseram
721 283 1138 343 constituerint
1158 281 1271 360 (l).
1308 283 1510 362 Neque
1534 302 1641 362 pro
1668 279 1929 339 ,veritatis
1959 292 2157 336 amore¹

53 383 320 443 omittere
364 378 636 440 volumus
657 425 672 451 a
712 378 932 458 aliquot
970 377 1146 437 etiam
1188 397 1259 435 ex
1293 374 1577 454 theologis
1612 371 1969 433 nostratibus
2006 370 2166 432 arbi-

53 488 234 538 tratos
258 496 386 535 resse
408 519 424 549 .,
463 474 750 555 principia
771 474 961 554 prima
995 471 1290 532 evidentia
1314 491 1379 528 ac
1407 469 1758 531 universalia
1778 468 2020 529 rationis
2044 467 2165 529 vim

54 570 455 633 omnimodam
470 567 757 652 probandi
771 566 1063 627 habere-in
1077 565 1252 625 rebus
1269 564 1632 623 naturalibus
1652 610 1668 639 .,
1693 565 1757 623 in
1771 563 1946 623 rebus
1966 574 2165 623 tamen

54 667 192 727 fidei
217 689 338 725 non
368 670 510 725 item
530 709 547 739 ,
579 675 783 745 utpote
814 683 942 744 quae
970 682 1104 725 cum
1141 659 1382 719 rationis
1415 661 1560 718 fines
1588 658 1982 740 undequaque
1999 679 2170 718 exce-

55 762 201 822 dant
225 807 240 835 a
282 762 347 819 iis
399 782 519 819 non
557 770 696 818 sunt
739 756 1036 841 principiis
1073 753 1454 815 rationalibus
1491 754 1853 814 dimetienda
1891 754 2004 834 (2).
2050 756 2168 813 Nos

55 857 229 939 igitur
279 856 598 936 legitimam
643 854 798 913 inter
840 851 1016 912 fidem
1056 862 1118 911 et
1152 851 1441 910 rationem
1484 849 1862 912 concordiam
1899 859 2130 910 tuentes
2152 894 2167 924 a

60 949 553 1033 propositionibus
587 946 1033 1030 insequentibus
1058 945 1120 1006 id
1155 958 1434 1029 praestare
1459 945 1847 1027 conabimur.

990 1095 1006 1118 V

880 1158 1289 1218 PROPOSITIO
1329 1166 1370 1216 Ι.

67 1299 245 1358 Fides
269 1318 451 1376 neque
483 1299 786 1375 emtinquz’c
803 1296 1087 1354 viaturale
1110 1305 1281 1355 reetoe
1315 1280 1575 1353 rationis
1596 1295 1804 1352 lumen
1816 1336 1839 1364 ,
1877 1315 2064 1374 neque
2084 1295 2185 1352 illa·

583 1391 588 1394 ’
696 1394 970 1469 unquam
999 1400 1190 1468 potest
1214 1390 1548 1448 adversari.

148 1620 288 1682 235.
333 1621 560 1679 Statuta
613 1617 794 1677 thesis
829 1617 939 1677 hoc
983 1617 1149 1677 facile
1198 1629 1545 1699 argumento
1589 1619 1913 1679 conficitur.
1955 1621 2012 1679 Si
2045 1622 2190 1680 fides

69 1717 336 1777 nativum
387 1714 628 1774 rationis
674 1713 878 1772 lumen
924 1714 1324 1793 extingueret„
1370 1715 1538 1795 eique
1588 1713 2032 1790 adversaretur,
2079 1716 2189 1775 hoc

69 1814 235 1872 fieret
257 1857 271 1885 .,
314 1811 407 1872 vel
448 1810 582 1891 quia
617 1811 743 1891 ipsa
784 1829 1004 1868 caecum
1046 1810 1289 1867 omniuo
1330 1831 1361 1867 a
1393 1810 1620 1869 ratione
1658 1812 1912 1889 exigeret
1949 1811 2187 1890 objectis

74 1893 378 1967 credendis
403 1926 704 1964 assensum
725 1949 742 1979 a
775 1903 868 1964 vel
900 1905 1037 1986 quia
1066 1904 1279 1963 rationi
1317 1904 1640 1987 quidquam
1669 1906 2032 1966 credendum
2058 1929 2188 1989 pro-

74 2012 354 2083 poneret3
386 1999 543 2081 quod
570 2020 702 2058 cum
725 2004 846 2076 ejus
869 1999 1170 2082 principiis
1187 1998 1431 2060 adversa
1461 2001 1652 2061 fronte
1674 2013 1982 2083 pugnaret.
2017 2004 2189 2085 Atqui

75 2108 352 2157 neutrum
398 2095 680 2154 consistit.

159 2191 301 2251 236.
351 2190 615 2250 Primum
642 2211 815 2272 porro
836 2191 1084 2265 evincit,
1121 2191 1406 2273 quidquid
1435 2191 1715 2251 hactenus
1738 2191 2191 2275 disceptavimus

150 2411 219 2474 (l)
254 2409 353 2458 Hoc
380 2410 635 2457 etiamnum
652 2408 710 2456 ab
729 2408 962 2474 aliquibus
977 2406 1093 2457 Ger-

81 2495 244 2542 maniae
268 2491 654 2551 protestantibus,
678 2493 759 2556 qui
781 2492 1002 2539 dicuntur
1016 2507 1094 2539 or—

82 2575 310 2636 modos-Q·
324 2572 498 2640 quippe
518 2572 797 2638 symbolicos
819 2573 961 2622 libros
990 2592 1094 2622 suos

83 2668 242 2706 contra
290 2655 633 2704 ratiocinalistas
683 2666 868 2704 tuentur
889 2694 901 2715 ‚
954 2656 1096 2705 veluti

11 2738 14 2744 ’
82 2742 188 2789 fidei
218 2740 437 2804 professio
462 2748 659 2787 tenetur.

154 2821 222 2885 (2)
256 2820 426 2868 Mirum
459 2837 593 2885 porro
624 2829 719 2880 est,
746 2819 922 2868 Anton.
945 2819 1097 2868 Geno-

88 2906 179 2951 vesi
197 2903 319 2950 hanc
333 2902 825 2966 anti-philosophicam
840 2902 1097 2951 doctrinam

90 2994 309 3033 sectatum
333 3000 445 3033 esse.
465 2984 565 3049 lpse
590 2987 716 3032 enim
742 2984 771 3032 3
791 2995 913 3050 part.
934 2983 1097 3032 Elem.

92 3066 296 3130 metaph.
323 3084 427 3132 cap.
466 3064 526 3126 5,
569 3065 596 3132 S
633 3063 721 3126 18,
761 3069 947 3127 asserit,
986 3083 1097 3114 cum

94 3149 338 3197 universali
372 3150 562 3215 quidem
605 3150 884 3215 infinitaque
926 3152 1102 3198 ratione

95 3233 266 3279 dictata
315 3236 468 3282 omnia
513 3234 771 3296 cohaerere3
816 3243 862 3281 at
897 3250 1103 3296 pronun-

26 3300 29 3302 ¹
97 3315 212 3361 ciata
249 3313 464 3362 humanae
506 3318 697 3364 rationis
740 3316 797 3364 ad
839 3316 1102 3363 divinorum

32 3460 33 3466 ἵ
99 3395 416 3460 Mysteriorum
447 3399 685 3446 materiam
717 3415 813 3445 non
841 3396 1068 3463 pertinere
1086 3435 1099 3453 ,

37 3503 49 3514 ·
99 3479 359 3542 porrigique
381 3479 699 3528 tantummodo
720 3479 778 3528 ad
801 3489 1011 3527 naturam
1032 3495 1103 3526 re-

99 3578 199 3607 rum
230 3559 470 3608 factarum.
490 3559 545 3607 Id
569 3577 702 3624 porro
727 3563 865 3610 etiam
888 3562 944 3610 de
972 3562 1107 3608 axio-

101 3640 308 3687 matibus
340 3640 481 3702 dicit3
523 3643 646 3691 unde
683 3642 920 3691 concludit
953 3661 966 3691 ε
1005 3642 1108 3691 Να-

1134 2393 1139 2406 l
1176 2416 1338 2456 turam
1367 2410 1532 2474 itaque
1556 2407 1650 2459 Dei
1678 2425 1776 2483 non
1792 2412 2071 2476 attinqtmt5
2089 2432 2197 2480 erqo

1178 2490 1293 2538 inde
1324 2507 1412 2538 nec
1436 2507 1529 2557 pro
1559 2507 1646 2539 nec
1669 2501 1836 2540 contra
1861 2504 2197 2558 arqumemum

1179 2573 1476 2639 dueipotest.
1494 2573 1531 2620 I
1530 2582 1668 2638 taque
1684 2591 1759 2622 eos
1773 2575 1858 2623 hoe
1873 2577 1927 2623 in
1942 2575 2039 2626 loco
2050 2578 2197 2643 probo

1179 2654 1348 2705 scholoe
1390 2654 1620 2719 theoloqos
1634 2690 1652 2717 ‚
1699 2657 1786 2721 qui
1818 2661 2199 2724 perspectissime

1173 2754 1375 2803 prorsus
1408 2737 1692 2804 respondent
1723 2739 1808 2787 hoc
1844 2739 2059 2798 (scilicet
2094 2759 2198 2807 quae

1182 2829 1292 2867 sunt
1316 2819 1476 2868 eadem
1503 2822 1585 2867 uni
1616 2823 1746 2869 tertio
1763 2859 1777 2881 ‚
1809 2834 1915 2869 sunt
1941 2823 2100 2871 eadem
2119 2825 2193 2871 in-

1183 2912 1251 2949 ter
1286 2901 1370 2966 se)
1405 2909 1449 2949 et
1486 2900 1672 2949 similia
1709 2901 1810 2951 alia
1854 2905 2100 2953 amiomata
2141 2906 2198 2953 in

1182 2986 1355 3032 creatis
1392 2983 1530 3031 rebus
1571 2983 1725 3032 locum
1762 2984 1964 3047 habere,
2011 3002 2109 3034 non
2140 2991 2199 3036 in

1185 3065 1386 3115 divinis.
1404 3065 1536 3114 Hanc
1555 3066 1713 3114 falsam
1732 3066 1990 3115 doctrinam
2024 3067 2203 3134 optime

1188 3148 1353 3197 refellit
1378 3148 1492 3197 alter
1514 3150 1721 3213 egregius
1748 3167 1859 3198 sane
1885 3149 2030 3198 Italus
2049 3150 2201 3216 philo-

1189 3231 1360 3296 sophus
1377 3267 1392 3291 ,
1428 3229 1578 3279 Caesar
1602 3231 1659 3279 de
1689 3229 1912 3291 Horatiis,
1936 3229 2029 3297 jam
2047 3232 2202 3280 inRo-

1188 3331 1325 3362 mano
1341 3313 1723 3379 Archigymnasio
1740 3314 1971 3378 professor
1983 3351 1997 3377 ‚
2020 3317 2069 3363 in
2084 3314 2203 3363 libro

1188 3394 1270 3443 De
1306 3393 1576 3444 universali
1598 3393 1810 3444 methodo
1827 3394 2206 3463 philosophandi

1188 3477 1429 3543 officioque
1465 3475 1769 3542 philosophi,
1826 3478 1987 3527 Romae
2040 3476 2166 3545 1778
2187 3516 2200 3538 ‚

1190 3579 1290 3624 cap.
1325 3576 1403 3607 πο.

1876 3723 1970 3782 32.
