2502 4134
341 191 506 230 PART.
555 191 621 228 11.
668 189 820 229 SEGT·
867 189 931 227 11.
974 187 1099 226 GAP.
1147 189 1215 225 11.
1264 189 1332 224 DE
1373 188 1508 225 MED.
1559 188 1691 225 GEN.
1743 187 1904 225 man.

2077 165 2197 244 305

81 349 232 395 tores
272 332 345 393 ab
382 332 629 392 Ecclesia
663 329 928 390 damnati
973 331 1220 390 fuissent
1258 341 1318 389 et
1351 330 1569 408 rejecti.
1605 330 1744 404 Quis
1781 330 1941 390 enim
1975 329 2198 390 inficias

78 429 220 504 ibit,
258 426 568 487 Ecclesiam
608 437 728 485 tres
763 427 826 485 in
866 429 986 485 Deo
1027 414 1364 508 professam
1389 447 1512 485 esse
1547 424 1847 484 distinctas
1886 446 2198 507 personaS,

79 545 261 606 quum
290 520 606 582 Sabelliani
637 521 872 579 unicam
907 542 1219 602 personam
1247 521 1308 578 in
1344 522 1465 578 Deo
1503 521 1885 579 trinominem
1923 522 2204 598 excogita-

78 616 262 677 runt?
299 616 488 675 autin
522 615 695 674 Verbi
724 615 1096 676 divinitatem
1130 613 1472 686 credidisse,
1507 635 1642 672 cum
1667 615 1859 672 Ariani
1889 614 2048 673 idem
2076 616 2206 674 Ver-

77 713 221 772 bum
247 712 515 772 divinum
543 722 803 771 creatum
828 707 1211 770 effutie'runt?
1239 720 1340 767 aut
1370 730 1493 767 non
1524 708 1847 790 professam
1873 731 1992 769 esse
2025 709 2208 792 hypo·

79 809 344 870 staticam
360 806 609 864 duarum
634 806 949 876 inChristo
976 815 1323 863 naturarum
1344 803 1841 880 conjunctionem,
1865 825 1930 863 ac
1957 805 2206 886 proinde

81 924 281 963 veram
343 901 528 962 divini
572 899 749 959 Verbi
797 900 1258 959 incarnationem
1282 943 1299 972 ‚
1358 919 1491 957 cum
1542 899 1872 970 Nestoriani
1923 899 2210 960 moralem

82 998 362 1056 unionem
385 997 745 1067 invenerunt
762 1039 778 1068 .,
819 1006 879 1053 et
913 995 995 1053 ita
1027 993 1342 1074 deinceps?
1367 994 1738 1074 Quapropter
1760 992 1927 1051 nobis
1954 995 2091 1052 satis
2118 1005 2209 1072 est

82 1111 430 1152 enumerare
478 1088 840 1167 singularum
887 1098 1179 1146 sectarum
1220 1087 1618 1168 antiquiorum
1672 1107 1939 1162 erroreS‚
1993 1111 2208 1171 eosque

83 1188 188 1248 aevi
211 1186 394 1245 nostri
417 1183 718 1255 Unitarii3‚
746 1182 1092 1255 Sociniani5‚
1125 1180 1500 1240 rationalistis
1527 1202 1859 1264 opponere,
1886 1193 1951 1240 ut
1973 1196 2205 1264 pateat,

88 1303 360 1363 quaenam
396 1264 634 1357 antiqua
665 1277 841 1335 fuerit
870 1275 1131 1335 Ecclesiae
1167 1275 1462 1335 catholicae
1491 1277 1636 1336 fides
1666 1288 1729 1335 et
1763 1277 2030 1337 doctrina
2064 1280 2213 1338 circa

85 1375 386 1446 articuIOS,
425 1373 486 1430 in
524 1369 734 1452 quibus
768 1370 864 1429 isti
898 1393 932 1429 a
969 1370 1086 1431 fide
1114 1382 1316 1430 nostra
1351 1371 1605 1453 turpiter
1641 1371 1928 1431 dissident
1959 1373 2072 1452 (l).

166 1469 307 1528 463.
359 1465 640 1527 Addimus
670 1466 911 1547 insuper
933 1510 950 1540 ‚
992 1487 1067 1526 ex
1100 1466 1225 1548 ipsa
1262 1468 1519 1543 ratione,
1557 1488 1672 1549 qua
1702 1468 1930 1549 antiqui
1960 1467 2216 1529 haeretici

89 1566 514 1645 impugnarunt
541 1562 850 1623 veritatem
874 1561 1130 1644 aliquam
1154 1561 1500 1629 catholicam
1519 1608 1535 1637 ,
1560 1574 1624 1624 et
1646 1584 1716 1623 ex
1744 1562 2214 1641 difficultatibus,

88 1682 228 1742 quas
271 1657 382 1718 sibi
421 1656 731 1717 solvendas
774 1668 1245 1739 proposuerunt,
1297 1657 1663 1738 deprehendi
1708 1680 1912 1718 veram
1953 1659 2213 1719 Ecclesiae

90 1754 415 1814 doctrinam
438 1799 455 1826 ‚
502 1773 567 1810 ac
603 1751 990 1830 dogmaticam
1032 1753 1465 1833 Scripturarum
1503 1755 2049 1834 interpretationem
2092 1777 2219 1815 sen-

88 1870 335 1930 sumque
363 1846 828 1922 traditionalem‚
856 1849 958 1930 qui
985 1858 1043 1907 et
1072 1848 1212 1906 olim
1246 1848 1467 1930 pariter
1493 1849 1580 1907 uti
1611 1861 1669 1908 et
1697 1870 1857 1908 nunc
1885 1850 1948 1907 in
1971 1849 2217 1911 Ecclesia

88 1945 272 2024 viguit
308 1954 365 2003 et
398 1943 575 2023 viget.
618 1944 696 2001 Ut
734 1944 906 2003 unico
934 1944 1269 2002 insistamus
1301 1943 1608 2025 exemp10‚
1645 1965 1780 2003 cum
1822 1944 2215 2004 Tertullianus

83 2044 204 2119 jam
242 2038 594 2097 montanista
632 2038 870 2097 effectus
907 2039 1279 2120 impugnavit
1322 2037 1752 2120 indulgentias,
1788 2060 1916 2120 quae
1958 2041 2033 2100 ad
2069 2043 2218 2100 Mar-

93 2146 286 2214 tyrum
310 2155 510 2214 preces
529 2132 602 2191 ab
620 2134 913 2216 Episcopis
936 2133 1230 2192 dabantur
1245 2179 1261 2207 ‚
1298 2145 1475 2215 atque
1499 2133 1745 2214 urgebat
1765 2134 2028 2197 valorem
2055 2137 2216 2196 satis-

94 2228 356 2287 factionis
388 2229 559 2287 unius
593 2229 838 2305 Christi,
876 2229 952 2288 ad
983 2228 1376 2288 excludendas
1410 2230 1826 2290 satisfactiones
1852 2233 2174 2312 Martyrum
2194 2279 2211 2308 .,

98 2344 297 2382 nonne
337 2322 563 2382 illustre
593 2323 932 2404 suppeditat
962 2324 1365 2383 testimonium
1396 2323 1470 2383 de
1505 2346 1679 2383 sensu
1715 2346 1781 2384 ac
1821 2325 2085 2385 doctrina
2118 2329 2216 2386 Ec·

99 2418 283 2478 clesiae
322 2419 655 2495 catholicae,
698 2440 825 2502 quae
866 2420 1042 2506 tertio
1079 2418 1342 2480 Ecclesiae
1386 2420 1579 2480 seculo
1617 2421 1766 2482 circa
1802 2421 1908 2480 hos
1945 2422 2215 2483 articulos

100 2511 403 2576 obtinebat
436 2514 565 2594 (2)P

172 2769 245 2836 (l)
280 2770 358 2819 Isti
398 2771 522 2819 enim
562 2769 766 2819 haeretici
803 2787 998 2833 omnes,
1043 2789 1122 2838 pe-

105 2852 237 2901 rinde
261 2864 398 2919 atque
423 2855 694 2900 recentiores
712 2852 963 2902 Lutberani
978 2889 992 2912 ‚
1020 2853 1123 2903 Cal-

106 2936 282 2982 vinistae
300 2971 314 2994 ‚
343 2951 396 2983 ac
424 2938 676 2999 generatim
699 2946 997 3000 protestantes
1022 2954 1124 2986 om·-

107 3032 189 3063 nes
209 3050 222 3075 ‚
257 3016 472 3065 defaecare
507 3015 760 3065 Ecclesiam
786 3018 1122 3066 contenderunt
1185 3052 1189 3055 Δ

1204 2773 1466 2838 depositum
1481 2773 1590 2823 fidei
1604 2774 1662 2823 ab
1681 2776 1875 2825 istorum
1892 2778 2220 2844 dilapidatione

1205 2857 1399 2903 servavit
1423 2857 1685 2918 incolume,
1711 2867 1756 2906 et
1782 2857 2100 2911 haereticorum
2121 2880 2222 2913 om-

1205 2938 1339 2985 nium
1361 2947 1552 2986 conatus
1579 2940 1630 2986 in
1657 2939 1858 2987 nihilum
1888 2942 2080 3008 redegit.

1276 3019 1338 3082 (2)
1377 3019 1476 3068 Cfr.
1511 3035 1613 3085 quae
1639 3023 1899 3085 scripsimus
1918 3025 1968 3070 in
1993 3034 2123 3075 tract.
2142 3025 2224 3077 De

112 3095 169 3143 ab
198 3098 377 3161 impura
405 3101 732 3147 commixtione
766 3109 907 3165 atque
929 3100 986 3149 ab
1006 3100 1124 3148 abu·

114 3175 265 3235 sibus,
292 3181 371 3243 qui
394 3178 642 3228 Ecclesiam
671 3181 958 3239 infecerant,
989 3191 1125 3246 atque

116 3256 176 3303 ad
201 3259 442 3320 pristinum
471 3265 669 3310 nitorem
700 3279 755 3311 ac
788 3264 1126 3328 simplicitatem

117 3355 358 3401 revocare,
400 3361 496 3392 non
535 3346 762 3406 exclusis,
801 3355 853 3394 ut
892 3347 1124 3406 diximu3‚

122 3417 344 3484 Apostolis
371 3425 498 3488 ipsis.
529 3425 738 3476 Audaces
765 3429 978 3477 homines
995 3464 1009 3489 ,
1047 3431 1129 3494 qui

123 3516 238 3564 opus
267 3500 352 3549 Dei
389 3505 632 3557 reformare
669 3527 765 3558 non
805 3511 1129 3577 formidarunt.

122 3579 299 3631 Verum
336 3585 444 3648 ipsis
486 3588 661 3639 fortiter
709 3610 888 3658 semper
931 3593 1133 3642 Ecclesia

1208 3098 1545 3165 indulqentiis.
1569 3101 1691 3151 Sane
1714 3104 1833 3151 nihil
1860 3105 1984 3154 aliud
2009 3106 2223 3159 Calvinus

1209 3183 1268 3232 ad
1301 3184 1640 3248 impugnandas
1669 3185 1979 3252 indulgentias
2007 3191 2221 3253 protulit,

1211 3285 1351 3332 quam
1385 3268 1511 3333 quod
1545 3266 1862 3317 Tertullianus
1893 3270 2107 3321 adversus
2137 3274 2225 3323 Ca-

1210 3348 1403 3397 tholicos
1448 3348 1659 3412 urgebat.
1701 3349 1909 3415 ldipsum
1948 3353 2129 3403 dicatur
2167 3357 2226 3405 de

1212 3433 1495 3496 argumentis
1511 3468 1524 3491 ‚
1548 3447 1650 3497 quae
1671 3431 1759 3479 sibi
1786 3433 1945 3499 objicit
1966 3435 2091 3484 idem
2114 3437 2226 3485 Ter-

1213 3511 1438 3561 tullianus
1457 3550 1471 3574 ,
1501 3513 1765 3579 quibusque
1794 3515 2044 3564 utebantur
2059 3516 2229 3566 Catho-

1213 3594 1291 3643 lici
1325 3595 1384 3643 ad
1424 3595 1708 3644 ostendenda
1744 3597 2036 3646 remissibilia
2072 3601 2228 3648 omnia
2286 3639 2289 3641 -

126 3663 258 3713 firma
289 3667 488 3715 veritatis
525 3669 742 3723 columna
774 3677 966 3736 restitit,
995 3686 1138 3742 atque
1218 3687 1404 3740 peccata
1430 3693 1552 3742 esse3
1581 3693 1643 3726 ex
1669 3679 1742 3727 his
1758 3677 1886 3728 enim
1904 3679 2231 3745 intelligimus»,

291 3746 356 3804 T.
405 3749 500 3805 IX.

1909 3756 1989 3815 20
