2502 4134
299 79 419 138 450

930 100 1131 137 TRACT.
1169 100 1238 136 ΒΕ
1268 100 1421 139 Locls
1462 102 1842 142 THEOLOGICIS·

301 245 571 320 tellecta,
613 264 738 303 esse
757 247 883 322 jam
911 245 1087 302 reale.
1141 244 1289 323 Ergo
1328 244 1640 304 necessitas
1671 248 1915 308 rationis
1938 262 2027 310 est
2052 263 2284 312 tantum
2311 275 2447 314 con—

298 344 601 401 ditionata,
635 349 694 398 et
741 339 1045 407 mediam
1092 337 1158 397 id
1191 348 1316 413 est7
1357 337 1582 420 pendet
1627 361 1658 398 a
1691 343 1909 422 praevio
1951 345 2170 422 judicio
2206 350 2446 408 rationis

296 436 542 496 tenendi
559 456 661 494 seu
687 435 1058 494 admittendi
1079 433 1302 517 aliquid
1324 455 1443 513 pro
1474 456 1608 494 vero
1631 456 1696 495 ac
1725 439 1902 496 reali.
1941 442 2132 502 Posito
2158 443 2268 503 hoc
2287 491 2302 520 ,
2319 449 2447 522 jam

299 533 448 591 ratio
481 553 603 589 non
641 530 820 590 modo
853 530 1099 611 cogitat,
1142 535 1478 593 necessario
1494 532 1978 608 fundamentum
2011 539 2450 621 supperadden-

300 627 444 686 dum
485 625 749 704 objectu,
790 626 889 686 sed
937 626 1047 685 hoc
1083 628 1567 706 fundamentum
1617 629 1814 709 ipsum
1852 650 1968 707 pro
2005 652 2140 692 vero
2173 655 2247 693 ac
2291 638 2448 695 reali

301 735 457 782 tenet
498 723 872 804 (l).1taque
926 723 1266 782 Hermesius
1314 722 1529 802 rejicit,
1583 723 1741 805 quod
1794 725 2151 806 principium
2196 734 2454 791 rationis

299 822 646 899 sufficientis
663 819 1022 879 determinet
1048 821 1123 880 ad
1152 822 1478 880 tenendum
1492 842 1612 900 pro
1629 843 1764 880 vero
1787 842 1860 881 ex
1882 823 2227 884 necessitate
2246 831 2455 887 imme·

300 919 492 978 diota.
538 916 699 977 Nihil
733 918 909 997 igitur
947 916 1176 993 adhuc,
1215 916 1513 977 concludit
1555 919 1930 994 HermesiuS,
1976 919 2126 980 circa
2162 919 2456 1000 objectum

301 1015 666 1098 praecipuum
691 1014 1091 1097 inquisitionis
1114 1060 1129 1090 7
1172 1035 1392 1098 nempe
1419 1013 1839 1075 certitudinem
1868 1014 1943 1075 de
1975 1018 2263 1096 objectiva
2301 1020 2456 1079 veri-

301 1122 460 1185 tate,
504 1110 781 1171 effectum
825 1122 937 1170 est.
994 1110 1226 1194 Quippe
1278 1111 1429 1170 ratio
1475 1109 1562 1169 nil
1611 1123 1809 1192 potest
1857 1111 2127 1188 efficere,
2176 1115 2289 1173 nisi
2330 1118 2457 1195 jam

301 1208 691 1283 admittatur,
737 1209 987 1266 realiter
1034 1228 1197 1282 esse7
1251 1206 1412 1289 quod
1452 1211 1758 1288 coyz'tatur
1803 1208 2072 1271 existere.
2123 1211 2275 1285 Quid
2319 1232 2458 1292 ergo

300 1303 523 1365 restat?
554 1305 678 1364 Hoc
707 1326 896 1363 unum
925 1325 938 1362 :
976 1302 1136 1385 quod
1158 1325 1375 1386 nempe
1405 1304 1466 1362 in
1497 1303 1667 1363 nobis
1710 1303 2127 1366 determinatio
2156 1307 2232 1367 ad
2257 1318 2461 1367 tenen-

300 1403 453 1461 dum
485 1422 603 1481 pro
641 1422 775 1460 vero
809 1423 882 1459 ac
921 1402 1079 1460 reali
1114 1400 1326 1459 existat
1351 1405 1481 1478 jam
1524 1410 1663 1459 ante
1703 1400 2123 1477 reflexionem,
2165 1414 2344 1485 atque
2373 1404 2456 1462 ita

304 1510 370 1557 ut
414 1505 547 1578 p'ost
585 1496 963 1557 reflexionem
1001 1517 1107 1578 per
1137 1517 1541 1577 quoscumque
1571 1507 1733 1554 actus
1759 1496 2005 1573 reflexos
2039 1501 2459 1558 irrevocabilis

303 1597 547 1654 omnino
583 1606 822 1653 maneat
844 1592 958 1673 (2).
1003 1594 1140 1652 Haec
1189 1604 1278 1652 est
1307 1593 1475 1652 unica
1505 1592 1768 1651 conditio
1790 1637 1806 1667 ,
1848 1614 1879 1651 a
1909 1615 2025 1675 qua
2065 1595 2254 1654 exitus
2280 1597 2458 1654 totius

305 1690 530 1773 pendet
573 1690 1011 1772 inquisitionis3
1048 1689 1111 1747 in
1152 1709 1284 1747 eam
1332 1703 1469 1769 ergo
1508 1688 1573 1746 in
1615 1700 1829 1770 quarto
1874 1689 2155 1750 distincto
2201 1691 2450 1752 articulo

302 1799 427 1848 toto
459 1787 656 1846 animo
695 1784 989 1844 incumbit
1017 1784 1385 1860 HermesiuS‚
1417 1783 1753 1844 realitatem
1780 1783 2073 1867 aliquam,
2106 1785 2453 1848 sicubi‘dari

306 1895 503 1967 potest
524 1929 540 1960 a
574 1881 821 1943 tandem
857 1882 1118 1964 arripere
1147 1880 1391 1963 cupiens
1421 1880 1532 1960 (3).

392 1979 528 2040 163.
575 1979 843 2054 Quoties,
881 1981 961 2037 sic
1006 1977 1104 2037 ille
1139 1977 1262 2037 fere
1300 1980 1786 2058 argumentatur,
1837 1977 2036 2038 videre
2074 1978 2225 2038 mihi
2260 1978 2462 2040 videor

305 2076 526 2159 aliquid
564 2078 895 2136 necessario
937 2095 1310 2154 cognoscere,
1355 2074 1478 2134 sive
1511 2076 1861 2134 immediate
1897 2074 1973 2133 sit
2009 2076 2132 2136 sive
2169 2077 2460 2146 mediate,

308 2196 403 2233 me
450 2174 645 2255 ipsum
697 2172 760 2231 in
797 2193 971 2232 sensu
1001 2170 1212 2229 intimo
1246 2192 1619 2250 persuasum
1664 2170 1906 2231 invenio
1950 2170 2024 2231 de
2055 2170 2320 2232 realitate
2354 2171 2463 2231 ob-

298 2269 478 2349 jecti3
521 2267 668 2327 dum
707 2288 738 2327 e
767 2279 972 2328 contra
996 2313 1011 2341 ‚
1060 2266 1110 2325 si
1150 2269 1409 2348 coquitio
1450 2272 1796 2326 necessaria
1830 2289 1954 2327 non
1986 2279 2072 2327 est
2096 2313 2112 2340 ,
2149 2268 2251 2328 sed
2296 2279 2400 2327 aut
2433 2290 2465 2328 a

308 2365 621 2449 phantasia
655 2375 816 2424 aut-a
843 2363 1155 2424 voluntate
1190 2362 1459 2423 dimanat
1478 2407 1494 2438 ‚
1521 2368 1923 2445 coynitz'onem
1946 2364 2149 2446 utique
2178 2365 2419 2424 invenio
2442 2410 2458 2439 .,

307 2473 397 2521 ast
429 2465 889 2542 persuasionem
917 2461 1093 2519 illam
1134 2481 1257 2519 non
1297 2460 1442 2520 item
1474 2460 1588 2545 (4).
1629 2461 1770 2520 Haec
1810 2482 1988 2543 porro
2018 2472 2158 2520 ante
2192 2459 2466 2538 reflemio-

380 2642 449 2707 (l)
490 2640 626 2691 Imr.
665 2639 804 2691 Phil.
846 2658 955 2706 pag.
998 2637 1092 2707 178
1128 2650 1174 2689 et
1213 2658 1346 2708 seqq.

312 2726 507 2791 Semper
544 2725 719 2774 insistit
749 2724 1021 2773 Hermesius
1055 2726 1107 2771 in
1139 2723 1229 2771 hac
1257 2723 1351 2771 dis-

312 2812 540 2858 tinctione
564 2811 684 2857 inter
714 2808 1042 2856 necessarium
1068 2808 1280 2871 coqitare
1306 2817 1351 2856 et

315 2893 644 2941 necessarium
677 2898 854 2940 tenere.
889 2889 971 2938 Ast
992 2890 1071 2938 hic
1100 2900 1254 2954 posset
1274 2908 1353 2938 ur-

314 2979 409 3041 geri
441 2975 661 3024 adversus
690 2975 828 3023 illum
854 2992 865 3022 ε
905 2975 942 3022 si
975 2975 1092 3021 ratio
1116 2982 1244 3020 tenet
1269 2990 1351 3038 pro

314 3075 423 3107 vero
448 3068 494 3107 et
520 3056 644 3106 reali
676 3056 1042 3105 fundamentum
1061 3092 1076 3116 ‚
1106 3056 1233 3122 quod
1255 3058 1352 3120 ipsa

317 3143 588 3189 necessario
616 3143 796 3205 coqitat
817 3178 830 3201 ‚
862 3150 991 3189 estne
1023 3139 1114 3187 hoc
1136 3139 1196 3188 ob
1223 3138 1353 3187 aliud

307 3224 726 3290 fundamentum?
760 3223 817 3270 Et
847 3223 938 3271 hoc
965 3222 1091 3270 aliud
1113 3229 1248 3270 estne
1267 3223 1352 3270 ite-

316 3326 419 3356 rum
453 3317 638 3372 propter
663 3305 792 3355 aliud
823 3304 1077 3353 ulterius?
1108 3303 1262 3370 Atque
1287 3307 1351 3352 ita

316 3393 366 3439 in
398 3391 662 3438 infinitum.
694 3388 829 3455 Quod
866 3392 902 3436 si
939 3387 1172 3449 affirmet,
1212 3388 1353 3435 ratio-

316 3491 425 3524 nem
458 3479 615 3520 tenere
630 3489 713 3537 pro
736 3487 845 3519 vero
867 3487 925 3519 ac
950 3470 1075 3518 reali
1097 3469 1216 3518 illud
1226 3470 1349 3533 fun·

315 3556 597 3604 &amentum
632 3570 713 3617 per
753 3569 831 3612 se,
869 3555 981 3619 quia
1013 3552 1189 3600 scilicet
1216 3566 1346 3599 com·

310 3640 571 3709 prehendit
582 3677 596 3697 ,
606 3641 844 3705 perspicit
859 3641 1034 3686 iutinee
1052 3636 1348 3702 (Einsicltt),

316 3725 435 3774 illud
451 3722 836 3789 fundamentum
867 3737 966 3771 esse
990 3725 1239 3770 intrinsece
1261 3736 1348 3767 ne-

1432 2641 1698 2690 cessarium
1715 2660 1734 2699 ;
1762 2656 1869 2706 ergo
1887 2679 1901 2702 ‚
1935 2641 2105 2708 aliquis
2135 2641 2461 2700 concluderet,

1435 2723 1571 2771 datur
1588 2729 1745 2770 tenere
1760 2739 1854 2788 pro
1871 2740 1980 2771 vero
1999 2761 2012 2784 ‚
2044 2724 2090 2771 id
2117 2734 2187 2772 est
2206 2722 2461 2788 persuasio

1438 2815 1535 2855 tuta
1567 2823 1621 2855 ex
1654 2807 1697 2853 vi
1715 2807 2111 2872 perspicientioe,
2152 2822 2232 2854 seu
2265 2802 2461 2851 eviden-

1436 2889 1519 2936 tiae
1551 2890 1616 2936 rei
1650 2888 1774 2951 (aus
1801 2888 1851 2937 E
1854 2888 2037 2937 insicht
2051 2891 2088 2952 )‚
2112 2886 2237 2954 quod
2270 2885 2461 2934 Herme-

1436 2970 1534 3019 sius
1564 2974 1761 3019 omnino
1789 2982 1948 3037 negat.

1503 3054 1573 3118 (⁰2)
1612 3054 1725 3104 Loc.
1760 3057 1842 3104 cit.
1873 3071 1976 3120 pag.
2016 3049 2127 3100 181.

1507 3137 1571 3203 (3)
1611 3138 1724 3186 Loc.
1751 3140 1832 3186 cit.
1866 3153 1967 3202 pag.
2007 3130 2119 3198 184.

1507 3220 1574 3285 (4)
1612 3219 1807 3285 Semper
1819 3221 2100 3284 germanice
2115 3226 2181 3265 est
2192 3216 2243 3264 F
2241 3217 2465 3265 arwahr-

1435 3304 1595 3353 halten
1615 3322 1693 3353 seu
1714 3314 1869 3351 tenere
1891 3318 1984 3367 pro
2014 3317 2141 3349 vero.
2164 3300 2255 3349 Nos
2277 3311 2460 3361 tamen,

1419 3406 1496 3450 ¹ne
1510 3405 1690 3452 semper
1708 3384 1923 3451 hybridis
1941 3384 2012 3431 his
2028 3382 2224 3432 vocibus
2244 3393 2433 3432 utamur
2445 3418 2461 3444 ,

1434 3471 1718 3537 quandoque
1750 3469 1971 3516 claritatis
2005 3485 2111 3533 ergo
2136 3468 2334 3515 dicimus
2349 3481 2462 3532 per·
2498 3512 2500 3514 .

1433 3553 1709 3601 suasionem
1729 3586 1745 3613 ‚
1787 3570 1889 3618 quae
1923 3551 2049 3601 idem
2081 3550 2176 3600 fere
2206 3544 2461 3615 significare

1435 3637 1631 3687 videtur.
