2502 4134
265 98 421 140 mur.
466 99 531 137 11.
580 99 704 136 cn.
753 98 808 151 v.
857 98 922 134 mi
966 97 1116 135 saon.
1160 98 1340 135 some.
1391 98 1541 135 mor.
1588 100 1645 134 nv
1691 99 1840 135 nnc.
1887 97 2018 139 VER.
2069 76 2190 136 209

87 257 186 306 aut
225 245 412 302 minus
447 261 622 323 grave
650 240 771 300 sive
807 238 1177 299 concionibus
1210 241 1330 299 sive
1367 239 1530 299 libris
1569 240 1681 299 illis
1722 241 2030 315 inseritur,
2073 263 2195 300 non

87 340 216 400 ideo
247 338 443 398 omnia
474 335 674 397 vitiata
703 334 946 394 dicenda
982 346 1153 409 sunt,
1181 334 1283 394 sed
1318 334 1380 393 in
1415 345 1579 393 tanta
1601 379 1616 407 .,
1654 357 1767 417 qua
1798 335 2032 394 illarum
2060 357 2197 395 ver-

89 456 285 495 samur
307 479 322 507 ,
353 432 514 513 copia
537 478 552 506 v
583 443 774 512 potest
803 430 1092 512 quispiam
1114 430 1242 489 illos
1267 428 1503 509 seligere
1526 475 1541 503 .,
1580 451 1725 511 quos
1752 432 1933 510 magis
1958 431 2197 492 idoneos

89 530 385 611 experitur
407 573 422 601 a
456 547 520 585 ac
553 525 663 584 sibi
700 526 879 606 magis
915 525 1331 584 accomodatOS.

169 624 308 683 307„
359 624 500 680 Inst.
560 621 775 680 Saltem
826 632 1102 679 tenentur
1144 618 1361 678 fideles·
1389 618 1464 676 ad
1512 638 1803 676 sacrarum
1852 622 2200 681 Litterarum

87 720 398 780 lectionem
443 738 513 776 ex
564 727 871 798 praecepto.
926 718 1109 789 Nam,
1159 715 1221 773 1ο
1270 717 1443 772 Deut.
1499 714 1609 786 Vl,
1658 712 1728 788 6,
1785 714 1858 774 de
1906 718 2200 777 mandatis

91 815 324 874 Domini
361 813 569 871 dicitur
595 835 608 869 ι
635 813 883 892 Liglahis
908 833 975 868 ea
1009 814 1190 889 quasi
1222 812 1460 888 siynum
1491 812 1560 865 in
1584 829 1779 865 manu
1815 820 1922 868 tua
1932 832 1953 879 ,·
1990 825 2204 871 erunt-

94 932 204 990 que
237 920 291 968 et
319 909 717 966 movebuntur
753 916 891 963 ante
927 911 1117 963 oculos
1154 915 1316 971 tuos,·
1350 903 1683 981 scribesque
1710 923 1778 960 ea
1808 907 1876 961 in
1909 908 2119 966 limine
2151 918 2207 966 ct

94 1006 259 1063 ostiis
291 1003 500 1061 domus
536 1010 675 1058 tuce.
707 1001 775 1057 20
799 999 1062 1057 Christus
1090 1018 1229 1057 vero
1252 1041 1269 1068 ,
1300 999 1471 1055 Joan.
1508 997 1551 1053 V
1570 1040 1588 1070 ,
1626 995 1735 1055 hoc
1762 997 1953 1079 ipsum
1988 1003 2203 1063 iterum

95 1096 432 1170 inculcavit,
461 1085 656 1152 dicens
681 1114 694 1149 :
716 1094 1102 1150 Scrutamini
1118 1092 1493 1169 Scripturas,
1517 1091 1586 1148 Et
1609 1091 1909 1172 Apostolus
1933 1099 2206 1177 praecepit
2234 1091 2236 1093 ⁵

98 1187 557 1260 Colossensibus,
599 1197 666 1244 ut
705 1185 1015 1267 epistolam
1049 1184 1344 1265 legerent,
1383 1206 1559 1266 quam
1589 1186 1897 1268 scripserat
1942 1189 2016 1247 ad
2052 1193 2206 1251 Lao-

48 1312 50 1314 >
98 1286 332 1344 dicenos
352 1326 369 1356 ,
407 1301 470 1339 ac
506 1281 748 1339 vicissim
790 1291 854 1337 ut
886 1279 1195 1339 Laodiceni
1222 1301 1351 1338 eam
1376 1278 1639 1358 legerent
1659 1326 1674 1354 ,
1710 1303 1886 1362 quam
1919 1282 2209 1347 direxerat

97 1378 170 1437 ad
213 1376 573 1450 Colossenses
619 1397 633 1434 z
675 1375 759 1434 Et
803 1395 944 1433 cum
997 1381 1140 1433 lecta
1185 1376 1380 1452 fuerit
1422 1375 1597 1453 apud
1631 1397 1727 1434 vos
1770 1380 2014 1456 epistola
2056 1380 2212 1451 lucc,

88 1458 272 1551 facite
314 1481 385 1528 ut
428 1480 483 1528 et
519 1475 587 1528 in
630 1469 1093 1528 Laodicensium
1140 1470 1408 1528 Ecclesia
1458 1472 1726 1550 leyatur3
1775 1483 1832 1529 et
1870 1494 2034 1543 eam,
2076 1497 2211 1554 quoe

96 1567 551 1626 Laodicensium
587 1575 700 1636 est,
735 1585 831 1622 vos
862 1567 1067 1644 leqatis
1098 1564 1214 1643 (1).
1250 1564 1314 1622 30
1345 1565 1427 1623 Ex
1456 1564 1546 1623 his
1585 1577 1864 1646 praeterea
1900 1568 2173 1628 discimus
2194 1615 2211 1644 ,

98 1660 296 1720 fideles
324 1681 525 1718 omnes
560 1671 851 1741 praecepto
891 1659 1041 1739 adigi
1077 1658 1152 1717 ad
1187 1658 1460 1738 legendas
1496 1660 1801 1742 epistolam,
1846 1685 1988 1744 quas
2027 1666 2229 1747 scrip--

100 1766 303 1816 serunt
336 1755 410 1814 ad
444 1776 539 1814 eos
577 1754 870 1836 Apostoli3
911 1777 1190 1836 quorsum
1221 1776 1359 1814 sane
1388 1755 1659 1837 epistolas
1693 1756 1778 1815 illi
1813 1760 2176 1840 scripsissent
2196 1806 2214 1835 ‚

102 1852 150 1910 si
191 1849 386 1909 fideles
425 1871 546 1908 non
584 1861 926 1908 tenerentur
960 1871 1054 1909 eas
1093 1849 1323 1928 legere?
1358 1849 1528 1923 Quod
1556 1872 1696 1911 vero
1734 1852 1958 1912 dictum
2009 1866 2096 1913 est
2142 1854 2216 1915 de

103 1944 356 2028 epistolis
377 1991 393 2018 .,
439 1944 511 2004 de
535 1939 781 2026 reliquis
816 1945 1246 2025 Scripturarum
1284 1944 1447 2003 libris
1483 1946 1634 2006 Novi
1665 1949 1993 2027 praesertim
2024 1950 2219 2009 Testa-

104 2041 289 2099 menti
322 2038 565 2119 intelligi
601 2061 705 2121 per
742 2039 1065 2120 analogiam
1100 2039 1305 2116 debet,
1338 2061 1467 2098 cum
1491 2045 1661 2118 juxta
1684 2044 1743 2100 S.
1771 2044 2114 2123 Giegorium
2139 2047 2217 2104 M.

109 2154 172 2191 ac
199 2132 446 2213 reliquos
475 2136 668 2192 Patres
693 2135 985 2216 Scriptura
1010 2137 1176 2194 Sacra
1200 2134 1360 2193 aliud
1388 2157 1508 2193 non
1533 2136 1606 2194 sit
1633 2159 1808 2217 quam
1845 2140 1949 2197 Dei
1974 2139 2220 2221 epistola

111 2227 186 2285 ad
213 2226 477 2284 homines
505 2225 657 2284 data.
683 2227 748 2285 4⁰
781 2217 931 2319 Hinc
961 2229 1218 2287 Christus
1244 2230 1565 2308 generatim
1597 2230 1790 2289 dixit:
1839 2234 2140 2311 Quaerite,
2168 2245 2226 2293 et

108 2323 458 2388 invenietts;
481 2320 722 2400 perinde
746 2342 810 2379 ac
851 2312 897 2379 si
934 2322 1217 2381 dixisset:
1271 2323 1586 2401 Quoerite
1571 2345 1632 2381 ln
1668 2325 1979 2406 Scripturis
2018 2329 2225 2387 verita-

113 2427 269 2486 tem,
312 2426 370 2473 et
394 2418 708 2473 invenietis
742 2437 870 2474 eam
905 2417 1010 2495 (2)
1054 2417 1119 2474 50
1157 2415 1377 2488 Quibus
1406 2428 1705 2498 permotus
1741 2419 1801 2476 S.
1837 2421 2004 2478 Joan.
2045 2421 2226 2502 Chry-

114 2521 398 2568 sostomus
433 2532 445 2566 :
477 2509 728 2579 Audite,
758 2511 950 2592 inquit
970 2556 985 2585 ‚
1016 2513 1274 2580 obsecre,
1303 2517 1592 2570 seculares
1623 2534 1851 2583 omnes,
1884 2527 2225 2594 comparate

115 2606 275 2664 vobis
297 2605 531 2672 Biblia,
553 2609 772 2666 animae
793 2607 1156 2685 pharmaca,
1178 2610 1235 2665 si
1256 2609 1416 2665 nihil
1434 2597 1814 2667 aliud'vultis
1828 2654 1846 2678 ,
1873 2612 1962 2668 vel
1979 2611 2224 2672 Novum

127 2700 564 2759 Testamentum
584 2704 908 2780 acquirite,
941 2703 1353 2781 Apostolorum
1379 2704 1565 2772 Acta,
1599 2706 1958 2784 Evanqelia,
1982 2716 2089 2765 etc.
2107 2704 2221 2786 (3);

121 2919 171 2964 in
201 2916 401 2965 Ecclesia
435 2915 655 2965 catholiea
695 2914 922 2981 ejusmodi
956 2934 1088 2981 opera
1114 2954 1126 2975 ,
1282 2916 1348 2980 (2)
1386 2916 1450 2964 Ita
1491 2916 1662 2966 Monod
1684 2956 1697 2977 ‚
1743 2920 1790 2966 in
1825 2922 1904 2968 cit.
1956 2938 2112 2985 opusc.
2161 2918 2230 2971 Le

125 3015 224 3063 quae
246 3001 450 3047 animum
469 3001 518 3046 in
543 2998 694 3046 Deum
725 2999 1132 3059 accendun13haec
1215 3000 1465 3060 ministre,
1500 3010 1590 3049 etc.
1621 3017 1722 3064 pag.
1763 2999 1820 3049 15
1851 3012 1896 3050 et
1923 3020 2053 3068 seqq.

126 3087 276 3127 autem
295 3080 454 3128 frustra
493 3096 669 3145 quaeras
697 3081 746 3127 in
777 3079 1130 3129 protestantium
1193 3076 1197 3081 ¹
1283 3081 1347 3144 (3)
1387 3079 1665 3143 Ἀκοᾶσ-οιτι,
1701 3089 1979 3150 παρωκαλὸ,
2003 3082 2168 3138 πάντες
2191 3088 2229 3134 οἱ

131 3161 302 3222 scriptis
321 3197 335 3218 ‚
359 3177 467 3226 -quae
485 3163 674 3226 glaciem
706 3164 854 3225 potius
876 3163 1132 3210 adducunt.
1216 3160 1440 3224 βιωτικὰ,
1467 3160 1544 3212 καὶ
1573 3167 1755 3213 urach
1785 3163 1978 3228 βιβλία,
2006 3163 2230 3233 φάρμακα

134 3235 288 3286 sedin
310 3239 506 3290 Ecclesia
526 3253 592 3291 est
616 3245 725 3291 vita.
750 3242 854 3291 Non
873 3245 1013 3293 semel
1044 3244 1135 3293 fac·
1217 3249 1296 3299 τῖς
1331 3244 1512 3306 ψυχῆς.
1546 3249 1601 3294 Εἰ
1625 3242 1770 3309 μηδὲν
1797 3243 1937 3314 ἕτερον
1968 3245 2227 3310 βοᾶλεσ-θε,

141 3326 328 3380 tumeat,
349 3331 400 3368 ut
427 3321 726 3372 protestantes
746 3325 831 3373 rite
857 3324 1058 3390 dispositi
1079 3342 1131 3374 ex
1215 3347 1291 3381 την
1337 3332 1439 3386 γοῦν
1485 3325 1643 3382 Komar
1686 3327 1955 3392 κτέανα-91,
1992 3337 2073 3379 τῶ
2117 3332 2233 3379 αἶπο-

135 3395 318 3444 illorum
353 3397 543 3452 lectione
580 3416 977 3486 commoverentur
1006 3423 1059 3456 ac
1090 3423 1138 3455 se
1221 3405 1388 3458 ινα-ὅλων
1435 3407 1518 3462 τοὶς
1565 3407 1749 3476 Πράξεις
1783 3449 1796 3471 ,
1848 3408 1911 3461 ταὶ
1944 3408 2231 3471 Εᾶκγγέλιᾱι.

139 3479 388 3542 reciperent
413 3481 463 3528 in
489 3482 694 3535 Ecclesiae
722 3490 895 3538 sinum.
1222 3489 1374 3539 Hom.
1406 3489 1531 3547 ΙΧ,
1559 3493 1614 3538 in
1642 3493 1780 3557 epist.
1798 3494 1866 3541 ad
1895 3491 2069 3541 Colone.
2100 3510 2150 3540 n.
2190 3508 2231 3539 1.

207 3560 272 3620 (1)
309 3558 480 3609 Coloss.
511 3578 587 3626 iv,
627 3565 704 3618 16.
1221 3580 1332 3619 tom.
1375 3589 1456 3635 xi,
1488 3589 1535 3638 p.
1570 3571 1686 3639 390.

218 3638 282 3698 T,
336 3639 432 3698 IX.
1928 3652 2001 3710 14
