<?xml version="1.0" encoding="UTF-8"?>
<!DOCTYPE html PUBLIC "-//W3C//DTD XHTML 1.0 Transitional//EN"
    "http://www.w3.org/TR/xhtml1/DTD/xhtml1-transitional.dtd">
<html xmlns="http://www.w3.org/1999/xhtml" xml:lang="en" lang="en">
 <head>
  <title>
</title>
<meta http-equiv="Content-Type" content="text/html;charset=utf-8" />
  <meta name='ocr-system' content='tesseract 3.04.00' />
  <meta name='ocr-capabilities' content='ocr_page ocr_carea ocr_par ocr_line ocrx_word'/>
</head>
<body>
  <div class='ocr_page' id='page_1' title='image "a603693809perruoft_0334.png"; bbox 0 0 2502 4134; ppageno 0'>
   <div class='ocr_carea' id='block_1_1' title="bbox 257 129 2399 387">
    <p class='ocr_par' dir='ltr' id='par_1_1' title="bbox 257 129 2399 387">
     <span class='ocr_line' id='line_1_1' title="bbox 258 129 1784 203; baseline 0.007 -13"><span class='ocrx_word' id='word_1_1' title='bbox 258 129 375 191; x_wconf 78' lang='lat'><strong>326</strong></span> <span class='ocrx_word' id='word_1_2' title='bbox 857 155 1051 195; x_wconf 62' lang='lat' dir='ltr'><strong>mser.</strong></span> <span class='ocrx_word' id='word_1_3' title='bbox 1096 160 1164 196; x_wconf 65' lang='grc' dir='ltr'><strong>ως</strong></span> <span class='ocrx_word' id='word_1_4' title='bbox 1210 161 1361 199; x_wconf 65' lang='lat' dir='ltr'><strong>roms</strong></span> <span class='ocrx_word' id='word_1_5' title='bbox 1407 164 1784 203; x_wconf 70' lang='lat' dir='ltr'><strong>meotomcrs.</strong></span> 
     </span>
     <span class='ocr_line' id='line_1_2' title="bbox 257 296 2399 387; baseline 0.007 -31"><span class='ocrx_word' id='word_1_6' title='bbox 257 318 323 357; x_wconf 83' lang='lat' dir='ltr'><strong>ac</strong></span> <span class='ocrx_word' id='word_1_7' title='bbox 359 296 570 371; x_wconf 73' lang='lat' dir='ltr'><strong>fidem,</strong></span> <span class='ocrx_word' id='word_1_8' title='bbox 613 317 716 357; x_wconf 89' lang='lat' dir='ltr'><strong>seu</strong></span> <span class='ocrx_word' id='word_1_9' title='bbox 759 297 969 381; x_wconf 80' lang='lat' dir='ltr'><strong>triplex</strong></span> <span class='ocrx_word' id='word_1_10' title='bbox 1002 301 1242 361; x_wconf 87' lang='lat' dir='ltr'><strong>rationis</strong></span> <span class='ocrx_word' id='word_1_11' title='bbox 1289 303 1350 361; x_wconf 91' lang='lat' dir='ltr'><strong>in</strong></span> <span class='ocrx_word' id='word_1_12' title='bbox 1380 303 1587 364; x_wconf 88' lang='lat' dir='ltr'><strong>ordine</strong></span> <span class='ocrx_word' id='word_1_13' title='bbox 1616 305 1692 365; x_wconf 84' lang='lat' dir='ltr'><strong>ad</strong></span> <span class='ocrx_word' id='word_1_14' title='bbox 1727 307 1907 369; x_wconf 90' lang='lat' dir='ltr'><strong>fidem</strong></span> <span class='ocrx_word' id='word_1_15' title='bbox 1946 331 2194 387; x_wconf 74' lang='lat' dir='ltr'><strong>munUS,</strong></span> <span class='ocrx_word' id='word_1_16' title='bbox 2245 313 2399 372; x_wconf 88' lang='lat' dir='ltr'><strong>viam</strong></span> 
     </span>
    </p>
   </div>
   <div class='ocr_carea' id='block_1_2' title="bbox 254 392 2397 572">
    <p class='ocr_par' dir='ltr' id='par_1_2' title="bbox 254 392 2397 572">
     <span class='ocr_line' id='line_1_3' title="bbox 254 392 2397 482; baseline 0.007 -30"><span class='ocrx_word' id='word_1_17' title='bbox 254 392 422 452; x_wconf 90' lang='lat' dir='ltr'><strong>nobis</strong></span> <span class='ocrx_word' id='word_1_18' title='bbox 461 398 666 474; x_wconf 83' lang='lat' dir='ltr'><strong>suapte</strong></span> <span class='ocrx_word' id='word_1_19' title='bbox 705 406 917 456; x_wconf 81' lang='lat' dir='ltr'><strong>natura</strong></span> <span class='ocrx_word' id='word_1_20' title='bbox 963 398 1173 459; x_wconf 82' lang='lat' dir='ltr'><strong>sternit</strong></span> <span class='ocrx_word' id='word_1_21' title='bbox 1215 398 1286 458; x_wconf 91' lang='lat' dir='ltr'><strong>ad</strong></span> <span class='ocrx_word' id='word_1_22' title='bbox 1331 399 1591 482; x_wconf 83' lang='lat' dir='ltr'>priorem</span> <span class='ocrx_word' id='word_1_23' title='bbox 1628 403 1946 465; x_wconf 80' lang='lat' dir='ltr'>sectionem</span> <span class='ocrx_word' id='word_1_24' title='bbox 1981 404 2137 465; x_wconf 85' lang='lat' dir='ltr'><strong>hanc</strong></span> <span class='ocrx_word' id='word_1_25' title='bbox 2176 408 2287 467; x_wconf 86' lang='lat' dir='ltr'><strong>tria</strong></span> <span class='ocrx_word' id='word_1_26' title='bbox 2335 412 2397 468; x_wconf 88' lang='lat' dir='ltr'><strong>in</strong></span> 
     </span>
     <span class='ocr_line' id='line_1_4' title="bbox 255 487 1298 572; baseline 0.008 -25"><span class='ocrx_word' id='word_1_27' title='bbox 255 488 441 572; x_wconf 85' lang='lat' dir='ltr'><strong>capita</strong></span> <span class='ocrx_word' id='word_1_28' title='bbox 471 487 954 571; x_wconf 78' lang='lat' dir='ltr'>dispertiendam.</span> <span class='ocrx_word' id='word_1_29' title='bbox 1295 497 1298 499; x_wconf 69' lang='grc'><strong>’</strong></span> 
     </span>
    </p>
   </div>
   <div class='ocr_carea' id='block_1_3' title="bbox 1112 676 1493 746">
    <p class='ocr_par' dir='ltr' id='par_1_3' title="bbox 1112 676 1493 746">
     <span class='ocr_line' id='line_1_5' title="bbox 1112 676 1493 746; baseline 0.005 -2"><span class='ocrx_word' id='word_1_30' title='bbox 1112 676 1117 681; x_wconf 66' lang='grc'><strong>’</strong></span> <span class='ocrx_word' id='word_1_31' title='bbox 1162 687 1405 746; x_wconf 86' lang='lat' dir='ltr'>CAPUT</span> <span class='ocrx_word' id='word_1_32' title='bbox 1453 689 1493 746; x_wconf 92' lang='lat'><strong>1.</strong></span> 
     </span>
    </p>
   </div>
   <div class='ocr_carea' id='block_1_4' title="bbox 770 859 1884 905">
    <p class='ocr_par' dir='ltr' id='par_1_4' title="bbox 770 859 1884 905">
     <span class='ocr_line' id='line_1_6' title="bbox 770 859 1884 905; baseline 0.008 -11"><span class='ocrx_word' id='word_1_33' title='bbox 770 859 839 896; x_wconf 78' lang='lat' dir='ltr'><strong>DE</strong></span> <span class='ocrx_word' id='word_1_34' title='bbox 885 860 1129 896; x_wconf 72' lang='lat' dir='ltr'><strong>RATIONE</strong></span> <span class='ocrx_word' id='word_1_35' title='bbox 1177 861 1322 898; x_wconf 82' lang='lat' dir='ltr'><strong>ANTE</strong></span> <span class='ocrx_word' id='word_1_36' title='bbox 1367 863 1540 899; x_wconf 76' lang='lat' dir='ltr'><strong>FIDEM</strong></span> <span class='ocrx_word' id='word_1_37' title='bbox 1587 863 1884 905; x_wconf 75' lang='lat' dir='ltr'>SPECTATA.</span> 
     </span>
    </p>
   </div>
   <div class='ocr_carea' id='block_1_5' title="bbox 248 1030 2404 2560">
    <p class='ocr_par' dir='ltr' id='par_1_5' title="bbox 248 1030 2404 1981">
     <span class='ocr_line' id='line_1_7' title="bbox 332 1030 2398 1122; baseline 0.005 -33"><span class='ocrx_word' id='word_1_38' title='bbox 332 1031 389 1090; x_wconf 91' lang='lat'><strong>7.</strong></span> <span class='ocrx_word' id='word_1_39' title='bbox 436 1031 780 1090; x_wconf 82' lang='lat' dir='ltr'><strong>Humanam</strong></span> <span class='ocrx_word' id='word_1_40' title='bbox 821 1033 1148 1108; x_wconf 87' lang='lat' dir='ltr'><strong>rationem,</strong></span> <span class='ocrx_word' id='word_1_41' title='bbox 1191 1034 1308 1091; x_wconf 89' lang='lat' dir='ltr'><strong>suis</strong></span> <span class='ocrx_word' id='word_1_42' title='bbox 1349 1032 1484 1093; x_wconf 89' lang='lat' dir='ltr'><strong>licet</strong></span> <span class='ocrx_word' id='word_1_43' title='bbox 1530 1030 1817 1095; x_wconf 84' lang='lat' dir='ltr'><strong>limitibus</strong></span> <span class='ocrx_word' id='word_1_44' title='bbox 1859 1037 2398 1122; x_wconf 81' lang='lat' dir='ltr'><strong>circumscriptam.,</strong></span> 
     </span>
     <span class='ocr_line' id='line_1_8' title="bbox 248 1126 2401 1216; baseline 0.005 -31"><span class='ocrx_word' id='word_1_45' title='bbox 248 1150 368 1186; x_wconf 90' lang='lat' dir='ltr'><strong>non</strong></span> <span class='ocrx_word' id='word_1_46' title='bbox 419 1126 594 1186; x_wconf 90' lang='lat' dir='ltr'><strong>modo</strong></span> <span class='ocrx_word' id='word_1_47' title='bbox 647 1139 857 1187; x_wconf 88' lang='lat' dir='ltr'><strong>natura</strong></span> <span class='ocrx_word' id='word_1_48' title='bbox 904 1151 1004 1186; x_wconf 85' lang='lat' dir='ltr'><strong>sua</strong></span> <span class='ocrx_word' id='word_1_49' title='bbox 1056 1129 1116 1186; x_wconf 92' lang='lat' dir='ltr'><strong>in</strong></span> <span class='ocrx_word' id='word_1_50' title='bbox 1158 1150 1366 1189; x_wconf 86' lang='lat' dir='ltr'><strong>verum</strong></span> <span class='ocrx_word' id='word_1_51' title='bbox 1412 1130 1586 1206; x_wconf 74' lang='lat' dir='ltr'><strong>ferri7</strong></span> <span class='ocrx_word' id='word_1_52' title='bbox 1638 1131 1740 1191; x_wconf 88' lang='lat' dir='ltr'><strong>sed</strong></span> <span class='ocrx_word' id='word_1_53' title='bbox 1789 1131 1939 1191; x_wconf 89' lang='lat' dir='ltr'><strong>illud</strong></span> <span class='ocrx_word' id='word_1_54' title='bbox 1978 1137 2204 1216; x_wconf 83' lang='lat' dir='ltr'><strong>assequi</strong></span> <span class='ocrx_word' id='word_1_55' title='bbox 2246 1145 2401 1194; x_wconf 88' lang='lat' dir='ltr'><strong>certo</strong></span> 
     </span>
     <span class='ocr_line' id='line_1_9' title="bbox 248 1224 2398 1312; baseline 0.003 -28"><span class='ocrx_word' id='word_1_56' title='bbox 248 1246 452 1308; x_wconf 63' lang='lat' dir='ltr'><strong>posse,</strong></span> <span class='ocrx_word' id='word_1_57' title='bbox 487 1225 820 1284; x_wconf 85' lang='lat' dir='ltr'><strong>communis</strong></span> <span class='ocrx_word' id='word_1_58' title='bbox 859 1224 1169 1283; x_wconf 83' lang='lat' dir='ltr'><strong>hominum.</strong></span> <span class='ocrx_word' id='word_1_59' title='bbox 1212 1247 1417 1284; x_wconf 90' lang='lat' dir='ltr'><strong>sensus</strong></span> <span class='ocrx_word' id='word_1_60' title='bbox 1456 1248 1692 1310; x_wconf 86' lang='lat' dir='ltr'><strong>semper</strong></span> <span class='ocrx_word' id='word_1_61' title='bbox 1728 1230 2004 1307; x_wconf 68' lang='lat' dir='ltr'><strong>agnovit,</strong></span> <span class='ocrx_word' id='word_1_62' title='bbox 2043 1252 2398 1312; x_wconf 68' lang='lat' dir='ltr'><strong>omnesque,</strong></span> 
     </span>
     <span class='ocr_line' id='line_1_10' title="bbox 251 1320 2404 1408; baseline 0.003 -29"><span class='ocrx_word' id='word_1_63' title='bbox 251 1322 351 1404; x_wconf 91' lang='lat' dir='ltr'><strong>qui</strong></span> <span class='ocrx_word' id='word_1_64' title='bbox 392 1333 550 1381; x_wconf 82' lang='lat' dir='ltr'><strong>recte</strong></span> <span class='ocrx_word' id='word_1_65' title='bbox 591 1320 996 1404; x_wconf 90' lang='lat' dir='ltr'><strong>philosophari</strong></span> <span class='ocrx_word' id='word_1_66' title='bbox 1042 1321 1396 1396; x_wconf 72' lang='lat' dir='ltr'><strong>voluerunt7</strong></span> <span class='ocrx_word' id='word_1_67' title='bbox 1450 1322 1617 1381; x_wconf 87' lang='lat' dir='ltr'><strong>nullo</strong></span> <span class='ocrx_word' id='word_1_68' title='bbox 1664 1346 1786 1383; x_wconf 90' lang='lat' dir='ltr'><strong>non</strong></span> <span class='ocrx_word' id='word_1_69' title='bbox 1843 1337 2111 1406; x_wconf 89' lang='lat' dir='ltr'><strong>tempore</strong></span> <span class='ocrx_word' id='word_1_70' title='bbox 2156 1327 2404 1408; x_wconf 87' lang='lat' dir='ltr'><strong>professi</strong></span> 
     </span>
     <span class='ocr_line' id='line_1_11' title="bbox 248 1419 2402 1503; baseline 0.002 -26"><span class='ocrx_word' id='word_1_71' title='bbox 248 1429 410 1477; x_wconf 87' lang='lat' dir='ltr'><strong>sunt.</strong></span> <span class='ocrx_word' id='word_1_72' title='bbox 445 1419 514 1477; x_wconf 84' lang='lat' dir='ltr'><strong>Et</strong></span> <span class='ocrx_word' id='word_1_73' title='bbox 542 1419 811 1500; x_wconf 85' lang='lat' dir='ltr'><strong>quamvis</strong></span> <span class='ocrx_word' id='word_1_74' title='bbox 847 1419 1011 1476; x_wconf 88' lang='lat' dir='ltr'><strong>omni</strong></span> <span class='ocrx_word' id='word_1_75' title='bbox 1053 1419 1171 1477; x_wconf 88' lang='lat' dir='ltr'><strong>fere</strong></span> <span class='ocrx_word' id='word_1_76' title='bbox 1210 1429 1379 1476; x_wconf 86' lang='lat' dir='ltr'><strong>aetate</strong></span> <span class='ocrx_word' id='word_1_77' title='bbox 1418 1419 1724 1478; x_wconf 79' lang='lat' dir='ltr'><strong>extiterint</strong></span> <span class='ocrx_word' id='word_1_78' title='bbox 1757 1421 1992 1501; x_wconf 84' lang='lat' dir='ltr'><strong>sceptici</strong></span> <span class='ocrx_word' id='word_1_79' title='bbox 2031 1421 2151 1493; x_wconf 66' lang='lat' dir='ltr'><strong>illi„</strong></span> <span class='ocrx_word' id='word_1_80' title='bbox 2195 1423 2295 1503; x_wconf 91' lang='lat' dir='ltr'><strong>qui</strong></span> <span class='ocrx_word' id='word_1_81' title='bbox 2328 1421 2402 1481; x_wconf 93' lang='lat' dir='ltr'><strong>de</strong></span> 
     </span>
     <span class='ocr_line' id='line_1_12' title="bbox 249 1513 2400 1599; baseline 0.001 -26"><span class='ocrx_word' id='word_1_82' title='bbox 249 1514 454 1596; x_wconf 90' lang='lat' dir='ltr'><strong>quavis</strong></span> <span class='ocrx_word' id='word_1_83' title='bbox 492 1536 556 1574; x_wconf 93' lang='lat' dir='ltr'><strong>re</strong></span> <span class='ocrx_word' id='word_1_84' title='bbox 595 1513 938 1573; x_wconf 86' lang='lat' dir='ltr'><strong>dubitarent</strong></span> <span class='ocrx_word' id='word_1_85' title='bbox 965 1561 979 1587; x_wconf 63' lang='lat'>7</span> <span class='ocrx_word' id='word_1_86' title='bbox 1022 1536 1087 1572; x_wconf 87' lang='lat' dir='ltr'><strong>ac</strong></span> <span class='ocrx_word' id='word_1_87' title='bbox 1129 1513 1536 1574; x_wconf 88' lang='lat' dir='ltr'><strong>omnimodam</strong></span> <span class='ocrx_word' id='word_1_88' title='bbox 1567 1518 2003 1596; x_wconf 78' lang='lat' dir='ltr'><strong>acatalepsiam</strong></span> <span class='ocrx_word' id='word_1_89' title='bbox 2038 1538 2158 1599; x_wconf 82' lang='lat' dir='ltr'><strong>prae</strong></span> <span class='ocrx_word' id='word_1_90' title='bbox 2186 1539 2247 1576; x_wconf 90' lang='lat' dir='ltr'><strong>se</strong></span> <span class='ocrx_word' id='word_1_91' title='bbox 2281 1518 2400 1577; x_wconf 90' lang='lat' dir='ltr'><strong>fer-</strong></span> 
     </span>
     <span class='ocr_line' id='line_1_13' title="bbox 250 1610 2401 1695; baseline 0.001 -24"><span class='ocrx_word' id='word_1_92' title='bbox 250 1623 420 1685; x_wconf 70' lang='lat' dir='ltr'><strong>rent7</strong></span> <span class='ocrx_word' id='word_1_93' title='bbox 470 1611 509 1669; x_wconf 89' lang='lat' dir='ltr'><strong>ii</strong></span> <span class='ocrx_word' id='word_1_94' title='bbox 560 1622 759 1670; x_wconf 88' lang='lat' dir='ltr'><strong>tamen</strong></span> <span class='ocrx_word' id='word_1_95' title='bbox 808 1632 917 1669; x_wconf 91' lang='lat' dir='ltr'><strong>nec</strong></span> <span class='ocrx_word' id='word_1_96' title='bbox 965 1610 1162 1692; x_wconf 87' lang='lat' dir='ltr'><strong>plures</strong></span> <span class='ocrx_word' id='word_1_97' title='bbox 1214 1633 1505 1686; x_wconf 70' lang='lat' dir='ltr'><strong>numerO,</strong></span> <span class='ocrx_word' id='word_1_98' title='bbox 1555 1623 1615 1670; x_wconf 90' lang='lat' dir='ltr'><strong>et</strong></span> <span class='ocrx_word' id='word_1_99' title='bbox 1661 1633 1858 1672; x_wconf 90' lang='lat' dir='ltr'><strong>secum</strong></span> <span class='ocrx_word' id='word_1_100' title='bbox 1907 1614 2017 1694; x_wconf 90' lang='lat' dir='ltr'><strong>ipsi</strong></span> <span class='ocrx_word' id='word_1_101' title='bbox 2069 1622 2401 1695; x_wconf 81' lang='lat' dir='ltr'><strong>pugnantes</strong></span> 
     </span>
     <span class='ocr_line' id='line_1_14' title="bbox 251 1706 2401 1797; baseline 0.002 -32"><span class='ocrx_word' id='word_1_102' title='bbox 251 1707 526 1780; x_wconf 75' lang='lat' dir='ltr'><strong>fuerunt3</strong></span> <span class='ocrx_word' id='word_1_103' title='bbox 569 1706 1051 1788; x_wconf 87' lang='lat' dir='ltr'><strong>quandoquidem</strong></span> <span class='ocrx_word' id='word_1_104' title='bbox 1098 1706 1419 1766; x_wconf 84' lang='lat' dir='ltr'><strong>theoretice</strong></span> <span class='ocrx_word' id='word_1_105' title='bbox 1472 1706 1882 1786; x_wconf 60' lang='lat' dir='ltr'><strong>denegabant,</strong></span> <span class='ocrx_word' id='word_1_106' title='bbox 1937 1710 2095 1797; x_wconf 87' lang='lat' dir='ltr'><strong>quod</strong></span> <span class='ocrx_word' id='word_1_107' title='bbox 2147 1710 2401 1792; x_wconf 87' lang='lat' dir='ltr'><strong>practice</strong></span> 
     </span>
     <span class='ocr_line' id='line_1_15' title="bbox 252 1801 2401 1887; baseline 0.001 -25"><span class='ocrx_word' id='word_1_108' title='bbox 252 1801 649 1863; x_wconf 86' lang='lat' dir='ltr'><strong>admittebant</strong></span> <span class='ocrx_word' id='word_1_109' title='bbox 688 1803 968 1874; x_wconf 75' lang='lat' dir='ltr'><strong>omnin03</strong></span> <span class='ocrx_word' id='word_1_110' title='bbox 1008 1823 1073 1860; x_wconf 89' lang='lat' dir='ltr'><strong>ac</strong></span> <span class='ocrx_word' id='word_1_111' title='bbox 1102 1801 1345 1860; x_wconf 89' lang='lat' dir='ltr'><strong>demum</strong></span> <span class='ocrx_word' id='word_1_112' title='bbox 1384 1824 1507 1861; x_wconf 93' lang='lat' dir='ltr'><strong>non</strong></span> <span class='ocrx_word' id='word_1_113' title='bbox 1545 1814 1668 1861; x_wconf 87' lang='lat' dir='ltr'><strong>tam</strong></span> <span class='ocrx_word' id='word_1_114' title='bbox 1701 1803 2028 1863; x_wconf 88' lang='lat' dir='ltr'><strong>rationibus</strong></span> <span class='ocrx_word' id='word_1_115' title='bbox 2069 1828 2249 1886; x_wconf 91' lang='lat' dir='ltr'><strong>quam</strong></span> <span class='ocrx_word' id='word_1_116' title='bbox 2277 1807 2401 1887; x_wconf 85' lang='lat' dir='ltr'><strong>ipsa</strong></span> 
     </span>
     <span class='ocr_line' id='line_1_16' title="bbox 257 1897 1837 1981; baseline 0 -23"><span class='ocrx_word' id='word_1_117' title='bbox 257 1897 559 1969; x_wconf 83' lang='lat' dir='ltr'><strong>rationalis</strong></span> <span class='ocrx_word' id='word_1_118' title='bbox 597 1908 820 1957; x_wconf 82' lang='lat' dir='ltr'><strong>naturae</strong></span> <span class='ocrx_word' id='word_1_119' title='bbox 850 1919 989 1957; x_wconf 90' lang='lat' dir='ltr'><strong>voce</strong></span> <span class='ocrx_word' id='word_1_120' title='bbox 1025 1909 1311 1980; x_wconf 90' lang='lat' dir='ltr'><strong>perpetuo</strong></span> <span class='ocrx_word' id='word_1_121' title='bbox 1347 1910 1487 1957; x_wconf 93' lang='lat' dir='ltr'><strong>sunt</strong></span> <span class='ocrx_word' id='word_1_122' title='bbox 1521 1897 1837 1981; x_wconf 84' lang='lat' dir='ltr'><strong>profligati.</strong></span> 
     </span>
    </p>

    <p class='ocr_par' dir='ltr' id='par_1_6' title="bbox 257 1993 2403 2560">
     <span class='ocr_line' id='line_1_17' title="bbox 340 1993 2401 2057; baseline 0.001 -3"><span class='ocrx_word' id='word_1_123' title='bbox 340 1995 400 2055; x_wconf 87' lang='grc'><strong>8.</strong></span> <span class='ocrx_word' id='word_1_124' title='bbox 449 1996 581 2054; x_wconf 93' lang='lat' dir='ltr'><strong>Non</strong></span> <span class='ocrx_word' id='word_1_125' title='bbox 619 1993 790 2053; x_wconf 89' lang='lat' dir='ltr'><strong>aliter</strong></span> <span class='ocrx_word' id='word_1_126' title='bbox 831 1993 903 2053; x_wconf 92' lang='lat' dir='ltr'><strong>de</strong></span> <span class='ocrx_word' id='word_1_127' title='bbox 950 1994 1210 2053; x_wconf 87' lang='lat' dir='ltr'><strong>humana</strong></span> <span class='ocrx_word' id='word_1_128' title='bbox 1245 1995 1475 2054; x_wconf 87' lang='lat' dir='ltr'><strong>ratione</strong></span> <span class='ocrx_word' id='word_1_129' title='bbox 1522 1997 1704 2055; x_wconf 88' lang='lat' dir='ltr'><strong>sensit</strong></span> <span class='ocrx_word' id='word_1_130' title='bbox 1741 2017 1807 2054; x_wconf 89' lang='lat' dir='ltr'><strong>ac</strong></span> <span class='ocrx_word' id='word_1_131' title='bbox 1849 1995 2051 2055; x_wconf 90' lang='lat' dir='ltr'><strong>docuit</strong></span> <span class='ocrx_word' id='word_1_132' title='bbox 2088 1997 2401 2057; x_wconf 85' lang='lat' dir='ltr'><strong>christiana</strong></span> 
     </span>
     <span class='ocr_line' id='line_1_18' title="bbox 259 2091 2399 2177; baseline 0.001 -25"><span class='ocrx_word' id='word_1_133' title='bbox 259 2091 540 2152; x_wconf 85' lang='lat' dir='ltr'><strong>catholica</strong></span> <span class='ocrx_word' id='word_1_134' title='bbox 578 2091 830 2171; x_wconf 80' lang='lat' dir='ltr'><strong>Religi03</strong></span> <span class='ocrx_word' id='word_1_135' title='bbox 874 2092 1094 2174; x_wconf 90' lang='lat' dir='ltr'><strong>quippe</strong></span> <span class='ocrx_word' id='word_1_136' title='bbox 1126 2114 1257 2173; x_wconf 84' lang='lat' dir='ltr'><strong>quae</strong></span> <span class='ocrx_word' id='word_1_137' title='bbox 1280 2138 1297 2167; x_wconf 71' lang='lat'>‚</span> <span class='ocrx_word' id='word_1_138' title='bbox 1337 2094 1574 2152; x_wconf 89' lang='lat' dir='ltr'><strong>tametsi</strong></span> <span class='ocrx_word' id='word_1_139' title='bbox 1602 2093 1908 2153; x_wconf 90' lang='lat' dir='ltr'><strong>hominem</strong></span> <span class='ocrx_word' id='word_1_140' title='bbox 1941 2105 2075 2175; x_wconf 87' lang='lat' dir='ltr'><strong>post</strong></span> <span class='ocrx_word' id='word_1_141' title='bbox 2106 2106 2399 2177; x_wconf 87' lang='lat' dir='ltr'><strong>protopa-</strong></span> 
     </span>
     <span class='ocr_line' id='line_1_19' title="bbox 258 2187 2403 2270; baseline 0.001 -21"><span class='ocrx_word' id='word_1_142' title='bbox 258 2200 498 2251; x_wconf 88' lang='lat' dir='ltr'><strong>rentum</strong></span> <span class='ocrx_word' id='word_1_143' title='bbox 536 2187 769 2270; x_wconf 88' lang='lat' dir='ltr'><strong>lapsum</strong></span> <span class='ocrx_word' id='word_1_144' title='bbox 812 2191 1148 2248; x_wconf 77' lang='lat' dir='ltr'><strong>seeundum</strong></span> <span class='ocrx_word' id='word_1_145' title='bbox 1183 2210 1397 2267; x_wconf 76' lang='lat' dir='ltr'><strong>corpus</strong></span> <span class='ocrx_word' id='word_1_146' title='bbox 1435 2200 1492 2247; x_wconf 75' lang='lat' dir='ltr'><strong>et</strong></span> <span class='ocrx_word' id='word_1_147' title='bbox 1523 2195 1804 2248; x_wconf 78' lang='lat' dir='ltr'><strong>animam</strong></span> <span class='ocrx_word' id='word_1_148' title='bbox 1841 2195 1910 2249; x_wconf 77' lang='lat' dir='ltr'><strong>in</strong></span> <span class='ocrx_word' id='word_1_149' title='bbox 1946 2191 2208 2250; x_wconf 80' lang='lat' dir='ltr'><strong>deterius</strong></span> <span class='ocrx_word' id='word_1_150' title='bbox 2240 2212 2403 2251; x_wconf 83' lang='lat' dir='ltr'><strong>com·-</strong></span> 
     </span>
     <span class='ocr_line' id='line_1_20' title="bbox 258 2285 2402 2368; baseline 0.001 -24"><span class='ocrx_word' id='word_1_151' title='bbox 258 2296 561 2345; x_wconf 77' lang='lat' dir='ltr'><strong>mutatum</strong></span> <span class='ocrx_word' id='word_1_152' title='bbox 589 2296 831 2364; x_wconf 83' lang='lat' dir='ltr'><strong>agnosat</strong></span> <span class='ocrx_word' id='word_1_153' title='bbox 862 2285 977 2364; x_wconf 64' lang='grc'>(1),</span> <span class='ocrx_word' id='word_1_154' title='bbox 1017 2307 1327 2366; x_wconf 88' lang='lat' dir='ltr'><strong>nunquam</strong></span> <span class='ocrx_word' id='word_1_155' title='bbox 1362 2297 1565 2345; x_wconf 86' lang='lat' dir='ltr'><strong>tamen</strong></span> <span class='ocrx_word' id='word_1_156' title='bbox 1594 2286 1681 2360; x_wconf 67' lang='lat' dir='ltr'><strong>ei,</strong></span> <span class='ocrx_word' id='word_1_157' title='bbox 1720 2285 1952 2368; x_wconf 79' lang='lat' dir='ltr'><strong>quaead</strong></span> <span class='ocrx_word' id='word_1_158' title='bbox 1983 2285 2262 2346; x_wconf 83' lang='lat' dir='ltr'><strong>humanae</strong></span> <span class='ocrx_word' id='word_1_159' title='bbox 2288 2309 2402 2347; x_wconf 85' lang='lat' dir='ltr'><strong>na-</strong></span> 
     </span>
     <span class='ocr_line' id='line_1_21' title="bbox 257 2379 2390 2466; baseline 0.001 -26"><span class='ocrx_word' id='word_1_160' title='bbox 257 2391 403 2441; x_wconf 85' lang='lat' dir='ltr'><strong>turae</strong></span> <span class='ocrx_word' id='word_1_161' title='bbox 426 2380 736 2440; x_wconf 85' lang='lat' dir='ltr'><strong>essentiam</strong></span> <span class='ocrx_word' id='word_1_162' title='bbox 753 2380 1076 2462; x_wconf 68' lang='lat' dir='ltr'><strong>pertinent,</strong></span> <span class='ocrx_word' id='word_1_163' title='bbox 1097 2379 1434 2461; x_wconf 70' lang='lat' dir='ltr'><strong>denegavit,</strong></span> <span class='ocrx_word' id='word_1_164' title='bbox 1453 2403 1707 2464; x_wconf 86' lang='lat' dir='ltr'><strong>eumque</strong></span> <span class='ocrx_word' id='word_1_165' title='bbox 1729 2394 2040 2464; x_wconf 89' lang='lat' dir='ltr'><strong>propterea</strong></span> <span class='ocrx_word' id='word_1_166' title='bbox 2065 2404 2134 2442; x_wconf 93' lang='lat' dir='ltr'><strong>eo</strong></span> <span class='ocrx_word' id='word_1_167' title='bbox 2158 2404 2390 2466; x_wconf 87' lang='lat' dir='ltr'><strong>semper</strong></span> 
     </span>
     <span class='ocr_line' id='line_1_22' title="bbox 257 2475 2396 2560; baseline 0.001 -24"><span class='ocrx_word' id='word_1_168' title='bbox 257 2475 510 2538; x_wconf 88' lang='lat' dir='ltr'><strong>naturali</strong></span> <span class='ocrx_word' id='word_1_169' title='bbox 551 2476 778 2536; x_wconf 90' lang='lat' dir='ltr'><strong>lumine</strong></span> <span class='ocrx_word' id='word_1_170' title='bbox 817 2478 1057 2536; x_wconf 88' lang='lat' dir='ltr'><strong>rationis</strong></span> <span class='ocrx_word' id='word_1_171' title='bbox 1083 2476 1411 2559; x_wconf 70' lang='lat' dir='ltr'><strong>‘praeditum</strong></span> <span class='ocrx_word' id='word_1_172' title='bbox 1450 2478 1727 2554; x_wconf 87' lang='lat' dir='ltr'><strong>asseruit,</strong></span> <span class='ocrx_word' id='word_1_173' title='bbox 1775 2501 1892 2560; x_wconf 90' lang='lat' dir='ltr'><strong>quo</strong></span> <span class='ocrx_word' id='word_1_174' title='bbox 1932 2500 2141 2539; x_wconf 87' lang='lat' dir='ltr'><strong>verum</strong></span> <span class='ocrx_word' id='word_1_175' title='bbox 2179 2501 2212 2538; x_wconf 87' lang='lat' dir='ltr'><strong>a</strong></span> <span class='ocrx_word' id='word_1_176' title='bbox 2252 2478 2396 2539; x_wconf 87' lang='lat' dir='ltr'><strong>falso</strong></span> 
     </span>
    </p>
   </div>
   <div class='ocr_carea' id='block_1_6' title="bbox 255 2695 1291 3749">
    <p class='ocr_par' dir='ltr' id='par_1_7' title="bbox 255 2695 1291 3749">
     <span class='ocr_line' id='line_1_23' title="bbox 333 2695 1288 2763; baseline -0.001 -18"><span class='ocrx_word' id='word_1_177' title='bbox 333 2698 400 2763; x_wconf 93' lang='lat' dir='ltr'><strong>(l)</strong></span> <span class='ocrx_word' id='word_1_178' title='bbox 438 2696 556 2746; x_wconf 89' lang='lat' dir='ltr'><strong>Cum</strong></span> <span class='ocrx_word' id='word_1_179' title='bbox 597 2716 649 2747; x_wconf 87' lang='lat' dir='ltr'><strong>ex</strong></span> <span class='ocrx_word' id='word_1_180' title='bbox 688 2697 812 2746; x_wconf 88' lang='lat' dir='ltr'><strong>hisce</strong></span> <span class='ocrx_word' id='word_1_181' title='bbox 846 2695 1106 2745; x_wconf 86' lang='lat' dir='ltr'><strong>Tridentini</strong></span> <span class='ocrx_word' id='word_1_182' title='bbox 1138 2697 1288 2746; x_wconf 78' lang='lat' dir='ltr'><strong>verbis</strong></span> 
     </span>
     <span class='ocr_line' id='line_1_24' title="bbox 265 2780 1286 2847; baseline -0.002 -17"><span class='ocrx_word' id='word_1_183' title='bbox 265 2800 363 2830; x_wconf 90' lang='lat' dir='ltr'><strong>non</strong></span> <span class='ocrx_word' id='word_1_184' title='bbox 390 2783 525 2847; x_wconf 85' lang='lat' dir='ltr'><strong>pauci</strong></span> <span class='ocrx_word' id='word_1_185' title='bbox 555 2798 608 2829; x_wconf 86' lang='lat' dir='ltr'><strong>ex</strong></span> <span class='ocrx_word' id='word_1_186' title='bbox 636 2780 969 2830; x_wconf 85' lang='lat' dir='ltr'><strong>recentioribus</strong></span> <span class='ocrx_word' id='word_1_187' title='bbox 1000 2782 1286 2829; x_wconf 79' lang='lat' dir='ltr'><strong>occasionem</strong></span> 
     </span>
     <span class='ocr_line' id='line_1_25' title="bbox 265 2861 1289 2930; baseline -0.002 -16"><span class='ocrx_word' id='word_1_188' title='bbox 265 2866 544 2930; x_wconf 81' lang='lat' dir='ltr'><strong>sumpserint</strong></span> <span class='ocrx_word' id='word_1_189' title='bbox 576 2864 807 2912; x_wconf 79' lang='lat' dir='ltr'><strong>naturales</strong></span> <span class='ocrx_word' id='word_1_190' title='bbox 838 2861 1041 2911; x_wconf 85' lang='lat' dir='ltr'><strong>hominis</strong></span> <span class='ocrx_word' id='word_1_191' title='bbox 1074 2863 1187 2927; x_wconf 84' lang='lat' dir='ltr'><strong>lapsi</strong></span> <span class='ocrx_word' id='word_1_192' title='bbox 1218 2866 1289 2912; x_wconf 78' lang='lat' dir='ltr'><strong>vi-</strong></span> 
     </span>
     <span class='ocr_line' id='line_1_26' title="bbox 264 2945 1285 3013; baseline -0.003 -18"><span class='ocrx_word' id='word_1_193' title='bbox 264 2965 336 2997; x_wconf 87' lang='lat' dir='ltr'><strong>res</strong></span> <span class='ocrx_word' id='word_1_194' title='bbox 354 2985 367 3007; x_wconf 95' lang='lat'>‚</span> <span class='ocrx_word' id='word_1_195' title='bbox 392 2947 499 3012; x_wconf 86' lang='lat' dir='ltr'><strong>plus</strong></span> <span class='ocrx_word' id='word_1_196' title='bbox 519 2964 661 3013; x_wconf 87' lang='lat' dir='ltr'><strong>quam</strong></span> <span class='ocrx_word' id='word_1_197' title='bbox 692 2964 808 3012; x_wconf 89' lang='lat' dir='ltr'><strong>opus</strong></span> <span class='ocrx_word' id='word_1_198' title='bbox 837 2948 897 2995; x_wconf 88' lang='lat' dir='ltr'><strong>sit</strong></span> <span class='ocrx_word' id='word_1_199' title='bbox 914 2983 927 3005; x_wconf 93' lang='lat'>‚</span> <span class='ocrx_word' id='word_1_200' title='bbox 959 2945 1285 3010; x_wconf 85' lang='lat' dir='ltr'><strong>deprimendi,</strong></span> 
     </span>
     <span class='ocr_line' id='line_1_27' title="bbox 266 3029 1288 3095; baseline -0.001 -17"><span class='ocrx_word' id='word_1_201' title='bbox 266 3032 361 3078; x_wconf 83' lang='lat' dir='ltr'><strong>sive</strong></span> <span class='ocrx_word' id='word_1_202' title='bbox 385 3034 435 3078; x_wconf 89' lang='lat' dir='ltr'><strong>in</strong></span> <span class='ocrx_word' id='word_1_203' title='bbox 463 3047 571 3079; x_wconf 86' lang='lat' dir='ltr'><strong>vero</strong></span> <span class='ocrx_word' id='word_1_204' title='bbox 600 3029 947 3095; x_wconf 82' lang='lat' dir='ltr'><strong>cognoscendo,</strong></span> <span class='ocrx_word' id='word_1_205' title='bbox 973 3030 1068 3076; x_wconf 88' lang='lat' dir='ltr'><strong>sive</strong></span> <span class='ocrx_word' id='word_1_206' title='bbox 1093 3030 1143 3076; x_wconf 84' lang='lat' dir='ltr'><strong>in</strong></span> <span class='ocrx_word' id='word_1_207' title='bbox 1164 3029 1288 3077; x_wconf 90' lang='lat' dir='ltr'><strong>bono</strong></span> 
     </span>
     <span class='ocr_line' id='line_1_28' title="bbox 267 3111 1289 3176; baseline 0 -19"><span class='ocrx_word' id='word_1_208' title='bbox 267 3111 588 3176; x_wconf 87' lang='lat' dir='ltr'><strong>prosequendo</strong></span> <span class='ocrx_word' id='word_1_209' title='bbox 608 3111 762 3175; x_wconf 38' lang='lat' dir='ltr'><strong>rideo</strong></span> <span class='ocrx_word' id='word_1_210' title='bbox 790 3111 996 3158; x_wconf 85' lang='lat' dir='ltr'><strong>revocari</strong></span> <span class='ocrx_word' id='word_1_211' title='bbox 1015 3111 1066 3157; x_wconf 90' lang='lat' dir='ltr'><strong>in</strong></span> <span class='ocrx_word' id='word_1_212' title='bbox 1088 3120 1289 3158; x_wconf 81' lang='lat' dir='ltr'><strong>mentem</strong></span> 
     </span>
     <span class='ocr_line' id='line_1_29' title="bbox 269 3191 1291 3258; baseline 0 -18"><span class='ocrx_word' id='word_1_213' title='bbox 269 3192 438 3250; x_wconf 86' lang='lat' dir='ltr'><strong>debet,</strong></span> <span class='ocrx_word' id='word_1_214' title='bbox 483 3193 610 3258; x_wconf 91' lang='lat' dir='ltr'><strong>quod</strong></span> <span class='ocrx_word' id='word_1_215' title='bbox 650 3195 916 3257; x_wconf 83' lang='lat' dir='ltr'><strong>scripsimus</strong></span> <span class='ocrx_word' id='word_1_216' title='bbox 952 3195 1001 3239; x_wconf 86' lang='lat' dir='ltr'><strong>in</strong></span> <span class='ocrx_word' id='word_1_217' title='bbox 1037 3202 1171 3240; x_wconf 82' lang='lat' dir='ltr'><strong>tract.</strong></span> <span class='ocrx_word' id='word_1_218' title='bbox 1209 3191 1291 3240; x_wconf 85' lang='lat' dir='ltr'><strong>De</strong></span> 
     </span>
     <span class='ocr_line' id='line_1_30' title="bbox 272 3272 1288 3340; baseline 0 -18"><span class='ocrx_word' id='word_1_219' title='bbox 272 3272 379 3322; x_wconf 87' lang='lat' dir='ltr'><strong>Deo</strong></span> <span class='ocrx_word' id='word_1_220' title='bbox 413 3273 663 3337; x_wconf 73' lang='lat' dir='ltr'><strong>Creator-e,</strong></span> <span class='ocrx_word' id='word_1_221' title='bbox 691 3286 811 3340; x_wconf 84' lang='lat' dir='ltr'><strong>part.</strong></span> <span class='ocrx_word' id='word_1_222' title='bbox 843 3291 924 3335; x_wconf 87' lang='grc' dir='ltr'>ιιι,</span> <span class='ocrx_word' id='word_1_223' title='bbox 952 3292 1054 3340; x_wconf 87' lang='lat' dir='ltr'><strong>cap.</strong></span> <span class='ocrx_word' id='word_1_224' title='bbox 1077 3291 1149 3333; x_wconf 76' lang='grc' dir='ltr'><strong>ιν,</strong></span> <span class='ocrx_word' id='word_1_225' title='bbox 1180 3292 1288 3322; x_wconf 87' lang='lat' dir='ltr'><strong>cum</strong></span> 
     </span>
     <span class='ocr_line' id='line_1_31' title="bbox 274 3354 1290 3422; baseline -0.001 -18"><span class='ocrx_word' id='word_1_226' title='bbox 274 3355 597 3405; x_wconf 81' lang='lat' dir='ltr'><strong>dissereremus</strong></span> <span class='ocrx_word' id='word_1_227' title='bbox 615 3356 696 3404; x_wconf 85' lang='lat' dir='ltr'><strong>De</strong></span> <span class='ocrx_word' id='word_1_228' title='bbox 703 3367 900 3422; x_wconf 76' lang='lat' dir='ltr'><strong>peccato</strong></span> <span class='ocrx_word' id='word_1_229' title='bbox 916 3354 1149 3422; x_wconf 79' lang='lat' dir='ltr'><strong>oriqinali</strong></span> <span class='ocrx_word' id='word_1_230' title='bbox 1161 3358 1290 3421; x_wconf 60' lang='lat' dir='ltr'><strong>effus-</strong></span> 
     </span>
     <span class='ocr_line' id='line_1_32' title="bbox 271 3438 1291 3505; baseline 0.001 -20"><span class='ocrx_word' id='word_1_231' title='bbox 271 3454 362 3503; x_wconf 79' lang='lat' dir='ltr'><strong>que</strong></span> <span class='ocrx_word' id='word_1_232' title='bbox 396 3438 659 3505; x_wconf 77' lang='lat' dir='ltr'><strong>effectibus.</strong></span> <span class='ocrx_word' id='word_1_233' title='bbox 695 3439 767 3487; x_wconf 91' lang='lat' dir='ltr'><strong>Ibi</strong></span> <span class='ocrx_word' id='word_1_234' title='bbox 802 3442 929 3489; x_wconf 88' lang='lat' dir='ltr'><strong>enim</strong></span> <span class='ocrx_word' id='word_1_235' title='bbox 964 3438 1291 3488; x_wconf 83' lang='lat' dir='ltr'><strong>animadverti-</strong></span> 
     </span>
     <span class='ocr_line' id='line_1_33' title="bbox 272 3520 1289 3580; baseline 0.001 -11"><span class='ocrx_word' id='word_1_236' title='bbox 272 3538 377 3569; x_wconf 88' lang='lat' dir='ltr'><strong>mus</strong></span> <span class='ocrx_word' id='word_1_237' title='bbox 396 3559 410 3580; x_wconf 88' lang='lat'>,</span> <span class='ocrx_word' id='word_1_238' title='bbox 440 3520 560 3568; x_wconf 82' lang='lat' dir='ltr'><strong>nihil</strong></span> <span class='ocrx_word' id='word_1_239' title='bbox 590 3520 830 3570; x_wconf 88' lang='lat' dir='ltr'><strong>hominem</strong></span> <span class='ocrx_word' id='word_1_240' title='bbox 863 3523 1056 3570; x_wconf 88' lang='lat' dir='ltr'><strong>omnino</strong></span> <span class='ocrx_word' id='word_1_241' title='bbox 1084 3523 1289 3570; x_wconf 80' lang='lat' dir='ltr'><strong>amisisse</strong></span> 
     </span>
     <span class='ocr_line' id='line_1_34' title="bbox 255 3606 1289 3669; baseline 0.001 -17"><span class='ocrx_word' id='word_1_242' title='bbox 255 3621 354 3668; x_wconf 15' lang='lat' dir='ltr'><strong>*per</strong></span> <span class='ocrx_word' id='word_1_243' title='bbox 386 3614 624 3668; x_wconf 83' lang='lat' dir='ltr'><strong>peccatum</strong></span> <span class='ocrx_word' id='word_1_244' title='bbox 654 3606 841 3667; x_wconf 87' lang='lat' dir='ltr'><strong>originis</strong></span> <span class='ocrx_word' id='word_1_245' title='bbox 867 3622 921 3653; x_wconf 83' lang='lat' dir='ltr'><strong>ex</strong></span> <span class='ocrx_word' id='word_1_246' title='bbox 948 3607 1032 3664; x_wconf 88' lang='lat' dir='ltr'><strong>iis,</strong></span> <span class='ocrx_word' id='word_1_247' title='bbox 1062 3621 1164 3669; x_wconf 80' lang='lat' dir='ltr'><strong>quae</strong></span> <span class='ocrx_word' id='word_1_248' title='bbox 1184 3621 1289 3669; x_wconf 86' lang='lat' dir='ltr'><strong>spe-</strong></span> 
     </span>
     <span class='ocr_line' id='line_1_35' title="bbox 270 3684 1288 3749; baseline 0.001 -16"><span class='ocrx_word' id='word_1_249' title='bbox 270 3695 393 3734; x_wconf 85' lang='lat' dir='ltr'><strong>ctant</strong></span> <span class='ocrx_word' id='word_1_250' title='bbox 413 3684 474 3734; x_wconf 89' lang='lat' dir='ltr'><strong>ad</strong></span> <span class='ocrx_word' id='word_1_251' title='bbox 491 3686 750 3736; x_wconf 84' lang='lat' dir='ltr'><strong>essentialia</strong></span> <span class='ocrx_word' id='word_1_252' title='bbox 776 3697 952 3734; x_wconf 68' lang='lat' dir='ltr'><strong>naturae</strong></span> <span class='ocrx_word' id='word_1_253' title='bbox 967 3687 1210 3749; x_wconf 83' lang='lat' dir='ltr'><strong>humanae3</strong></span> <span class='ocrx_word' id='word_1_254' title='bbox 1235 3703 1288 3735; x_wconf 88' lang='lat' dir='ltr'><strong>ae</strong></span> 
     </span>
    </p>
   </div>
   <div class='ocr_carea' id='block_1_7' title="bbox 1370 2698 2400 3671">
    <p class='ocr_par' dir='ltr' id='par_1_8' title="bbox 1370 2698 2400 3671">
     <span class='ocr_line' id='line_1_36' title="bbox 1374 2698 2400 2764; baseline 0.003 -19"><span class='ocrx_word' id='word_1_255' title='bbox 1374 2703 1616 2762; x_wconf 84' lang='lat' dir='ltr'><strong>propterea</strong></span> <span class='ocrx_word' id='word_1_256' title='bbox 1658 2714 1763 2764; x_wconf 87' lang='lat' dir='ltr'><strong>quae</strong></span> <span class='ocrx_word' id='word_1_257' title='bbox 1802 2698 2021 2747; x_wconf 86' lang='lat' dir='ltr'><strong>dicuntur</strong></span> <span class='ocrx_word' id='word_1_258' title='bbox 2053 2718 2078 2748; x_wconf 86' lang='lat' dir='ltr'><strong>a</strong></span> <span class='ocrx_word' id='word_1_259' title='bbox 2117 2699 2263 2748; x_wconf 88' lang='lat' dir='ltr'><strong>Cone.</strong></span> <span class='ocrx_word' id='word_1_260' title='bbox 2299 2699 2400 2747; x_wconf 89' lang='lat' dir='ltr'><strong>Tri-</strong></span> 
     </span>
     <span class='ocr_line' id='line_1_37' title="bbox 1375 2779 2399 2845; baseline 0 -17"><span class='ocrx_word' id='word_1_261' title='bbox 1375 2779 1569 2830; x_wconf 84' lang='lat' dir='ltr'><strong>dentino</strong></span> <span class='ocrx_word' id='word_1_262' title='bbox 1603 2780 1661 2828; x_wconf 87' lang='lat' dir='ltr'><strong>de</strong></span> <span class='ocrx_word' id='word_1_263' title='bbox 1695 2780 1884 2829; x_wconf 89' lang='lat' dir='ltr'><strong>homine</strong></span> <span class='ocrx_word' id='word_1_264' title='bbox 1922 2781 2032 2830; x_wconf 85' lang='lat' dir='ltr'><strong>laeso</strong></span> <span class='ocrx_word' id='word_1_265' title='bbox 2054 2819 2067 2842; x_wconf 92' lang='lat'>‚</span> <span class='ocrx_word' id='word_1_266' title='bbox 2108 2791 2204 2830; x_wconf 84' lang='lat' dir='ltr'><strong>toto</strong></span> <span class='ocrx_word' id='word_1_267' title='bbox 2233 2798 2399 2845; x_wconf 85' lang='lat' dir='ltr'><strong>nempe</strong></span> 
     </span>
     <span class='ocr_line' id='line_1_38' title="bbox 1375 2861 2396 2928; baseline 0.001 -19"><span class='ocrx_word' id='word_1_268' title='bbox 1375 2861 1525 2910; x_wconf 80' lang='lat' dir='ltr'><strong>Adam</strong></span> <span class='ocrx_word' id='word_1_269' title='bbox 1572 2863 1834 2910; x_wconf 85' lang='lat' dir='ltr'><strong>secundum</strong></span> <span class='ocrx_word' id='word_1_270' title='bbox 1886 2881 2052 2928; x_wconf 87' lang='lat' dir='ltr'><strong>eorpus</strong></span> <span class='ocrx_word' id='word_1_271' title='bbox 2102 2873 2146 2911; x_wconf 87' lang='lat' dir='ltr'><strong>et</strong></span> <span class='ocrx_word' id='word_1_272' title='bbox 2194 2865 2396 2911; x_wconf 83' lang='lat' dir='ltr'><strong>animam</strong></span> 
     </span>
     <span class='ocr_line' id='line_1_39' title="bbox 1374 2947 2399 3010; baseline 0.001 -19"><span class='ocrx_word' id='word_1_273' title='bbox 1374 2954 1558 3010; x_wconf 88' lang='lat' dir='ltr'><strong>propter</strong></span> <span class='ocrx_word' id='word_1_274' title='bbox 1595 2950 1840 3008; x_wconf 85' lang='lat' dir='ltr'><strong>peccatum</strong></span> <span class='ocrx_word' id='word_1_275' title='bbox 1873 2949 1925 2993; x_wconf 90' lang='lat' dir='ltr'><strong>in</strong></span> <span class='ocrx_word' id='word_1_276' title='bbox 1957 2947 2160 2995; x_wconf 90' lang='lat' dir='ltr'><strong>deterius</strong></span> <span class='ocrx_word' id='word_1_277' title='bbox 2187 2962 2399 2993; x_wconf 87' lang='lat' dir='ltr'><strong>commu-</strong></span> 
     </span>
     <span class='ocr_line' id='line_1_40' title="bbox 1375 3026 2396 3090; baseline -0.001 -14"><span class='ocrx_word' id='word_1_278' title='bbox 1375 3038 1496 3086; x_wconf 83' lang='lat' dir='ltr'><strong>tato,</strong></span> <span class='ocrx_word' id='word_1_279' title='bbox 1519 3026 1822 3090; x_wconf 83' lang='lat' dir='ltr'><strong>intelligenda</strong></span> <span class='ocrx_word' id='word_1_280' title='bbox 1858 3045 1955 3077; x_wconf 85' lang='lat' dir='ltr'><strong>esse</strong></span> <span class='ocrx_word' id='word_1_281' title='bbox 1975 3045 2071 3075; x_wconf 88' lang='lat' dir='ltr'><strong>non</strong></span> <span class='ocrx_word' id='word_1_282' title='bbox 2097 3026 2303 3075; x_wconf 70' lang='lat' dir='ltr'><strong>absolute</strong></span> <span class='ocrx_word' id='word_1_283' title='bbox 2318 3027 2396 3075; x_wconf 87' lang='lat' dir='ltr'><strong>sed</strong></span> 
     </span>
     <span class='ocr_line' id='line_1_41' title="bbox 1374 3107 2399 3171; baseline -0.002 -12"><span class='ocrx_word' id='word_1_284' title='bbox 1374 3113 1426 3159; x_wconf 88' lang='lat' dir='ltr'><strong>in</strong></span> <span class='ocrx_word' id='word_1_285' title='bbox 1455 3124 1600 3157; x_wconf 76' lang='lat' dir='ltr'><strong>sensu</strong></span> <span class='ocrx_word' id='word_1_286' title='bbox 1625 3107 1856 3171; x_wconf 75' lang='lat' dir='ltr'><strong>relativo,</strong></span> <span class='ocrx_word' id='word_1_287' title='bbox 1886 3113 1938 3158; x_wconf 87' lang='lat' dir='ltr'><strong>in</strong></span> <span class='ocrx_word' id='word_1_288' title='bbox 1960 3110 2121 3158; x_wconf 85' lang='lat' dir='ltr'><strong>ordine</strong></span> <span class='ocrx_word' id='word_1_289' title='bbox 2147 3109 2318 3158; x_wconf 83' lang='lat' dir='ltr'><strong>scilicet</strong></span> <span class='ocrx_word' id='word_1_290' title='bbox 2340 3109 2399 3158; x_wconf 89' lang='lat' dir='ltr'><strong>ad</strong></span> 
     </span>
     <span class='ocr_line' id='line_1_42' title="bbox 1375 3191 2400 3258; baseline -0.002 -17"><span class='ocrx_word' id='word_1_291' title='bbox 1375 3193 1504 3241; x_wconf 89' lang='lat' dir='ltr'><strong>dona</strong></span> <span class='ocrx_word' id='word_1_292' title='bbox 1532 3193 1756 3258; x_wconf 82' lang='lat' dir='ltr'><strong>gratuita,</strong></span> <span class='ocrx_word' id='word_1_293' title='bbox 1783 3207 1887 3258; x_wconf 81' lang='lat' dir='ltr'><strong>quae</strong></span> <span class='ocrx_word' id='word_1_294' title='bbox 1917 3192 2062 3240; x_wconf 85' lang='lat' dir='ltr'><strong>Adam</strong></span> <span class='ocrx_word' id='word_1_295' title='bbox 2093 3191 2326 3257; x_wconf 88' lang='lat' dir='ltr'><strong>peccando</strong></span> <span class='ocrx_word' id='word_1_296' title='bbox 2355 3202 2400 3241; x_wconf 88' lang='lat' dir='ltr'><strong>et</strong></span> 
     </span>
     <span class='ocr_line' id='line_1_43' title="bbox 1374 3275 2398 3340; baseline -0.001 -16"><span class='ocrx_word' id='word_1_297' title='bbox 1374 3275 1463 3324; x_wconf 89' lang='lat' dir='ltr'><strong>sibi</strong></span> <span class='ocrx_word' id='word_1_298' title='bbox 1491 3284 1536 3323; x_wconf 91' lang='lat' dir='ltr'><strong>et</strong></span> <span class='ocrx_word' id='word_1_299' title='bbox 1556 3276 1745 3340; x_wconf 80' lang='lat' dir='ltr'><strong>posteris</strong></span> <span class='ocrx_word' id='word_1_300' title='bbox 1770 3276 1863 3322; x_wconf 82' lang='lat' dir='ltr'><strong>suis</strong></span> <span class='ocrx_word' id='word_1_301' title='bbox 1890 3276 2069 3338; x_wconf 81' lang='lat' dir='ltr'><strong>amisit3</strong></span> <span class='ocrx_word' id='word_1_302' title='bbox 2093 3286 2294 3324; x_wconf 85' lang='lat' dir='ltr'><strong>ceterum</strong></span> <span class='ocrx_word' id='word_1_303' title='bbox 2316 3293 2398 3323; x_wconf 80' lang='lat' dir='ltr'><strong>na-</strong></span> 
     </span>
     <span class='ocr_line' id='line_1_44' title="bbox 1373 3358 2398 3420; baseline -0.001 -14"><span class='ocrx_word' id='word_1_304' title='bbox 1373 3368 1528 3406; x_wconf 82' lang='lat' dir='ltr'><strong>turam</strong></span> <span class='ocrx_word' id='word_1_305' title='bbox 1551 3358 1603 3405; x_wconf 89' lang='lat' dir='ltr'><strong>in</strong></span> <span class='ocrx_word' id='word_1_306' title='bbox 1632 3372 1679 3404; x_wconf 90' lang='lat' dir='ltr'><strong>se</strong></span> <span class='ocrx_word' id='word_1_307' title='bbox 1701 3366 1952 3420; x_wconf 81' lang='lat' dir='ltr'><strong>spectatam</strong></span> <span class='ocrx_word' id='word_1_308' title='bbox 1968 3395 1979 3415; x_wconf 80' lang='lat'><em>‚</em></span> <span class='ocrx_word' id='word_1_309' title='bbox 2009 3375 2104 3405; x_wconf 90' lang='lat' dir='ltr'><strong>non</strong></span> <span class='ocrx_word' id='word_1_310' title='bbox 2126 3359 2398 3407; x_wconf 84' lang='lat' dir='ltr'><strong>deteriorem</strong></span> 
     </span>
     <span class='ocr_line' id='line_1_45' title="bbox 1373 3439 2399 3502; baseline 0 -14"><span class='ocrx_word' id='word_1_311' title='bbox 1373 3456 1504 3489; x_wconf 89' lang='lat' dir='ltr'><strong>nunc</strong></span> <span class='ocrx_word' id='word_1_312' title='bbox 1542 3456 1667 3498; x_wconf 86' lang='lat' dir='ltr'><strong>esse,</strong></span> <span class='ocrx_word' id='word_1_313' title='bbox 1705 3456 1761 3487; x_wconf 85' lang='lat' dir='ltr'><strong>ac</strong></span> <span class='ocrx_word' id='word_1_314' title='bbox 1798 3439 1959 3489; x_wconf 86' lang='lat' dir='ltr'><strong>fuisset</strong></span> <span class='ocrx_word' id='word_1_315' title='bbox 1983 3477 1996 3502; x_wconf 90' lang='lat'>‚</span> <span class='ocrx_word' id='word_1_316' title='bbox 2040 3443 2077 3488; x_wconf 86' lang='lat' dir='ltr'><strong>si</strong></span> <span class='ocrx_word' id='word_1_317' title='bbox 2119 3440 2243 3490; x_wconf 89' lang='lat' dir='ltr'><strong>Deus</strong></span> <span class='ocrx_word' id='word_1_318' title='bbox 2278 3441 2399 3489; x_wconf 89' lang='lat' dir='ltr'><strong>dona</strong></span> 
     </span>
     <span class='ocr_line' id='line_1_46' title="bbox 1371 3519 2399 3588; baseline 0 -17"><span class='ocrx_word' id='word_1_319' title='bbox 1371 3522 1461 3571; x_wconf 63' lang='lat' dir='ltr'><strong>illa</strong></span> <span class='ocrx_word' id='word_1_320' title='bbox 1482 3519 1683 3588; x_wconf 78' lang='lat' dir='ltr'><strong>gratuita</strong></span> <span class='ocrx_word' id='word_1_321' title='bbox 1710 3520 1988 3571; x_wconf 84' lang='lat' dir='ltr'><strong>liberalitate</strong></span> <span class='ocrx_word' id='word_1_322' title='bbox 2007 3524 2185 3572; x_wconf 90' lang='lat' dir='ltr'><strong>homini</strong></span> <span class='ocrx_word' id='word_1_323' title='bbox 2208 3525 2399 3572; x_wconf 88' lang='lat' dir='ltr'><strong>minime</strong></span> 
     </span>
     <span class='ocr_line' id='line_1_47' title="bbox 1370 3603 1631 3671; baseline -0.004 -17"><span class='ocrx_word' id='word_1_324' title='bbox 1370 3603 1631 3671; x_wconf 81' lang='lat' dir='ltr'><strong>adjecisset.</strong></span> 
     </span>
    </p>
   </div>
  </div>
 </body>
</html>
