2502 4134
2056 140 2173 198 415

273 165 433 201 PAn'r.
483 163 567 200 111.
618 162 764 199 sssc'r.
814 162 851 199 1.
899 161 1019 200 GAP.
1071 164 1108 199 1.
1155 164 1220 199 ΒΕ
1266 163 1392 200 RAT.
1442 163 1567 199 ANT.
1623 162 1730 198 Fu).
1780 158 1960 199 SPEG'r.

156 306 291 364 126.
340 302 746 374 Pantheismus
794 305 1113 365 historicus
1153 316 1239 365 est
1291 305 1604 365 necessaria
1656 302 1953 385 Hegeliani
1991 315 2175 383 syste-

72 400 240 459 matis
292 399 599 459 emanatio.
646 399 872 482 Quippe
912 420 1042 459 cum
1084 399 1266 481 Hegel
1310 402 1496 459 Deum
1539 399 1604 457 in
1648 402 1923 459 continua
1967 398 2176 459 evolu-

71 496 228 555 tione
251 494 338 553 sui
368 495 428 552 in
454 493 674 552 mundo
704 506 764 554 et
787 496 850 553 in
874 494 1240 555 humanitate
1267 505 1490 576 spectet
1507 538 1525 570 ‚
1557 494 1816 576 sequitur
1833 538 1850 566 ,
1879 492 2178 551 historiam

70 590 321 650 hominis
367 588 671 670 complecti
706 590 1055 663 necessarias
1100 588 1595 649 manifestationes
1641 590 1746 647 Dei
1788 589 1986 668 ipsius·
2027 588 2178 648 Hinc

70 684 313 745 historia
343 684 642 743 scientiam
684 705 920 744 omnem
965 685 1225 743 continet
1244 728 1259 757 ,
1303 693 1485 742 totam
1516 684 1696 742 vitam
1715 727 1730 756 7
1756 680 2140 742 moralitatem
2161 728 2178 758 .,

70 779 438 858 religionem,
501 789 686 838 artem
707 779 829 852 ,sin
884 778 1087 837 formis
1132 776 1554 860 multiplicibus
1597 777 1711 836 suis
1756 776 2177 852 consideratam,

71 861 427 956 proindeque
454 896 674 935 errores
689 895 919 956 quoque
934 879 1136 933 omnes
1161 873 1405 933 morales
1427 894 1492 932 ac
1528 872 1810 952 religiosi„
1838 894 1980 954 quos
2004 875 2181 934 refert

72 969 340 1044 historia7
386 991 506 1028 non
551 980 689 1028 sunt
728 969 839 1028 nisi
875 969 1204 1029 necessariae
1240 969 1341 1028 Dei
1385 967 1766 1029 evolutiones,
1813 967 2029 1027 Idcirco
2059 968 2182 1027 his-

72 1064 216 1123 toria
254 1074 587 1144 nuncupata
621 1063 733 1122 fuit
762 1064 1116 1140 inflem'bilis
1147 1066 1467 1144 qeometria
1479 1106 1504 1134 ,
1550 1062 1611 1121 in
1653 1083 1764 1143 qua
1827 1064 2015 1122 omnis
2049 1085 2181 1146 epo-

73 1158 181 1218 cha
202 1159 508 1240 omnisque
522 1157 785 1217 doctrina
810 1157 935 1238 lege
960 1158 1212 1240 quadam
1229 1157 1386 1217 fatali
1403 1156 1845 1216 immutabiliter
1868 1158 2179 1220 evolvitur.

75 1252 296 1313 Exinde
339 1251 666 1333 apotheosis
697 1273 960 1311 errorum
1005 1253 1274 1312 omnium
1319 1251 1574 1311 hominis
1623 1251 1688 1309 in
1727 1253 1866 1311 Deo,
1915 1254 2067 1312 Deus
2095 1265 2185 1314 est

72 1349 131 1406 in
163 1346 466 1422 omnibu8,
521 1347 716 1405 omnia
752 1346 964 1418 efficit,
1010 1358 1099 1406 est
1129 1367 1303 1406 omne
1336 1348 1457 1427 (l);
1503 1345 1714 1405 exinde
1749 1357 2000 1426 systema
2020 1370 2175 1428 pro-

65 1462 301 1522 yressus
313 1440 615 1518 indefiniti
623 1482 645 1512 ,
657 1442 1171 1520 perfectibilitatis
1187 1442 1414 1518 indefin
1422 1439 1938 1515 itoehumanitati83
1966 1442 2178 1504 exinde

73 1534 325 1616 denique
357 1533 453 1594 lex
486 1534 638 1614 jugis
677 1535 1256 1595 transformationum
1292 1545 1353 1595 et
1386 1535 1864 1594 immutationum
1887 1579 1903 1608 ,
1931 1537 2016 1595 uti
2048 1559 2175 1598 me-

73 1628 300 1688 diorum
337 1649 700 1710 progressuS,
748 1651 926 1711 quam
961 1629 1107 1690 adeo
1149 1628 1497 1712 depraedicat
1533 1629 1944 1689 Lerminierius
1979 1629 2086 1712 (2)

71 1832 358 1898 pantheismo
380 1830 632 1896 Hegeliano
659 1847 673 1878 ε
708 1829 778 1877 In
808 1829 1080 1895 Heqeliana

64 1911 367 1979 philosophia
391 1911 608 1960 videmus
633 1911 992 1977 pantheismum
1016 1911 1081 1960 ad

70 2014 179 2045 eum
211 1997 394 2061 apicem
428 1994 711 2060 perductum
727 2030 743 2056 ,
785 1996 844 2043 in
869 2012 962 2060 quo
991 2011 1078 2044 ne-

70 2093 192 2126 cesse
214 2084 313 2138 est,
351 2084 408 2125 nt
430 2078 533 2143 ipse
552 2092 602 2124 se
625 2075 765 2124 talem
783 2116 801 2137 ,
825 2075 986 2141 qualis
1005 2093 1080 2126 re·

74 2176 184 2208 vera
209 2167 276 2206 est
290 2193 306 2217 ,
346 2167 504 2223 aperte
528 2157 730 2206 declaret
745 2195 759 2215 ‚
796 2158 911 2206 dum
935 2160 1082 2224 prius

68 2248 253 2306 poterat
267 2238 606 2303 quodammodo
623 2256 672 2286 se
687 2239 967 2287 abscondere
982 2241 1081 2287 sive

75 2324 130 2368 in
157 2320 278 2370 ideoe
312 2320 592 2385 (absoluti),
627 2337 735 2384 quas
772 2323 875 2382 ejus
899 2320 1084 2384 fanda-

75 2410 286 2450 mentnm
301 2412 389 2458 est,
401 2401 854 2451 indeterminatione
866 2402 1080 2450 nondum

74 2485 332 2547 scientifice
359 2490 586 2550 superata
600 2517 618 2545 ,
658 2485 758 2532 sive
790 2485 848 2532 in
878 2482 1079 2549 difficul-

75 2573 167 2614 tate
196 2564 402 2631 partiali
438 2581 544 2613 eam
581 2565 906 2630 coqnoscendi.
945 2564 1082 2614 Reli-

73 2648 202 2710 qio'se
227 2645 512 2711 Zeitschrifi
526 2682 543 2708 ‚
576 2655 669 2696 etc.
700 2664 777 2695 seu
801 2644 1082 2711 Ephemeri-

75 2728 154 2776 des
170 2727 406 2793 reliqiosoe
421 2744 512 2794 pro
531 2727 762 2777 catholica
781 2726 1077 2791 Germania,

84 2808 240 2871 1833,
279 2820 394 2859 tom.
432 2827 447 2858 1
469 2847 482 2871 ‚
519 2811 633 2860 fasc.
665 2828 712 2871 i,
748 2828 853 2876 pag.
878 2807 954 2873 4ο.
983 2810 1081 2876 Ipse

78 2892 255 2942 Ahrens
274 2929 287 2951 ‚
321 2894 401 2958 qui
418 2928 432 2955 ‚
461 2892 692 2958 quidquid
719 2893 777 2941 de
805 2908 853 2941 se
880 2903 1076 2952 asserat,

77 2974 371 3038 pantheistice
388 2975 579 3022 omnino
598 2973 942 3040 philosophatur
954 3011 968 3034 ‚
991 2975 1080 3023 tale

78 3056 136 3104 de
165 3055 349 3122 Hegelio
381 3059 551 3122 profert
584 3054 812 3122 judicium
831 3093 847 3121 ,
884 3075 961 3124 op.
998 3060 1078 3107 cit.

80 3152 183 3202 pag.
198 3134 264 3186 60
296 3155 311 3187 ε
350 3138 534 3206 Qnand
551 3138 706 3204 Heqel
725 3139 798 3187 dit
816 3156 906 3204 qne
929 3139 978 3189 la
994 3155 1082 3188 na-

81 3225 186 3264 ture
214 3218 394 3267 aboutit
426 3220 458 3268 ὰ
497 3219 708 3286 l’esprit,
747 3237 924 3269 comme
959 3222 990 3270 ὰ
1027 3237 1082 3269 sa

84 3296 355 3347 conclusion
372 3334 390 3357 ‚
412 3299 456 3348 il
476 3318 620 3350 cuore
655 3318 726 3350 un
753 3301 883 3366 larye
911 3302 1082 3368 champ

85 3379 114 3425 ὰ
146 3376 526 3443 l'imaqination‚
565 3385 704 3450 apres
741 3383 912 3433 l’avoir
933 3385 1085 3448 ferme

84 3460 114 3506 ὰ
149 3457 493 3525 l'intelliqencs.
530 3465 611 3515 De
645 3466 841 3531 quelque
872 3466 1087 3514 maniere

19 3603 21 3605 Ι
82 3539 228 3604 qu’on
263 3542 432 3591 venille
473 3548 760 3611 representet·
800 3556 913 3596 cette
949 3547 1052 3596 ides
1065 3582 1080 3608 ,

79 3625 259 3683 jamais
276 3661 289 3684 ‚
328 3627 374 3673 si
402 3641 463 3675 on
488 3622 706 3694 n'adopte
730 3646 822 3696 pas
849 3630 914 3678 les
943 3631 1086 3696 hypo-

1160 1829 1309 1879 theses
1345 1830 1681 1880 materialistes
1694 1866 1712 1893 ,
1747 1847 1810 1880 on
1844 1848 1908 1881 ne
1928 1833 2038 1897 sera
2065 1851 2178 1884 con-

1160 1914 1317 1961 ceooir
1343 1921 1580 1962 comment
1614 1913 1662 1962 la
1701 1921 1876 1963 nature
1906 1933 2090 1981 pour-ra
2128 1936 2177 1968 se

1161 1993 1434 2060 developper
1445 1996 1477 2043 ὰ
1495 1994 1691 2043 devenir
1703 1995 1864 2061 esprit.
1875 1997 2011 2047 Unde
2025 2006 2175 2064 patet,

1162 2093 1321 2125 omnes
1360 2078 1466 2125 istas
1509 2076 1904 2143 spiritualisticas
1947 2079 2177 2130 doctrinas

1162 2158 1487 2223 pantheisticas
1514 2160 1566 2206 in
1598 2158 1832 2225 abjectum
1862 2159 2054 2210 demum
2078 2180 2177 2212 ma-

1163 2239 1463 2287 terialismum
1496 2244 1688 2287 omnino
1718 2240 1937 2289 recidere.

1233 2320 1300 2384 (1)
1333 2319 1540 2386 L’esprit
1561 2319 1763 2369 Immain
1787 2321 1879 2385 (ait
1893 2318 2172 2385 Lerminier‚

1163 2404 1244 2467 qui
1267 2402 1388 2450 hanc
1407 2401 1663 2450 theoricam
1679 2402 1942 2453 historicam
1961 2405 2173 2468 exhibet)

1162 2490 1231 2532 est
1258 2498 1354 2531 nne
1376 2482 1659 2549 perpetuelle
1682 2492 1727 2532 et
1752 2487 2015 2533 necessaire
2044 2490 2177 2535 reve-

1163 2563 1312 2613 lation
1343 2565 1401 2613 de
1438 2564 1595 2614 Dien.
1630 2565 1770 2614 Dieu
1805 2583 1869 2615 ne
1894 2570 2066 2632 paruit
2090 2585 2176 2617 sur
2208 2571 2211 2574 ’

1163 2654 1276 2695 cette
1314 2655 1434 2695 terre
1473 2664 1564 2711 que
1602 2648 1725 2695 dans
1758 2647 1974 2698 l'homme
2008 2658 2054 2698 et
2087 2667 2177 2715 que

1157 2745 1254 2794 par
1282 2727 1516 2778 l'homme.
1540 2726 1665 2777 Dien
1696 2729 1964 2779 reneuvelle
1989 2747 2044 2778 sa
2070 2732 2201 2796 sace*

1163 2811 1195 2859 ὰ
1220 2809 1303 2858 des
1326 2806 1523 2876 epoques
1540 2809 1742 2875 fatales,
1775 2821 1865 2861 etc.
1886 2811 1984 2861 Cfr.
2001 2811 2145 2864 Mai-et
2159 2852 2173 2875 ‚

1164 2908 1243 2957 op.
1275 2894 1356 2940 cit.
1380 2910 1484 2957 pag.
1507 2890 1566 2956 41
1599 2902 1644 2941 et
1663 2910 1811 2959 seqq.

1233 2974 1296 3037 (⁰2)
1333 2975 1404 3022 Le
1436 2975 1588 3035 droit,
1628 2978 1691 3023 ait
1721 2977 1818 3040 ipse
1840 3011 1853 3034 ,
1894 2974 1942 3023 la
1970 2976 2176 3025 sociabi-

1164 3055 1276 3114 lite,
1307 3055 1354 3104 la
1388 3059 1573 3104 science
1610 3073 1660 3104 se
1694 3055 1996 3123 developpent
2033 3074 2094 3106 en
2129 3074 2177 3107 se

1165 3138 1436 3186 detruisant
1475 3137 1697 3204 d’epoqne
1726 3155 1787 3186 en
1823 3142 2060 3204 epoqne...
2098 3142 2177 3189 La

1165 3220 1370 3285 reliqion
1394 3227 1463 3268 est
1490 3220 1521 3268 ὰ
1544 3218 1591 3267 la
1612 3219 1710 3284 fois
1728 3228 1771 3268 et
1790 3223 2181 3289 successivement

1165 3320 1259 3350 nne
1289 3301 1589 3369 philosophie
1603 3337 1619 3362 ,
1661 3319 1732 3349 un
1773 3315 2140 3368 qouvernement
2158 3340 2175 3364 ,

1166 3401 1263 3433 une
1306 3385 1602 3432 tradition...
1657 3383 1841 3451 Quand
1888 3385 1935 3433 la
1977 3385 2180 3452 reliqion

1167 3465 1354 3514 s’arrete
1370 3503 1382 3522 ,
1434 3465 1482 3513 la
1522 3464 1818 3532 philosophie
1863 3471 2091 3534 poursnit
2136 3477 2181 3516 et

1160 3551 1364 3612 prepare
1414 3563 1544 3612 pour
1603 3546 1668 3595 les
1725 3550 1915 3597 societas
1974 3549 2179 3597 d'antres

1167 3645 1418 3694 croyances
1457 3638 1502 3677 et
1539 3629 1744 3680 d’autres
1787 3631 2013 3696 symboles
2030 3669 2045 3693 ,
2088 3643 2177 3682 etc.
