<?xml version="1.0" encoding="UTF-8"?>
<!DOCTYPE html PUBLIC "-//W3C//DTD XHTML 1.0 Transitional//EN"
    "http://www.w3.org/TR/xhtml1/DTD/xhtml1-transitional.dtd">
<html xmlns="http://www.w3.org/1999/xhtml" xml:lang="en" lang="en">
 <head>
  <title>
</title>
<meta http-equiv="Content-Type" content="text/html;charset=utf-8" />
  <meta name='ocr-system' content='tesseract 3.04.00' />
  <meta name='ocr-capabilities' content='ocr_page ocr_carea ocr_par ocr_line ocrx_word'/>
</head>
<body>
  <div class='ocr_page' id='page_1' title='image "a603693809perruoft_0568.png"; bbox 0 0 2502 4134; ppageno 0'>
   <div class='ocr_carea' id='block_1_1' title="bbox 227 119 1809 190">
    <p class='ocr_par' dir='ltr' id='par_1_1' title="bbox 227 119 1809 190">
     <span class='ocr_line' id='line_1_1' title="bbox 227 119 1809 190; baseline 0.004 -9"><span class='ocrx_word' id='word_1_1' title='bbox 227 119 347 181; x_wconf 82' lang='lat'>560</span> <span class='ocrx_word' id='word_1_2' title='bbox 872 142 1069 182; x_wconf 60' lang='lat' dir='ltr'>macr.</span> <span class='ocrx_word' id='word_1_3' title='bbox 1118 145 1185 182; x_wconf 72' lang='lat' dir='ltr'>ne</span> <span class='ocrx_word' id='word_1_4' title='bbox 1231 145 1382 183; x_wconf 75' lang='lat' dir='ltr'>mels</span> <span class='ocrx_word' id='word_1_5' title='bbox 1426 148 1809 190; x_wconf 70' lang='lat' dir='ltr'>mantuelem.</span> 
     </span>
    </p>
   </div>
   <div class='ocr_carea' id='block_1_2' title="bbox 230 283 2404 2389">
    <p class='ocr_par' dir='ltr' id='par_1_2' title="bbox 230 283 2397 1902">
     <span class='ocr_line' id='line_1_2' title="bbox 315 283 2374 378; baseline 0.005 -34"><span class='ocrx_word' id='word_1_6' title='bbox 315 283 456 344; x_wconf 77' lang='lat'>324.</span> <span class='ocrx_word' id='word_1_7' title='bbox 506 284 649 357; x_wconf 73' lang='lat' dir='ltr'>Quae</span> <span class='ocrx_word' id='word_1_8' title='bbox 688 303 823 342; x_wconf 88' lang='lat' dir='ltr'>cum</span> <span class='ocrx_word' id='word_1_9' title='bbox 867 284 948 343; x_wconf 91' lang='lat' dir='ltr'>ita</span> <span class='ocrx_word' id='word_1_10' title='bbox 989 306 1050 344; x_wconf 93' lang='lat' dir='ltr'>se</span> <span class='ocrx_word' id='word_1_11' title='bbox 1093 283 1390 361; x_wconf 68' lang='lat' dir='ltr'>habeant,</span> <span class='ocrx_word' id='word_1_12' title='bbox 1440 291 1662 366; x_wconf 84' lang='lat' dir='ltr'>juverit</span> <span class='ocrx_word' id='word_1_13' title='bbox 1702 290 1784 350; x_wconf 82' lang='lat' dir='ltr'>ita</span> <span class='ocrx_word' id='word_1_14' title='bbox 1817 294 2165 354; x_wconf 82' lang='lat' dir='ltr'>concludere</span> <span class='ocrx_word' id='word_1_15' title='bbox 2209 318 2220 353; x_wconf 92' lang='lat'><strong>:</strong></span> <span class='ocrx_word' id='word_1_16' title='bbox 2268 316 2374 378; x_wconf 90' lang='lat' dir='ltr'>per</span> 
     </span>
     <span class='ocr_line' id='line_1_3' title="bbox 233 379 2375 471; baseline 0.006 -31"><span class='ocrx_word' id='word_1_17' title='bbox 233 379 793 464; x_wconf 88' lang='lat' dir='ltr'>protestantismum</span> <span class='ocrx_word' id='word_1_18' title='bbox 819 424 834 453; x_wconf 66' lang='grc'><em>,</em></span> <span class='ocrx_word' id='word_1_19' title='bbox 876 401 906 437; x_wconf 89' lang='lat' dir='ltr'>a</span> <span class='ocrx_word' id='word_1_20' title='bbox 948 380 1203 441; x_wconf 86' lang='lat' dir='ltr'>Luthero</span> <span class='ocrx_word' id='word_1_21' title='bbox 1242 382 1599 443; x_wconf 89' lang='lat' dir='ltr'>adornatum</span> <span class='ocrx_word' id='word_1_22' title='bbox 1638 405 1704 444; x_wconf 91' lang='lat' dir='ltr'>ac</span> <span class='ocrx_word' id='word_1_23' title='bbox 1739 385 1800 444; x_wconf 90' lang='lat' dir='ltr'>in</span> <span class='ocrx_word' id='word_1_24' title='bbox 1834 388 1959 467; x_wconf 89' lang='lat' dir='ltr'>ipso</span> <span class='ocrx_word' id='word_1_25' title='bbox 1977 393 2375 471; x_wconf 78' lang='lat' dir='ltr'>persom‘fi&#39;oa-</span> 
     </span>
     <span class='ocr_line' id='line_1_4' title="bbox 232 473 2375 565; baseline 0.005 -29"><span class='ocrx_word' id='word_1_26' title='bbox 232 487 394 550; x_wconf 73' lang='lat' dir='ltr'>tum,</span> <span class='ocrx_word' id='word_1_27' title='bbox 444 473 878 534; x_wconf 88' lang='lat' dir='ltr'>rationalismus</span> <span class='ocrx_word' id='word_1_28' title='bbox 914 485 1045 534; x_wconf 89' lang='lat' dir='ltr'>tum</span> <span class='ocrx_word' id='word_1_29' title='bbox 1088 479 1365 558; x_wconf 70' lang='lat' dir='ltr'>vulyaris</span> <span class='ocrx_word' id='word_1_30' title='bbox 1403 490 1532 538; x_wconf 90' lang='lat' dir='ltr'>tum</span> <span class='ocrx_word' id='word_1_31' title='bbox 1563 485 1869 561; x_wconf 64' lang='lat' dir='ltr'>gnosticas</span> <span class='ocrx_word' id='word_1_32' title='bbox 1904 482 1966 540; x_wconf 91' lang='lat' dir='ltr'>in</span> <span class='ocrx_word' id='word_1_33' title='bbox 1989 505 2092 545; x_wconf 92' lang='lat' dir='ltr'>suo</span> <span class='ocrx_word' id='word_1_34' title='bbox 2113 489 2375 565; x_wconf 81' lang='lat' dir='ltr'><strong>germine</strong></span> 
     </span>
     <span class='ocr_line' id='line_1_5' title="bbox 232 569 2377 660; baseline 0.006 -29"><span class='ocrx_word' id='word_1_35' title='bbox 232 594 297 631; x_wconf 93' lang='lat' dir='ltr'>ac</span> <span class='ocrx_word' id='word_1_36' title='bbox 340 569 663 651; x_wconf 84' lang='lat' dir='ltr'>embryone</span> <span class='ocrx_word' id='word_1_37' title='bbox 699 570 1118 646; x_wconf 63' lang='lat' dir='ltr'>delitescebat,</span> <span class='ocrx_word' id='word_1_38' title='bbox 1154 585 1255 633; x_wconf 91' lang='lat' dir='ltr'>aut</span> <span class='ocrx_word' id='word_1_39' title='bbox 1295 574 1472 634; x_wconf 89' lang='lat' dir='ltr'>etiam</span> <span class='ocrx_word' id='word_1_40' title='bbox 1503 576 1550 634; x_wconf 91' lang='lat' dir='ltr'>si</span> <span class='ocrx_word' id='word_1_41' title='bbox 1579 575 1777 652; x_wconf 53' lang='lat' dir='ltr'>lubet.</span> <span class='ocrx_word' id='word_1_42' title='bbox 1821 577 2007 637; x_wconf 85' lang='lat' dir='ltr'>veluti</span> <span class='ocrx_word' id='word_1_43' title='bbox 2045 592 2377 660; x_wconf 88' lang='lat' dir='ltr'>protestan-</span> 
     </span>
     <span class='ocr_line' id='line_1_6' title="bbox 232 666 2375 755; baseline 0.005 -29"><span class='ocrx_word' id='word_1_44' title='bbox 232 669 391 726; x_wconf 91' lang='lat' dir='ltr'>tismi</span> <span class='ocrx_word' id='word_1_45' title='bbox 440 668 634 725; x_wconf 88' lang='lat' dir='ltr'>anima</span> <span class='ocrx_word' id='word_1_46' title='bbox 666 666 856 726; x_wconf 88' lang='lat' dir='ltr'>latens</span> <span class='ocrx_word' id='word_1_47' title='bbox 901 690 1018 727; x_wconf 88' lang='lat' dir='ltr'>una</span> <span class='ocrx_word' id='word_1_48' title='bbox 1058 690 1192 728; x_wconf 86' lang='lat' dir='ltr'>cum</span> <span class='ocrx_word' id='word_1_49' title='bbox 1229 672 1516 730; x_wconf 81' lang='lat' dir='ltr'><strong>exteriore</strong></span> <span class='ocrx_word' id='word_1_50' title='bbox 1547 671 2122 754; x_wconf 90' lang='lat' dir='ltr'>supernaturalistica</span> <span class='ocrx_word' id='word_1_51' title='bbox 2155 673 2375 755; x_wconf 81' lang='lat' dir='ltr'>forma,</span> 
     </span>
     <span class='ocr_line' id='line_1_7' title="bbox 233 763 2380 850; baseline 0.003 -27"><span class='ocrx_word' id='word_1_52' title='bbox 233 763 421 824; x_wconf 87' lang='lat' dir='ltr'>veluti</span> <span class='ocrx_word' id='word_1_53' title='bbox 459 784 735 846; x_wconf 68' lang='lat' dir='ltr'>corpore7</span> <span class='ocrx_word' id='word_1_54' title='bbox 779 766 1108 823; x_wconf 89' lang='lat' dir='ltr'>necessario</span> <span class='ocrx_word' id='word_1_55' title='bbox 1139 776 1198 825; x_wconf 91' lang='lat' dir='ltr'>et</span> <span class='ocrx_word' id='word_1_56' title='bbox 1237 787 1309 825; x_wconf 78' lang='lat' dir='ltr'>ex</span> <span class='ocrx_word' id='word_1_57' title='bbox 1345 767 1559 826; x_wconf 88' lang='lat' dir='ltr'>intima</span> <span class='ocrx_word' id='word_1_58' title='bbox 1606 766 1874 847; x_wconf 90' lang='lat' dir='ltr'>ejusdem</span> <span class='ocrx_word' id='word_1_59' title='bbox 1913 770 2380 850; x_wconf 86' lang='lat' dir='ltr'>protestantismi</span> 
     </span>
     <span class='ocr_line' id='line_1_8' title="bbox 235 860 2387 946; baseline 0.002 -26"><span class='ocrx_word' id='word_1_60' title='bbox 235 872 445 920; x_wconf 89' lang='lat' dir='ltr'>natura</span> <span class='ocrx_word' id='word_1_61' title='bbox 494 871 656 918; x_wconf 88' lang='lat' dir='ltr'>ortus</span> <span class='ocrx_word' id='word_1_62' title='bbox 692 870 798 919; x_wconf 91' lang='lat' dir='ltr'>est.</span> <span class='ocrx_word' id='word_1_63' title='bbox 845 860 1062 920; x_wconf 86' lang='lat' dir='ltr'>Eadem</span> <span class='ocrx_word' id='word_1_64' title='bbox 1104 884 1281 944; x_wconf 88' lang='lat' dir='ltr'>porro</span> <span class='ocrx_word' id='word_1_65' title='bbox 1326 863 1854 946; x_wconf 79' lang='lat' dir='ltr'>exigentenatura</span> <span class='ocrx_word' id='word_1_66' title='bbox 1880 909 1896 939; x_wconf 71' lang='grc'><em>,</em></span> <span class='ocrx_word' id='word_1_67' title='bbox 1945 863 2182 924; x_wconf 89' lang='lat' dir='ltr'>labente</span> <span class='ocrx_word' id='word_1_68' title='bbox 2227 876 2387 925; x_wconf 83' lang='lat' dir='ltr'>tem-</span> 
     </span>
     <span class='ocr_line' id='line_1_9' title="bbox 234 955 2385 1040; baseline 0.003 -24"><span class='ocrx_word' id='word_1_69' title='bbox 234 978 379 1040; x_wconf 86' lang='lat' dir='ltr'>pore</span> <span class='ocrx_word' id='word_1_70' title='bbox 435 955 630 1015; x_wconf 91' lang='lat' dir='ltr'>evolvi</span> <span class='ocrx_word' id='word_1_71' title='bbox 673 955 890 1037; x_wconf 68' lang='lat' dir='ltr'>coepit,</span> <span class='ocrx_word' id='word_1_72' title='bbox 932 958 1115 1036; x_wconf 79' lang='lat' dir='ltr'>magis</span> <span class='ocrx_word' id='word_1_73' title='bbox 1156 957 1373 1019; x_wconf 89' lang='lat' dir='ltr'>deinde</span> <span class='ocrx_word' id='word_1_74' title='bbox 1403 980 1468 1018; x_wconf 90' lang='lat' dir='ltr'>ac</span> <span class='ocrx_word' id='word_1_75' title='bbox 1503 960 1686 1040; x_wconf 84' lang='lat' dir='ltr'>magis</span> <span class='ocrx_word' id='word_1_76' title='bbox 1716 982 1787 1019; x_wconf 76' lang='lat' dir='ltr'>ex</span> <span class='ocrx_word' id='word_1_77' title='bbox 1824 959 2048 1020; x_wconf 89' lang='lat' dir='ltr'>latebra</span> <span class='ocrx_word' id='word_1_78' title='bbox 2074 982 2175 1020; x_wconf 91' lang='lat' dir='ltr'>seu</span> <span class='ocrx_word' id='word_1_79' title='bbox 2211 961 2385 1023; x_wconf 90' lang='lat' dir='ltr'>invo-</span> 
     </span>
     <span class='ocr_line' id='line_1_10' title="bbox 234 1051 2386 1134; baseline 0.003 -22"><span class='ocrx_word' id='word_1_80' title='bbox 234 1053 399 1112; x_wconf 89' lang='lat' dir='ltr'>lucro</span> <span class='ocrx_word' id='word_1_81' title='bbox 425 1099 439 1124; x_wconf 63' lang='lat'><strong>„</strong></span> <span class='ocrx_word' id='word_1_82' title='bbox 476 1074 594 1134; x_wconf 91' lang='lat' dir='ltr'>quo</span> <span class='ocrx_word' id='word_1_83' title='bbox 628 1051 964 1132; x_wconf 70' lang='lat' dir='ltr'>tegebatur,</span> <span class='ocrx_word' id='word_1_84' title='bbox 1003 1075 1128 1113; x_wconf 90' lang='lat' dir='ltr'>sese</span> <span class='ocrx_word' id='word_1_85' title='bbox 1170 1055 1605 1134; x_wconf 66' lang='lat' dir='ltr'>manifestavit,</span> <span class='ocrx_word' id='word_1_86' title='bbox 1647 1055 1835 1116; x_wconf 91' lang='lat' dir='ltr'>donec</span> <span class='ocrx_word' id='word_1_87' title='bbox 1874 1057 1945 1116; x_wconf 89' lang='lat' dir='ltr'>ad</span> <span class='ocrx_word' id='word_1_88' title='bbox 1975 1059 2386 1119; x_wconf 80' lang='lat' dir='ltr'>maturitatem</span> 
     </span>
     <span class='ocr_line' id='line_1_11' title="bbox 237 1147 2387 1235; baseline 0.002 -26"><span class='ocrx_word' id='word_1_89' title='bbox 237 1149 565 1221; x_wconf 68' lang='lat' dir='ltr'>adductus,</span> <span class='ocrx_word' id='word_1_90' title='bbox 619 1147 1007 1229; x_wconf 84' lang='lat' dir='ltr'>symbolicum</span> <span class='ocrx_word' id='word_1_91' title='bbox 1060 1172 1238 1210; x_wconf 90' lang='lat' dir='ltr'>omne</span> <span class='ocrx_word' id='word_1_92' title='bbox 1295 1152 1944 1233; x_wconf 88' lang='lat' dir='ltr'>supernaturalisticum</span> <span class='ocrx_word' id='word_1_93' title='bbox 1996 1153 2241 1235; x_wconf 89' lang='lat' dir='ltr'>pallium</span> <span class='ocrx_word' id='word_1_94' title='bbox 2282 1176 2387 1215; x_wconf 88' lang='lat' dir='ltr'>seu.</span> 
     </span>
     <span class='ocr_line' id='line_1_12' title="bbox 238 1243 2384 1331; baseline 0.003 -26"><span class='ocrx_word' id='word_1_95' title='bbox 238 1248 716 1324; x_wconf 78' lang='lat' dir='ltr'>integumentum</span> <span class='ocrx_word' id='word_1_96' title='bbox 745 1243 1089 1305; x_wconf 80' lang='lat' dir='ltr'>dilaceravit</span> <span class='ocrx_word' id='word_1_97' title='bbox 1125 1267 1190 1304; x_wconf 92' lang='lat' dir='ltr'>ac</span> <span class='ocrx_word' id='word_1_98' title='bbox 1228 1248 1389 1306; x_wconf 78' lang='lat' dir='ltr'>exuit</span> <span class='ocrx_word' id='word_1_99' title='bbox 1418 1292 1434 1322; x_wconf 62' lang='lat' dir='ltr'>a</span> <span class='ocrx_word' id='word_1_100' title='bbox 1483 1250 1867 1331; x_wconf 88' lang='lat' dir='ltr'>nativamque</span> <span class='ocrx_word' id='word_1_101' title='bbox 1924 1271 2091 1308; x_wconf 91' lang='lat' dir='ltr'>suam</span> <span class='ocrx_word' id='word_1_102' title='bbox 2121 1249 2384 1311; x_wconf 88' lang='lat' dir='ltr'>indolem</span> 
     </span>
     <span class='ocr_line' id='line_1_13' title="bbox 238 1341 2390 1426; baseline 0.002 -24"><span class='ocrx_word' id='word_1_103' title='bbox 238 1342 535 1426; x_wconf 86' lang='lat' dir='ltr'>patefecit.</span> <span class='ocrx_word' id='word_1_104' title='bbox 585 1343 763 1423; x_wconf 82' lang='lat' dir='ltr'>Atqui</span> <span class='ocrx_word' id='word_1_105' title='bbox 803 1341 1243 1401; x_wconf 88' lang='lat' dir='ltr'>rationalismus</span> <span class='ocrx_word' id='word_1_106' title='bbox 1284 1364 1354 1402; x_wconf 80' lang='lat' dir='ltr'>ex</span> <span class='ocrx_word' id='word_1_107' title='bbox 1388 1342 1804 1404; x_wconf 87' lang='lat' dir='ltr'>demonstratis</span> <span class='ocrx_word' id='word_1_108' title='bbox 1817 1350 1971 1424; x_wconf 75' lang='lat' dir='ltr'>jure</span> <span class='ocrx_word' id='word_1_109' title='bbox 2009 1357 2068 1404; x_wconf 91' lang='lat' dir='ltr'>et</span> <span class='ocrx_word' id='word_1_110' title='bbox 2112 1349 2308 1425; x_wconf 79' lang='lat' dir='ltr'>facto,</span> <span class='ocrx_word' id='word_1_111' title='bbox 2349 1368 2390 1406; x_wconf 75' lang='lat' dir='ltr'>a</span> 
     </span>
     <span class='ocr_line' id='line_1_14' title="bbox 230 1440 2394 1521; baseline 0.001 -22"><span class='ocrx_word' id='word_1_112' title='bbox 230 1443 446 1521; x_wconf 78' lang='lat' dir='ltr'>priori</span> <span class='ocrx_word' id='word_1_113' title='bbox 478 1450 537 1498; x_wconf 88' lang='lat' dir='ltr'>et</span> <span class='ocrx_word' id='word_1_114' title='bbox 580 1462 620 1501; x_wconf 81' lang='lat' dir='ltr'>a</span> <span class='ocrx_word' id='word_1_115' title='bbox 653 1442 1014 1519; x_wconf 76' lang='lat' dir='ltr'>posteriori,</span> <span class='ocrx_word' id='word_1_116' title='bbox 1069 1440 1374 1500; x_wconf 72' lang='lat' dir='ltr'>theoretice</span> <span class='ocrx_word' id='word_1_117' title='bbox 1419 1452 1477 1500; x_wconf 93' lang='lat' dir='ltr'>et</span> <span class='ocrx_word' id='word_1_118' title='bbox 1503 1446 1777 1519; x_wconf 77' lang='lat' dir='ltr'>practice</span> <span class='ocrx_word' id='word_1_119' title='bbox 1822 1442 2144 1500; x_wconf 92' lang='lat' dir='ltr'>necessario</span> <span class='ocrx_word' id='word_1_120' title='bbox 2194 1463 2394 1502; x_wconf 89' lang='lat' dir='ltr'>secum</span> 
     </span>
     <span class='ocr_line' id='line_1_15' title="bbox 243 1534 2394 1614; baseline -0 -17"><span class='ocrx_word' id='word_1_121' title='bbox 243 1537 359 1597; x_wconf 88' lang='lat' dir='ltr'>fert</span> <span class='ocrx_word' id='word_1_122' title='bbox 395 1536 574 1595; x_wconf 89' lang='lat' dir='ltr'>totius</span> <span class='ocrx_word' id='word_1_123' title='bbox 598 1534 1021 1594; x_wconf 79' lang='lat' dir='ltr'>christianismi</span> <span class='ocrx_word' id='word_1_124' title='bbox 1050 1537 1498 1594; x_wconf 79' lang='lat' dir='ltr'>extinctionem.</span> <span class='ocrx_word' id='word_1_125' title='bbox 1532 1536 1678 1614; x_wconf 82' lang='lat' dir='ltr'>Ergo</span> <span class='ocrx_word' id='word_1_126' title='bbox 1711 1536 1821 1594; x_wconf 87' lang='lat' dir='ltr'>rite</span> <span class='ocrx_word' id='word_1_127' title='bbox 1852 1535 2252 1594; x_wconf 88' lang='lat' dir='ltr'>concludimus</span> <span class='ocrx_word' id='word_1_128' title='bbox 2273 1581 2289 1611; x_wconf 68' lang='grc'><em>,</em></span> <span class='ocrx_word' id='word_1_129' title='bbox 2319 1557 2394 1596; x_wconf 78' lang='lat' dir='ltr'>ex</span> 
     </span>
     <span class='ocr_line' id='line_1_16' title="bbox 248 1629 2397 1716; baseline -0.001 -24"><span class='ocrx_word' id='word_1_130' title='bbox 248 1631 717 1716; x_wconf 87' lang='lat' dir='ltr'>protestantismi</span> <span class='ocrx_word' id='word_1_131' title='bbox 763 1629 1056 1689; x_wconf 86' lang='lat' dir='ltr'>essentiali</span> <span class='ocrx_word' id='word_1_132' title='bbox 1105 1641 1315 1689; x_wconf 87' lang='lat' dir='ltr'>natura</span> <span class='ocrx_word' id='word_1_133' title='bbox 1360 1631 1684 1689; x_wconf 84' lang='lat' dir='ltr'>necessario</span> <span class='ocrx_word' id='word_1_134' title='bbox 1734 1629 2026 1712; x_wconf 88' lang='lat' dir='ltr'>profluere</span> <span class='ocrx_word' id='word_1_135' title='bbox 2065 1630 2397 1690; x_wconf 90' lang='lat' dir='ltr'>rationalis-</span> 
     </span>
     <span class='ocr_line' id='line_1_17' title="bbox 237 1725 2391 1808; baseline -0.001 -19"><span class='ocrx_word' id='word_1_136' title='bbox 237 1747 446 1804; x_wconf 65' lang='lat' dir='ltr'>mum,</span> <span class='ocrx_word' id='word_1_137' title='bbox 487 1750 589 1787; x_wconf 92' lang='lat' dir='ltr'>seu</span> <span class='ocrx_word' id='word_1_138' title='bbox 630 1725 792 1808; x_wconf 91' lang='lat' dir='ltr'>quod</span> <span class='ocrx_word' id='word_1_139' title='bbox 841 1725 999 1784; x_wconf 86' lang='lat' dir='ltr'>idem</span> <span class='ocrx_word' id='word_1_140' title='bbox 1038 1737 1164 1799; x_wconf 72' lang='lat' dir='ltr'>est,</span> <span class='ocrx_word' id='word_1_141' title='bbox 1211 1727 1259 1784; x_wconf 90' lang='lat' dir='ltr'>si</span> <span class='ocrx_word' id='word_1_142' title='bbox 1307 1747 1478 1785; x_wconf 90' lang='lat' dir='ltr'>verus</span> <span class='ocrx_word' id='word_1_143' title='bbox 1508 1736 1599 1784; x_wconf 83' lang='lat' dir='ltr'>est</span> <span class='ocrx_word' id='word_1_144' title='bbox 1635 1726 2147 1807; x_wconf 88' lang='lat' dir='ltr'>protestantismus</span> <span class='ocrx_word' id='word_1_145' title='bbox 2170 1770 2186 1800; x_wconf 71' lang='grc'><em>,</em></span> <span class='ocrx_word' id='word_1_146' title='bbox 2217 1726 2391 1786; x_wconf 86' lang='lat' dir='ltr'>falsus</span> 
     </span>
     <span class='ocr_line' id='line_1_18' title="bbox 246 1822 977 1902; baseline -0.012 -15"><span class='ocrx_word' id='word_1_147' title='bbox 246 1839 333 1887; x_wconf 90' lang='lat' dir='ltr'>est</span> <span class='ocrx_word' id='word_1_148' title='bbox 363 1823 827 1885; x_wconf 81' lang='lat' dir='ltr'>christianismus</span> <span class='ocrx_word' id='word_1_149' title='bbox 864 1822 977 1902; x_wconf 90' lang='lat'>(1).</span> 
     </span>
    </p>

    <p class='ocr_par' dir='ltr' id='par_1_3' title="bbox 250 1916 2404 2389">
     <span class='ocr_line' id='line_1_19' title="bbox 331 1916 2398 2000; baseline -0.001 -20"><span class='ocrx_word' id='word_1_150' title='bbox 331 1922 469 1981; x_wconf 72' lang='lat'>325.</span> <span class='ocrx_word' id='word_1_151' title='bbox 517 1920 607 1979; x_wconf 88' lang='lat' dir='ltr'>Sic</span> <span class='ocrx_word' id='word_1_152' title='bbox 637 1939 857 2000; x_wconf 90' lang='lat' dir='ltr'>nempe</span> <span class='ocrx_word' id='word_1_153' title='bbox 886 1916 1245 1976; x_wconf 83' lang='lat' dir='ltr'>horrendam</span> <span class='ocrx_word' id='word_1_154' title='bbox 1265 1916 1624 1996; x_wconf 81' lang='lat' dir='ltr'>justissimus</span> <span class='ocrx_word' id='word_1_155' title='bbox 1652 1918 1805 1977; x_wconf 91' lang='lat' dir='ltr'>Deus</span> <span class='ocrx_word' id='word_1_156' title='bbox 1827 1916 2398 2000; x_wconf 86' lang='lat' dir='ltr'>ultionemsumpsit</span> 
     </span>
     <span class='ocr_line' id='line_1_20' title="bbox 252 2011 2402 2102; baseline -0.003 -22"><span class='ocrx_word' id='word_1_157' title='bbox 252 2020 325 2080; x_wconf 91' lang='lat' dir='ltr'>de</span> <span class='ocrx_word' id='word_1_158' title='bbox 356 2014 756 2102; x_wconf 88' lang='lat' dir='ltr'>perduellibus</span> <span class='ocrx_word' id='word_1_159' title='bbox 800 2011 1088 2093; x_wconf 89' lang='lat' dir='ltr'>ejusmodi</span> <span class='ocrx_word' id='word_1_160' title='bbox 1135 2011 1393 2072; x_wconf 82' lang='lat' dir='ltr'>Ecclesiae</span> <span class='ocrx_word' id='word_1_161' title='bbox 1431 2013 1593 2089; x_wconf 70' lang='lat' dir='ltr'>filiis,</span> <span class='ocrx_word' id='word_1_162' title='bbox 1636 2014 1740 2095; x_wconf 88' lang='lat' dir='ltr'>qui</span> <span class='ocrx_word' id='word_1_163' title='bbox 1771 2011 2041 2095; x_wconf 87' lang='lat' dir='ltr'>superbia</span> <span class='ocrx_word' id='word_1_164' title='bbox 2071 2011 2402 2073; x_wconf 89' lang='lat' dir='ltr'>incredibili</span> 
     </span>
     <span class='ocr_line' id='line_1_21' title="bbox 254 2108 2398 2192; baseline -0.004 -16"><span class='ocrx_word' id='word_1_165' title='bbox 254 2125 553 2176; x_wconf 84' lang='lat' dir='ltr'>tumentes</span> <span class='ocrx_word' id='word_1_166' title='bbox 578 2159 594 2188; x_wconf 70' lang='lat'>,</span> <span class='ocrx_word' id='word_1_167' title='bbox 640 2112 1057 2170; x_wconf 84' lang='lat' dir='ltr'>intemeratam</span> <span class='ocrx_word' id='word_1_168' title='bbox 1082 2108 1299 2169; x_wconf 89' lang='lat' dir='ltr'>Christi</span> <span class='ocrx_word' id='word_1_169' title='bbox 1334 2131 1613 2192; x_wconf 87' lang='lat' dir='ltr'>sponsam</span> <span class='ocrx_word' id='word_1_170' title='bbox 1640 2131 1923 2192; x_wconf 88' lang='lat' dir='ltr'>suamque</span> <span class='ocrx_word' id='word_1_171' title='bbox 1952 2121 2203 2169; x_wconf 89' lang='lat' dir='ltr'>matrem</span> <span class='ocrx_word' id='word_1_172' title='bbox 2239 2116 2398 2170; x_wconf 83' lang='lat' dir='ltr'>erro·</span> 
     </span>
     <span class='ocr_line' id='line_1_22' title="bbox 252 2206 2404 2292; baseline -0.005 -19"><span class='ocrx_word' id='word_1_173' title='bbox 252 2213 331 2273; x_wconf 91' lang='lat' dir='ltr'>ris</span> <span class='ocrx_word' id='word_1_174' title='bbox 384 2229 627 2292; x_wconf 79' lang='lat' dir='ltr'>arguere</span> <span class='ocrx_word' id='word_1_175' title='bbox 674 2230 798 2267; x_wconf 90' lang='lat' dir='ltr'>non</span> <span class='ocrx_word' id='word_1_176' title='bbox 846 2206 1213 2265; x_wconf 88' lang='lat' dir='ltr'>dubitarunt.</span> <span class='ocrx_word' id='word_1_177' title='bbox 1269 2207 1549 2266; x_wconf 81' lang='lat' dir='ltr'>Excaecati</span> <span class='ocrx_word' id='word_1_178' title='bbox 1600 2206 1761 2266; x_wconf 92' lang='lat' dir='ltr'>enim</span> <span class='ocrx_word' id='word_1_179' title='bbox 1805 2217 1982 2283; x_wconf 82' lang='lat' dir='ltr'>sunt,</span> <span class='ocrx_word' id='word_1_180' title='bbox 2031 2216 2404 2266; x_wconf 89' lang='lat' dir='ltr'>evanuerunt</span> 
     </span>
     <span class='ocr_line' id='line_1_23' title="bbox 250 2300 2401 2389; baseline -0.004 -20"><span class='ocrx_word' id='word_1_181' title='bbox 250 2312 315 2369; x_wconf 91' lang='lat' dir='ltr'>in</span> <span class='ocrx_word' id='word_1_182' title='bbox 343 2304 791 2389; x_wconf 77' lang='lat' dir='ltr'>cogitationibus</span> <span class='ocrx_word' id='word_1_183' title='bbox 831 2303 980 2375; x_wconf 63' lang='lat' dir='ltr'>suiS,</span> <span class='ocrx_word' id='word_1_184' title='bbox 1023 2324 1089 2362; x_wconf 89' lang='lat' dir='ltr'>ac</span> <span class='ocrx_word' id='word_1_185' title='bbox 1122 2301 1384 2362; x_wconf 92' lang='lat' dir='ltr'>dicentes</span> <span class='ocrx_word' id='word_1_186' title='bbox 1404 2348 1420 2378; x_wconf 85' lang='lat'>.,</span> <span class='ocrx_word' id='word_1_187' title='bbox 1465 2323 1526 2362; x_wconf 92' lang='lat' dir='ltr'>se</span> <span class='ocrx_word' id='word_1_188' title='bbox 1555 2324 1677 2362; x_wconf 92' lang='lat' dir='ltr'>esse</span> <span class='ocrx_word' id='word_1_189' title='bbox 1704 2302 1998 2385; x_wconf 90' lang='lat' dir='ltr'>sapientes</span> <span class='ocrx_word' id='word_1_190' title='bbox 2028 2348 2042 2377; x_wconf 72' lang='grc'><em>,</em></span> <span class='ocrx_word' id='word_1_191' title='bbox 2075 2301 2237 2361; x_wconf 85' lang='lat' dir='ltr'>stulti</span> <span class='ocrx_word' id='word_1_192' title='bbox 2262 2300 2401 2361; x_wconf 88' lang='lat' dir='ltr'>sacti</span> 
     </span>
    </p>
   </div>
   <div class='ocr_carea' id='block_1_3' title="bbox 255 2492 2410 3727">
    <p class='ocr_par' dir='ltr' id='par_1_4' title="bbox 255 2492 2410 3727">
     <span class='ocr_line' id='line_1_24' title="bbox 255 2492 2402 2572; baseline -0.003 -18"><span class='ocrx_word' id='word_1_193' title='bbox 255 2506 416 2572; x_wconf 74' lang='lat' dir='ltr'>peritis</span> <span class='ocrx_word' id='word_1_194' title='bbox 445 2503 688 2552; x_wconf 87' lang='lat' dir='ltr'>attulimus</span> <span class='ocrx_word' id='word_1_195' title='bbox 709 2501 766 2549; x_wconf 87' lang='lat' dir='ltr'>de</span> <span class='ocrx_word' id='word_1_196' title='bbox 792 2500 1056 2565; x_wconf 83' lang='lat' dir='ltr'>Hegelismo</span> <span class='ocrx_word' id='word_1_197' title='bbox 1090 2505 1136 2548; x_wconf 89' lang='lat' dir='ltr'>et</span> <span class='ocrx_word' id='word_1_198' title='bbox 1165 2498 1289 2547; x_wconf 89' lang='lat' dir='ltr'>Neo·</span> <span class='ocrx_word' id='word_1_199' title='bbox 1374 2516 1474 2547; x_wconf 90' lang='lat' dir='ltr'>mas</span> <span class='ocrx_word' id='word_1_200' title='bbox 1502 2498 1708 2547; x_wconf 87' lang='lat' dir='ltr'>attulisse</span> <span class='ocrx_word' id='word_1_201' title='bbox 1740 2514 1879 2560; x_wconf 84' lang='lat' dir='ltr'>regno</span> <span class='ocrx_word' id='word_1_202' title='bbox 1912 2495 2110 2558; x_wconf 83' lang='lat' dir='ltr'>Christi3</span> <span class='ocrx_word' id='word_1_203' title='bbox 2143 2495 2229 2545; x_wconf 82' lang='lat' dir='ltr'>cfr.</span> <span class='ocrx_word' id='word_1_204' title='bbox 2267 2492 2402 2547; x_wconf 70' lang='lat' dir='ltr'>Hist.</span> 
     </span>
     <span class='ocr_line' id='line_1_25' title="bbox 258 2579 2403 2648; baseline -0.006 -10"><span class='ocrx_word' id='word_1_205' title='bbox 258 2589 585 2639; x_wconf 87' lang='lat' dir='ltr'>eclecticismo.</span> <span class='ocrx_word' id='word_1_206' title='bbox 602 2585 701 2634; x_wconf 79' lang='lat' dir='ltr'>cfr.</span> <span class='ocrx_word' id='word_1_207' title='bbox 728 2583 864 2632; x_wconf 74' lang='lat' dir='ltr'>[list.</span> <span class='ocrx_word' id='word_1_208' title='bbox 888 2585 1046 2648; x_wconf 77' lang='lat' dir='ltr'>critiq.</span> <span class='ocrx_word' id='word_1_209' title='bbox 1068 2586 1172 2648; x_wconf 82' lang='lat' dir='ltr'>pag.</span> <span class='ocrx_word' id='word_1_210' title='bbox 1190 2579 1284 2631; x_wconf 83' lang='lat'>351</span> <span class='ocrx_word' id='word_1_211' title='bbox 1373 2583 1485 2630; x_wconf 78' lang='lat' dir='ltr'>crit.</span> <span class='ocrx_word' id='word_1_212' title='bbox 1521 2597 1631 2647; x_wconf 86' lang='lat' dir='ltr'>pag.</span> <span class='ocrx_word' id='word_1_213' title='bbox 1658 2579 1768 2647; x_wconf 84' lang='lat'>139.</span> <span class='ocrx_word' id='word_1_214' title='bbox 1805 2579 2202 2628; x_wconf 88' lang='lat' dir='ltr'>Schleiermacher</span> <span class='ocrx_word' id='word_1_215' title='bbox 2230 2587 2274 2627; x_wconf 87' lang='lat' dir='ltr'>et</span> <span class='ocrx_word' id='word_1_216' title='bbox 2304 2579 2403 2643; x_wconf 84' lang='lat' dir='ltr'>ipse</span> 
     </span>
     <span class='ocr_line' id='line_1_26' title="bbox 259 2660 2402 2739; baseline -0.007 -16"><span class='ocrx_word' id='word_1_217' title='bbox 259 2685 304 2724; x_wconf 87' lang='lat' dir='ltr'>et</span> <span class='ocrx_word' id='word_1_218' title='bbox 334 2691 467 2739; x_wconf 88' lang='lat' dir='ltr'>seqq.</span> <span class='ocrx_word' id='word_1_219' title='bbox 505 2670 627 2720; x_wconf 88' lang='lat' dir='ltr'>Sane</span> <span class='ocrx_word' id='word_1_220' title='bbox 664 2686 836 2735; x_wconf 86' lang='lat' dir='ltr'>paucos</span> <span class='ocrx_word' id='word_1_221' title='bbox 873 2679 980 2716; x_wconf 74' lang='lat' dir='ltr'>ante</span> <span class='ocrx_word' id='word_1_222' title='bbox 1017 2669 1113 2715; x_wconf 89' lang='lat' dir='ltr'>dies</span> <span class='ocrx_word' id='word_1_223' title='bbox 1148 2678 1292 2716; x_wconf 86' lang='lat' dir='ltr'>secta·</span> <span class='ocrx_word' id='word_1_224' title='bbox 1376 2666 1520 2713; x_wconf 86' lang='lat' dir='ltr'>fassus</span> <span class='ocrx_word' id='word_1_225' title='bbox 1561 2675 1656 2722; x_wconf 87' lang='lat' dir='ltr'>est,</span> <span class='ocrx_word' id='word_1_226' title='bbox 1703 2681 1841 2728; x_wconf 85' lang='lat' dir='ltr'>opera</span> <span class='ocrx_word' id='word_1_227' title='bbox 1885 2663 2227 2710; x_wconf 85' lang='lat' dir='ltr'>reformationis</span> <span class='ocrx_word' id='word_1_228' title='bbox 2262 2660 2402 2709; x_wconf 84' lang='lat' dir='ltr'>aedifi-</span> 
     </span>
     <span class='ocr_line' id='line_1_27' title="bbox 261 2745 2398 2821; baseline -0.007 -15"><span class='ocrx_word' id='word_1_229' title='bbox 261 2766 381 2806; x_wconf 72' lang='lat' dir='ltr'>tores</span> <span class='ocrx_word' id='word_1_230' title='bbox 425 2754 729 2821; x_wconf 65' lang='lat' dir='ltr'>philosophiae</span> <span class='ocrx_word' id='word_1_231' title='bbox 782 2752 1031 2817; x_wconf 84' lang='lat' dir='ltr'>hegelianae</span> <span class='ocrx_word' id='word_1_232' title='bbox 1086 2751 1290 2800; x_wconf 88' lang='lat' dir='ltr'>Berolini</span> <span class='ocrx_word' id='word_1_233' title='bbox 1377 2752 1506 2796; x_wconf 82' lang='lat' dir='ltr'>cium</span> <span class='ocrx_word' id='word_1_234' title='bbox 1572 2747 1902 2794; x_wconf 78' lang='lat' dir='ltr'>christianismi</span> <span class='ocrx_word' id='word_1_235' title='bbox 1962 2745 2195 2813; x_wconf 74' lang='lat' dir='ltr'>dilapsum</span> <span class='ocrx_word' id='word_1_236' title='bbox 2260 2758 2356 2791; x_wconf 86' lang='lat' dir='ltr'>esse</span> <span class='ocrx_word' id='word_1_237' title='bbox 2383 2778 2398 2801; x_wconf 92' lang='lat'>,</span> 
     </span>
     <span class='ocr_line' id='line_1_28' title="bbox 262 2825 2400 2906; baseline -0.008 -17"><span class='ocrx_word' id='word_1_238' title='bbox 262 2829 497 2906; x_wconf 79' lang='lat' dir='ltr'>protestati</span> <span class='ocrx_word' id='word_1_239' title='bbox 516 2848 652 2896; x_wconf 86' lang='lat' dir='ltr'>sunt,</span> <span class='ocrx_word' id='word_1_240' title='bbox 676 2845 726 2885; x_wconf 87' lang='lat' dir='ltr'>ut</span> <span class='ocrx_word' id='word_1_241' title='bbox 756 2836 947 2884; x_wconf 87' lang='lat' dir='ltr'>clamori</span> <span class='ocrx_word' id='word_1_242' title='bbox 967 2836 1159 2899; x_wconf 85' lang='lat' dir='ltr'>propriae</span> <span class='ocrx_word' id='word_1_243' title='bbox 1178 2851 1292 2882; x_wconf 89' lang='lat' dir='ltr'>con·</span> <span class='ocrx_word' id='word_1_244' title='bbox 1376 2831 1496 2881; x_wconf 90' lang='lat' dir='ltr'>ibid.</span> <span class='ocrx_word' id='word_1_245' title='bbox 1534 2827 1626 2896; x_wconf 70' lang='lat'>174</span> <span class='ocrx_word' id='word_1_246' title='bbox 1655 2839 1697 2877; x_wconf 90' lang='lat' dir='ltr'>et</span> <span class='ocrx_word' id='word_1_247' title='bbox 1727 2846 1859 2895; x_wconf 87' lang='lat' dir='ltr'>seqq.</span> <span class='ocrx_word' id='word_1_248' title='bbox 1892 2827 2091 2876; x_wconf 88' lang='lat' dir='ltr'>Demum</span> <span class='ocrx_word' id='word_1_249' title='bbox 2129 2827 2229 2875; x_wconf 83' lang='lat' dir='ltr'>aliis</span> <span class='ocrx_word' id='word_1_250' title='bbox 2256 2825 2400 2873; x_wconf 87' lang='lat' dir='ltr'>omis-</span> 
     </span>
     <span class='ocr_line' id='line_1_29' title="bbox 261 2913 2399 2982; baseline -0.009 -9"><span class='ocrx_word' id='word_1_251' title='bbox 261 2925 465 2974; x_wconf 87' lang='lat' dir='ltr'>scientiae</span> <span class='ocrx_word' id='word_1_252' title='bbox 487 2920 807 2970; x_wconf 82' lang='lat' dir='ltr'>satisfacerent</span> <span class='ocrx_word' id='word_1_253' title='bbox 840 2929 884 2967; x_wconf 89' lang='lat' dir='ltr'>et</span> <span class='ocrx_word' id='word_1_254' title='bbox 910 2920 1108 2966; x_wconf 80' lang='lat' dir='ltr'>vitarent</span> <span class='ocrx_word' id='word_1_255' title='bbox 1143 2918 1293 2982; x_wconf 84' lang='lat' dir='ltr'>hypo·</span> <span class='ocrx_word' id='word_1_256' title='bbox 1376 2918 1467 2973; x_wconf 89' lang='lat' dir='ltr'>sis,</span> <span class='ocrx_word' id='word_1_257' title='bbox 1488 2913 1725 2972; x_wconf 78' lang='lat' dir='ltr'>brevitatis</span> <span class='ocrx_word' id='word_1_258' title='bbox 1744 2913 1913 2977; x_wconf 86' lang='lat' dir='ltr'>gratia,</span> <span class='ocrx_word' id='word_1_259' title='bbox 1935 2920 2095 2959; x_wconf 85' lang='lat' dir='ltr'>auctor</span> <span class='ocrx_word' id='word_1_260' title='bbox 2112 2913 2207 2975; x_wconf 87' lang='lat' dir='ltr'>ipse</span> <span class='ocrx_word' id='word_1_261' title='bbox 2222 2944 2236 2967; x_wconf 88' lang='lat'>,</span> <span class='ocrx_word' id='word_1_262' title='bbox 2258 2923 2399 2973; x_wconf 87' lang='lat' dir='ltr'>quem</span> 
     </span>
     <span class='ocr_line' id='line_1_30' title="bbox 264 2992 2402 3066; baseline -0.009 -11"><span class='ocrx_word' id='word_1_263' title='bbox 264 3009 430 3064; x_wconf 88' lang='lat' dir='ltr'>crisin,</span> <span class='ocrx_word' id='word_1_264' title='bbox 470 3023 517 3053; x_wconf 91' lang='lat' dir='ltr'>se</span> <span class='ocrx_word' id='word_1_265' title='bbox 558 3003 684 3052; x_wconf 89' lang='lat' dir='ltr'>nolle</span> <span class='ocrx_word' id='word_1_266' title='bbox 722 3003 939 3066; x_wconf 87' lang='lat' dir='ltr'>deinceps</span> <span class='ocrx_word' id='word_1_267' title='bbox 977 3004 1204 3066; x_wconf 86' lang='lat' dir='ltr'>pertinere</span> <span class='ocrx_word' id='word_1_268' title='bbox 1235 3000 1294 3047; x_wconf 89' lang='lat' dir='ltr'>ad</span> <span class='ocrx_word' id='word_1_269' title='bbox 1378 3014 1496 3061; x_wconf 83' lang='lat' dir='ltr'>saepe</span> <span class='ocrx_word' id='word_1_270' title='bbox 1524 2995 1829 3062; x_wconf 80' lang='lat' dir='ltr'>allegavimus</span> <span class='ocrx_word' id='word_1_271' title='bbox 1856 2994 2054 3043; x_wconf 83' lang='lat' dir='ltr'>historiae</span> <span class='ocrx_word' id='word_1_272' title='bbox 2071 2993 2237 3040; x_wconf 73' lang='lat' dir='ltr'>critIcae</span> <span class='ocrx_word' id='word_1_273' title='bbox 2260 2992 2402 3037; x_wconf 87' lang='lat' dir='ltr'>ratio-</span> 
     </span>
     <span class='ocr_line' id='line_1_31' title="bbox 266 3072 2397 3152; baseline -0.008 -13"><span class='ocrx_word' id='word_1_274' title='bbox 266 3090 409 3139; x_wconf 89' lang='lat' dir='ltr'>ullam</span> <span class='ocrx_word' id='word_1_275' title='bbox 433 3088 699 3152; x_wconf 85' lang='lat' dir='ltr'>religionem</span> <span class='ocrx_word' id='word_1_276' title='bbox 718 3125 731 3145; x_wconf 88' lang='lat'>‚</span> <span class='ocrx_word' id='word_1_277' title='bbox 762 3088 935 3152; x_wconf 87' lang='lat' dir='ltr'>quippe</span> <span class='ocrx_word' id='word_1_278' title='bbox 956 3085 1292 3143; x_wconf 78' lang='lat' dir='ltr'>revelationes,</span> <span class='ocrx_word' id='word_1_279' title='bbox 1378 3077 1564 3126; x_wconf 85' lang='lat' dir='ltr'>nalismi</span> <span class='ocrx_word' id='word_1_280' title='bbox 1590 3114 1603 3136; x_wconf 88' lang='lat'>‚</span> <span class='ocrx_word' id='word_1_281' title='bbox 1646 3095 1747 3142; x_wconf 82' lang='lat' dir='ltr'>pag.</span> <span class='ocrx_word' id='word_1_282' title='bbox 1795 3078 1885 3140; x_wconf 75' lang='grc' dir='ltr'>4οι</span> <span class='ocrx_word' id='word_1_283' title='bbox 1915 3114 1928 3135; x_wconf 85' lang='grc'><em>,</em></span> <span class='ocrx_word' id='word_1_284' title='bbox 1975 3084 2127 3139; x_wconf 82' lang='lat' dir='ltr'>aperte</span> <span class='ocrx_word' id='word_1_285' title='bbox 2174 3072 2335 3119; x_wconf 90' lang='lat' dir='ltr'>scribit</span> <span class='ocrx_word' id='word_1_286' title='bbox 2381 3086 2397 3121; x_wconf 68' lang='grc' dir='ltr'>ε</span> 
     </span>
     <span class='ocr_line' id='line_1_32' title="bbox 266 3152 2402 3239; baseline -0.012 -18"><span class='ocrx_word' id='word_1_287' title='bbox 266 3173 439 3239; x_wconf 86' lang='lat' dir='ltr'>quibus</span> <span class='ocrx_word' id='word_1_288' title='bbox 476 3173 745 3219; x_wconf 82' lang='lat' dir='ltr'>innituntur</span> <span class='ocrx_word' id='word_1_289' title='bbox 795 3169 1040 3233; x_wconf 81' lang='lat' dir='ltr'>religiones</span> <span class='ocrx_word' id='word_1_290' title='bbox 1087 3169 1295 3232; x_wconf 80' lang='lat' dir='ltr'>positivae</span> <span class='ocrx_word' id='word_1_291' title='bbox 1379 3161 1431 3208; x_wconf 86' lang='lat' dir='ltr'>Si</span> <span class='ocrx_word' id='word_1_292' title='bbox 1460 3161 1550 3205; x_wconf 71' lang='lat' dir='ltr'>l&#39;o‘n</span> <span class='ocrx_word' id='word_1_293' title='bbox 1571 3173 1627 3204; x_wconf 80' lang='lat' dir='ltr'>ne</span> <span class='ocrx_word' id='word_1_294' title='bbox 1649 3173 1694 3204; x_wconf 84' lang='lat' dir='ltr'>se</span> <span class='ocrx_word' id='word_1_295' title='bbox 1724 3159 1858 3204; x_wconf 86' lang='lat' dir='ltr'>laisse</span> <span class='ocrx_word' id='word_1_296' title='bbox 1879 3170 1967 3216; x_wconf 78' lang='lat' dir='ltr'>pas</span> <span class='ocrx_word' id='word_1_297' title='bbox 1988 3155 2166 3212; x_wconf 76' lang='lat' dir='ltr'>diriqer</span> <span class='ocrx_word' id='word_1_298' title='bbox 2185 3166 2278 3211; x_wconf 84' lang='lat' dir='ltr'>par</span> <span class='ocrx_word' id='word_1_299' title='bbox 2304 3152 2402 3197; x_wconf 80' lang='lat' dir='ltr'>l&#39;es-</span> 
     </span>
     <span class='ocr_line' id='line_1_33' title="bbox 268 3238 2401 3320; baseline -0.012 -16"><span class='ocrx_word' id='word_1_300' title='bbox 268 3255 578 3320; x_wconf 76' lang='lat' dir='ltr'>(historicae),</span> <span class='ocrx_word' id='word_1_301' title='bbox 606 3271 703 3301; x_wconf 89' lang='lat' dir='ltr'>non</span> <span class='ocrx_word' id='word_1_302' title='bbox 730 3261 840 3300; x_wconf 87' lang='lat' dir='ltr'>sunt</span> <span class='ocrx_word' id='word_1_303' title='bbox 863 3253 950 3298; x_wconf 87' lang='lat' dir='ltr'>nisi</span> <span class='ocrx_word' id='word_1_304' title='bbox 985 3250 1167 3298; x_wconf 82' lang='lat' dir='ltr'>sabulae.</span> <span class='ocrx_word' id='word_1_305' title='bbox 1192 3248 1293 3296; x_wconf 79' lang='lat' dir='ltr'>cfr.</span> <span class='ocrx_word' id='word_1_306' title='bbox 1376 3246 1479 3304; x_wconf 69' lang='lat' dir='ltr'>prii</span> <span class='ocrx_word' id='word_1_307' title='bbox 1497 3246 1550 3289; x_wconf 87' lang='lat' dir='ltr'>de</span> <span class='ocrx_word' id='word_1_308' title='bbox 1570 3245 1726 3303; x_wconf 81' lang='lat' dir='ltr'>parti,</span> <span class='ocrx_word' id='word_1_309' title='bbox 1750 3256 1810 3287; x_wconf 80' lang='grc' dir='ltr'>οη</span> <span class='ocrx_word' id='word_1_310' title='bbox 1832 3241 2023 3296; x_wconf 78' lang='lat' dir='ltr'>confesse</span> <span class='ocrx_word' id='word_1_311' title='bbox 2043 3238 2291 3296; x_wconf 74' lang='lat' dir='ltr'>e&#39;qalement</span> <span class='ocrx_word' id='word_1_312' title='bbox 2315 3249 2401 3294; x_wconf 78' lang='lat' dir='ltr'>que</span> 
     </span>
     <span class='ocr_line' id='line_1_34' title="bbox 269 3318 2407 3402; baseline -0.01 -16"><span class='ocrx_word' id='word_1_313' title='bbox 269 3339 399 3389; x_wconf 86' lang='lat' dir='ltr'>Ami</span> <span class='ocrx_word' id='word_1_314' title='bbox 420 3337 477 3384; x_wconf 85' lang='lat' dir='ltr'>de</span> <span class='ocrx_word' id='word_1_315' title='bbox 500 3336 548 3385; x_wconf 88' lang='lat' dir='ltr'>la</span> <span class='ocrx_word' id='word_1_316' title='bbox 567 3335 722 3402; x_wconf 77' lang='lat' dir='ltr'>Reliq.</span> <span class='ocrx_word' id='word_1_317' title='bbox 739 3335 766 3384; x_wconf 88' lang='lat' dir='ltr'>J</span> <span class='ocrx_word' id='word_1_318' title='bbox 773 3335 875 3384; x_wconf 85' lang='lat' dir='ltr'>uill.</span> <span class='ocrx_word' id='word_1_319' title='bbox 902 3331 1028 3397; x_wconf 65' lang='lat'>1842</span> <span class='ocrx_word' id='word_1_320' title='bbox 1045 3371 1060 3395; x_wconf 92' lang='lat'>,</span> <span class='ocrx_word' id='word_1_321' title='bbox 1087 3329 1191 3399; x_wconf 79' lang='lat' dir='ltr'>pag.</span> <span class='ocrx_word' id='word_1_322' title='bbox 1210 3328 1296 3399; x_wconf 90' lang='lat'>89.</span> <span class='ocrx_word' id='word_1_323' title='bbox 1383 3331 1430 3375; x_wconf 90' lang='lat' dir='ltr'>la</span> <span class='ocrx_word' id='word_1_324' title='bbox 1451 3329 1673 3387; x_wconf 75' lang='lat' dir='ltr'>reliqion,</span> <span class='ocrx_word' id='word_1_325' title='bbox 1696 3326 1794 3371; x_wconf 80' lang='lat' dir='ltr'>telle</span> <span class='ocrx_word' id='word_1_326' title='bbox 1809 3337 1894 3382; x_wconf 81' lang='lat' dir='ltr'>que</span> <span class='ocrx_word' id='word_1_327' title='bbox 1911 3318 1973 3366; x_wconf 85' lang='lat' dir='ltr'>les&#39;</span> <span class='ocrx_word' id='word_1_328' title='bbox 1987 3321 2307 3366; x_wconf 79' lang='lat' dir='ltr'>rationalistes</span> <span class='ocrx_word' id='word_1_329' title='bbox 2326 3323 2407 3364; x_wconf 76' lang='lat' dir='ltr'>ont</span> 
     </span>
     <span class='ocr_line' id='line_1_35' title="bbox 340 3403 2407 3484; baseline -0.01 -17"><span class='ocrx_word' id='word_1_330' title='bbox 340 3419 407 3484; x_wconf 94' lang='lat' dir='ltr'>(l)</span> <span class='ocrx_word' id='word_1_331' title='bbox 447 3419 546 3467; x_wconf 89' lang='lat' dir='ltr'>Hoc</span> <span class='ocrx_word' id='word_1_332' title='bbox 570 3421 725 3484; x_wconf 89' lang='lat' dir='ltr'>ipsum</span> <span class='ocrx_word' id='word_1_333' title='bbox 758 3419 863 3466; x_wconf 85' lang='lat' dir='ltr'>fassi</span> <span class='ocrx_word' id='word_1_334' title='bbox 900 3426 1010 3465; x_wconf 87' lang='lat' dir='ltr'>sunt</span> <span class='ocrx_word' id='word_1_335' title='bbox 1036 3434 1133 3465; x_wconf 89' lang='lat' dir='ltr'>non</span> <span class='ocrx_word' id='word_1_336' title='bbox 1163 3418 1297 3480; x_wconf 87' lang='lat' dir='ltr'>pauci</span> <span class='ocrx_word' id='word_1_337' title='bbox 1382 3412 1524 3458; x_wconf 83' lang='lat' dir='ltr'>voulu</span> <span class='ocrx_word' id='word_1_338' title='bbox 1559 3412 1606 3455; x_wconf 87' lang='lat' dir='ltr'>la</span> <span class='ocrx_word' id='word_1_339' title='bbox 1635 3419 1871 3454; x_wconf 79' lang='lat' dir='ltr'>conserver</span> <span class='ocrx_word' id='word_1_340' title='bbox 1899 3418 1959 3449; x_wconf 83' lang='lat' dir='ltr'>ou</span> <span class='ocrx_word' id='word_1_341' title='bbox 1987 3403 2206 3460; x_wconf 79' lang='lat' dir='ltr'>re&#39;tablir,</span> <span class='ocrx_word' id='word_1_342' title='bbox 2243 3404 2407 3448; x_wconf 67' lang='lat' dir='ltr'>w&#39;e&#39;tait</span> 
     </span>
     <span class='ocr_line' id='line_1_36' title="bbox 271 3486 2410 3571; baseline -0.01 -19"><span class='ocrx_word' id='word_1_343' title='bbox 271 3507 577 3571; x_wconf 75' lang='lat' dir='ltr'>protestantes</span> <span class='ocrx_word' id='word_1_344' title='bbox 598 3538 610 3560; x_wconf 90' lang='lat'>,</span> <span class='ocrx_word' id='word_1_345' title='bbox 652 3504 719 3549; x_wconf 80' lang='lat' dir='ltr'>uti</span> <span class='ocrx_word' id='word_1_346' title='bbox 747 3500 925 3550; x_wconf 81' lang='lat' dir='ltr'>Semler</span> <span class='ocrx_word' id='word_1_347' title='bbox 941 3537 955 3559; x_wconf 94' lang='lat'><strong>‚</strong></span> <span class='ocrx_word' id='word_1_348' title='bbox 991 3500 1073 3565; x_wconf 88' lang='lat' dir='ltr'>qui</span> <span class='ocrx_word' id='word_1_349' title='bbox 1104 3498 1310 3546; x_wconf 79' lang='lat' dir='ltr'>declara-</span> <span class='ocrx_word' id='word_1_350' title='bbox 1389 3489 1815 3553; x_wconf 78' lang='lat' dir='ltr'>pasmemel&#39;ombre</span> <span class='ocrx_word' id='word_1_351' title='bbox 1831 3487 1895 3531; x_wconf 85' lang='lat' dir='ltr'>du</span> <span class='ocrx_word' id='word_1_352' title='bbox 1911 3487 2256 3532; x_wconf 80' lang='lat' dir='ltr'>christianisme</span> <span class='ocrx_word' id='word_1_353' title='bbox 2270 3486 2410 3532; x_wconf 75' lang='grc' dir='ltr'><strong><em>έυαπ-</em></strong></span> 
     </span>
     <span class='ocr_line' id='line_1_37' title="bbox 272 3571 1971 3647; baseline -0.007 -10"><span class='ocrx_word' id='word_1_354' title='bbox 272 3589 353 3637; x_wconf 87' lang='lat' dir='ltr'>bat</span> <span class='ocrx_word' id='word_1_355' title='bbox 371 3626 386 3647; x_wconf 86' lang='lat'><strong>‚</strong></span> <span class='ocrx_word' id='word_1_356' title='bbox 419 3586 776 3645; x_wconf 83' lang='lat' dir='ltr'>reformatores,</span> <span class='ocrx_word' id='word_1_357' title='bbox 810 3585 925 3633; x_wconf 89' lang='lat' dir='ltr'>dum</span> <span class='ocrx_word' id='word_1_358' title='bbox 958 3583 1114 3632; x_wconf 85' lang='lat' dir='ltr'>ideam</span> <span class='ocrx_word' id='word_1_359' title='bbox 1144 3580 1310 3631; x_wconf 86' lang='lat' dir='ltr'>Eccle-</span> <span class='ocrx_word' id='word_1_360' title='bbox 1391 3577 1566 3636; x_wconf 68' lang='lat' dir='ltr'>ye&#39;lt&#39;quss</span> <span class='ocrx_word' id='word_1_361' title='bbox 1585 3578 1629 3619; x_wconf 66' lang='lat'>0⁶</span> <span class='ocrx_word' id='word_1_362' title='bbox 1652 3571 1971 3618; x_wconf 66' lang='lat' dir='ltr'>lffldiliOnnel·</span> 
     </span>
     <span class='ocr_line' id='line_1_38' title="bbox 275 3665 1309 3727; baseline -0.008 -6"><span class='ocrx_word' id='word_1_363' title='bbox 275 3674 353 3721; x_wconf 79' lang='lat' dir='ltr'>siae</span> <span class='ocrx_word' id='word_1_364' title='bbox 368 3671 576 3721; x_wconf 86' lang='lat' dir='ltr'>docentis</span> <span class='ocrx_word' id='word_1_365' title='bbox 604 3667 957 3727; x_wconf 83' lang='lat' dir='ltr'>destruxerunt,</span> <span class='ocrx_word' id='word_1_366' title='bbox 987 3668 1145 3716; x_wconf 87' lang='lat' dir='ltr'>ruinas</span> <span class='ocrx_word' id='word_1_367' title='bbox 1160 3665 1309 3715; x_wconf 86' lang='lat' dir='ltr'>maxi-</span> 
     </span>
    </p>
   </div>
  </div>
 </body>
</html>
