2502 4134
389 115 544 154 ΠΜ.
594 115 680 151 111.
726 114 879 152 snc‘r.
929 117 969 152 1.
1016 116 1141 173 car.
1190 114 1277 151 111.
1328 114 1395 151 nn
1439 112 1567 150 aar.
1612 112 1739 150 rosi
1782 115 1891 153 rin.
2076 95 2189 153 561

92 268 228 318 sunt
249 301 264 331 ,
290 276 355 314 ac
374 254 548 337 plane
572 254 772 314 traditi
798 266 858 315 et
876 255 987 336 ipsi
1001 257 1066 315 in
1081 252 1370 315 desideria
1385 251 1572 314 cordis
1591 274 1794 314 eorum
1810 299 1827 329 ,
1852 264 1920 313 ut
1946 253 2159 315 faciant
2176 302 2192 331 .,

91 371 215 434 quae
248 372 368 409 non
401 351 758 410 conveniunt
780 352 894 430 (1).

901 528 1382 589 ῡιΕΕιουιΤΑΤΕε.

172 687 311 746 326.
361 686 490 765 Obj.
535 687 597 744 10
638 685 795 746 Adeo
831 686 1115 765 genuinus
1158 685 1667 767 protestantismus
1712 684 1785 743 ab
1830 685 1990 744 omni
2027 686 2200 744 ratio-

87 781 317 840 nalismi
355 780 487 841 labe
527 780 746 840 alienus
785 791 907 855 est,
950 791 1015 839 ut
1064 779 1137 839 ab
1175 791 1307 859 ortu
1349 801 1451 838 suo
1488 772 1931 860 philosophiam=
1957 768 2229 840 omnem*

88 879 440 958 om'nemque
488 876 726 934 rationis
765 897 932 933 usum
982 897 1014 933 a
1051 875 1367 934 eluistiana
1417 873 1713 954 Religione
1765 874 2198 949 eliminaverit

86 981 261 1052 atque
296 971 645 1031 etiamnum.
666 969 1134 1029 rationalismum
1187 969 1370 1029 veluti
1405 967 1516 1033 sihi
1565 979 1908 1027 extraneum
1956 968 2198 1029 validis-

85 1065 229 1124 sime
275 1077 587 1147 oppugnet.
625 1067 693 1123 20
729 1065 945 1147 Scopus
983 1075 1043 1122 et
1081 1063 1375 1142 objectum
1418 1063 1847 1122 reformationis
1884 1063 2042 1122 haud
2087 1064 2197 1122 fuit

82 1160 502 1220 destructionis
534 1161 638 1219 sed
665 1163 1068 1240 epurationis
1103 1158 1409 1217 Ecclesiam
1443 1155 1657 1216 scilicet
1687 1156 1973 1228 liberandi
2003 1180 2034 1217 a
2056 1180 2204 1240 pon-

83 1255 254 1312 tificia
304 1255 634 1336 tyrannide.
665 1253 953 1335 foedisque
1009 1252 1320 1327 abusibuS,
1363 1252 1462 1333 qui
1505 1273 1578 1310 ex
1613 1251 1711 1310 illa
1750 1265 2203 1334 promanarant..

83 1348 175 1407 30.
200 1351 569 1432 Quapropter
617 1372 738 1409 non
788 1348 1123 1410 libertatem
1182 1347 1509 1407 absolutam
1558 1369 1624 1406 ac
1674 1347 2200 1430 independentiam

77 1443 508 1523 proclamavit,
554 1442 655 1501 sed
691 1441 862 1500 illam
895 1442 1116 1514 solam
1157 1464 1270 1523 qua
1328 1442 1644 1500 Christiani
1685 1442 1758 1501 ab
1796 1455 2071 1549 usurpata
2102 1443 2200 1503 illa

76 1536 474 1595 dominatione
503 1537 891 1618 eriperentur.
938 1534 1002 1592 40
1038 1487 1189 1592 Hinc
1245 1534 1507 1614 regulam
1544 1535 1682 1594 fidei
1722 1539 2087 1617 proximam,
2124 1540 2201 1599 ad
2245 1556 2250 1563 ·

76 1653 252 1712 quam
285 1631 556 1711 dogmata
579 1631 772 1689 omnia
809 1630 955 1709 exigi
986 1628 1165 1688 debe1
1168 1640 1303 1703 ent
1310 1582 1643 1688 UEcclesiam
1667 1631 1844 1688 trium
1873 1642 2199 1738 quatuorve

75 1726 338 1806 priorum
374 1725 697 1784 seculorum
735 1725 1244 1806 protestantismus
1286 1725 1607 1783 constituit.
1638 1725 1704 1781 5⁰
1733 1726 1787 1784 Si
1815 1728 1914 1806 qui
1952 1723 2198 1807 proinde

75 1820 360 1879 liberioris
397 1821 611 1900 ingenii
645 1820 913 1878 homines
953 1821 1014 1876 in
1051 1819 1182 1877 sinu
1233 1819 1700 1900 protestantismi
1747 1820 2195 1882 insurrexerunt

73 1916 348 1977 adversus
383 1914 715 1995 symbolum
753 1924 1136 1994 augustanum
1160 1958 1175 1986 ,
1216 1912 1277 1970 hi
1314 1912 1684 1973 desciverunt
1707 1913 1880 1996 plane
1921 1937 1953 1974 a
1993 1927 2195 1997 prote-

72 2011 363 2068 stantismi
393 2006 592 2068 indole
617 2020 676 2067 et
701 2006 1115 2067 constitutione
1135 2054 1150 2081 ‚
1188 2007 1432 2089 perinde
1457 2029 1522 2066 ac
1550 2007 1876 2068 desciscunt
1910 2010 2191 2070 Catholici

71 2103 191 2177 illi,
252 2105 350 2185 qui
399 2089 458 2161 in
503 2103 748 2162 Ecclesia
805 2103 1101 2187 pontificia
1151 2102 1498 2161 adoriuntur
1541 2103 1854 2178 articu103.,
1904 2126 2050 2186 quos
2087 2106 2190 2177 illa

73 2199 399 2278 profitetur.
425 2193 507 2256 '6⁰
539 2201 656 2258 Nec
694 2197 919 2272 obstat,
975 2197 1288 2256 nonnullas
1331 2199 1484 2258 inter
1523 2199 1958 2259 communiones
1986 2214 2189 2282 prote-

72 2303 290 2351 stantes
305 2291 626 2353 identidem
649 2295 799 2352 circa
818 2292 1148 2373 symbolum
1170 2293 1521 2352 mutationes
1540 2294 1871 2372 contigisse3
1900 2294 1988 2354 11ae
2003 2295 2154 2377 siqui
2172 2337 2190 2345 -

73 2387 208 2448 dem
246 2388 625 2447 accidentales
657 2399 830 2462 sunt,
878 2409 986 2448 nec
1028 2387 1148 2446 ullo
1188 2390 1361 2446 modo
1399 2387 1532 2446 fidei
1568 2388 1966 2464 substantiam*
1992 2391 2182 2449 attin-

72 2493 237 2562 gunt.
281 2482 350 2540 70
382 2484 569 2556 Quam
606 2504 744 2543 vero
778 2482 1027 2542 absurda
1071 2483 1145 2541 sit
1176 2482 1463 2542 conclusio
1502 2484 1822 2565 praestituta
1846 2529 1861 2557 ,
1908 2488 1965 2543 si
2006 2505 2183 2545 verus

70 2588 153 2634 est
173 2581 726 2656 protestantismus,
747 2581 981 2656 falsum
1013 2600 1129 2637 esse
1163 2579 1724 2650 christianismum,
1755 2578 1891 2638 inde
1916 2592 2181 2662 apparet,

72 2671 230 2751 quod
257 2671 461 2730 eadem
491 2671 651 2732 facile
673 2673 991 2767 intorqueri
1018 2673 1297 2733 adversus
1336 2672 1639 2732 Ecclesiam
1666 2665 2021 2755 pontificiam
2044 2697 2185 2757 pos-

70 2777 192 2838 set·
225 2766 471 2825 Ecclesia
494 2768 786 2847 pontificia
810 2779 898 2826 tot
921 2778 1142 2826 ceteros
1174 2768 1330 2826 inter
1361 2789 1584 2827 errores
1607 2768 1787 2827 docet
1791 2767 2181 2829 idololatriam

38 2863 130 2918 'in
168 2860 326 2918 cultu
368 2864 740 2936 Sanctorum,
784 2873 1025 2922 evacuat
1062 2883 1291 2921 crucem
1337 2862 1550 2921 Christi
1600 2885 1706 2944 per
1757 2863 2028 2942 dogmata
2078 2886 2180 2924 sua

69 2955 142 3013 de
184 2957 523 3016 necessitate
572 2956 860 3016 honorum
889 2979 1166 3038 operum,
1200 2957 1638 3031 satisfactionis
1666 2958 1936 3016 Sacrificii
1968 2959 2177 3034 missae,

71 3059 201 3107 etc.-
166 3094 202 3122 ,
257 3071 425 3130 ergo
471 3055 527 3109 si
563 3073 701 3110 vera
744 3062 827 3110 est
874 3053 1145 3111 Ecclesia
1179 3053 1495 3132 pontificia
1529 3056 1726 3131 falsus
1767 3065 1849 3111 est
1895 3059 2183 3114 christia-

141 3267 210 3330 (l)
249 3267 365 3315 Sane
381 3264 608 3319 Steinbart
629 3289 746 3318 unus
766 3289 819 3319 ex
843 3274 952 3336 ipsis
972 3289 1083 3320 con·
1165 3273 1218 3320 in
1252 3273 1324 3321 his
1349 3274 1481 3320 terris
1509 3273 1688 3320 homini
1722 3273 1868 3320 facere
1887 3310 1899 3332 ,
1940 3285 2048 3320 nam
2079 3284 2183 3321 ante

73 3348 315 3409 eludebat,
342 3348 623 3414 Religionem
653 3354 948 3401 christianam
974 3370 1082 3401 cum
1166 3357 1341 3403 omnia.
1369 3355 1535 3402 sevzsui
1580 3353 1710 3402 debet
1731 3345 1735 3355 ’
1756 3354 1986 3417 satisfieri
2002 3390 2017 3415 ‚
2069 3357 2180 3420 qnia

72 3431 234 3479 similis
259 3434 316 3479 sit
346 3431 474 3479 alteri
499 3435 776 3501 cuicumque
806 3437 1083 3491 institutioni
1164 3435 1263 3484 sola
1291 3435 1506 3501 voluptas
1539 3453 1643 3485 vere
1666 3454 1718 3485 ea
1745 3447 1836 3494 est,
1871 3453 1973 3503 quae
2001 3453 2180 3485 accom-

72 3517 392 3577 (paganismo‚
421 3516 704 3580 islamismo'‚
734 3519 883 3582 etc.)‚
918 3519 1083 3580 utha·
1169 3517 1352 3566 modata
1390 3520 1447 3565 sit
1492 3519 1669 3567 miserae
1708 3518 2008 3567 humanitati.
2056 3516 2178 3566 lbid.

74 3595 180 3643 beat
197 3595 400 3661 aliquem
430 3597 656 3659 valorem,
676 3600 841 3649 debere
856 3601 1079 3666 gaudium
1169 3618 1269 3665 pag.
1305 3596 1424 3662 442.

156 3678 217 3735 Τ.
264 3680 360 3735 ΙΧ.
1866 3676 1942 3736 36
