2502 4134
418 138 578 176 PAR'r.
619 140 685 176 11.
734 138 863 176 GAP.
908 139 973 175 11.
1025 139 1091 175 ΒΕ
1138 138 1322 177 nlvm.
1370 141 1503 176 Can.
1554 136 1694 178 LIBR.
1743 142 1945 179 msmn.
2167 123 2243 182 87

131 279 388 338 haereant
411 287 642 359 oportet
670 278 734 336 in
766 299 829 336 re
864 288 983 336 tam
1008 279 1171 357 gravi
1191 323 1207 350 ‚
1234 289 1409 360 prout
1445 300 1515 337 ex
1544 280 1805 360 ipsorum
1840 281 2245 363 experimento

128 373 254 432 fieri
276 373 592 432 certissime
614 383 857 432 constat.
884 373 1111 431 Etenim
1131 418 1146 440 .,
1172 383 1235 431 ut
1257 371 1486 432 silentio
1509 385 1919 455 praetereamus
1937 377 2243 438 varietates

124 467 497 548 antiquorum
523 467 978 526 protestantium
1002 468 1147 525 circa
1171 467 1615 548 inspirationem
1644 470 2003 549 singulorum
2038 471 2235 531 Libro-

126 584 258 620 rum
288 573 415 619 tum
448 563 665 620 Veteris
703 573 828 620 tum
857 563 1004 622 Novi
1034 561 1390 620 Testamenti
1425 561 1516 641 (l)
1537 607 1552 635 .,
1583 566 1708 639 jam
1743 564 2075 640 innuimuS.,
2110 566 2238 648 ple-

126 678 334 737 rosque
372 657 720 715 recentiores
744 659 1138 716 protestantes
1175 667 1306 737 post
1329 656 1581 715 Tollneri
1625 679 1690 715 ac
1711 658 1953 718 Semleri
1975 660 2239 721 lucubra-

126 752 311 809 tiones
334 765 572 810 omnem
594 773 827 834 prorsus
852 752 1296 834 inspirationem
1320 767 1517 832 'presse
1543 764 1841 834 acceptam
1865 756 2099 831 rejicere
2125 757 2235 835 (2).

126 846 567 928 Chillingworth
619 847 1130 923 animadvertenS‚
1174 868 1365 929 neque
1402 869 1475 906 ex
1517 846 1713 907 Bibliis
1761 849 1899 930 ipsis
1940 870 2129 930 neque
2169 873 2238 910 ex

124 942 436 1002 traditione
476 954 738 1002 constare
778 942 1222 1022 inspirationem
1259 963 1463 1023 posse,
1513 941 1810 1002 concludit
1838 988 1854 1017 .,
1905 942 2084 1001 Biblia
2119 966 2238 1004 non

125 1058 247 1096 esse
286 1037 576 1117 obJectum
622 1036 791 1109 fidei,
840 1055 1122 1116 posseque
1162 1035 1415 1093 obtineri
1469 1035 1716 1095 salutem
1745 1081 1761 1111 2
1809 1037 2076 1119 quamvis
2117 1060 2237 1097 non

124 1132 393 1192 credatur
423 1134 484 1191 in
513 1131 653 1212 ipsis
692 1128 941 1189 verbum
985 1130 1091 1187 Dei
1132 1128 1419 1187 contineri
1467 1128 1578 1209 (3).
1610 1131 1832 1190 Recens
1863 1143 2063 1190 auctor
2100 1155 2232 1214 pro-

125 1239 343 1287 testans
362 1271 378 1299 ‚
414 1223 718 1307 appellans
744 1222 819 1282 ad
845 1221 1144 1302 theologos
1172 1232 1564 1303 protestantes
1590 1227 2021 1310 praestantiores
2042 1272 2057 1299 .,
2087 1228 2236 1287 affir-

122 1323 283 1380 mare
304 1342 424 1378 non
443 1319 704 1389 dubitat,
725 1317 882 1400 quod
906 1321 1229 1398 inspiratio
1248 1339 1435 1378 sacroe
1460 1320 1796 1398 Scripturae
1823 1324 1903 1380 sit
1920 1323 2206 1381 chimaera
2215 1344 2237 1390 ,·

119 1417 281 1495 quod
308 1416 519 1475 Biblia
552 1414 914 1496 (praesertim
945 1434 1086 1474 vero
1115 1415 1346 1472 Novum
1377 1415 1814 1474 Testamentum
1831 1461 1853 1491 ..,
1880 1416 1991 1475 hoc
2024 1417 2240 1477 scilicet

122 1509 484 1570 obstaculum
502 1555 518 1585 ,
544 1521 609 1568 ut
627 1509 750 1591 ipse
774 1508 1033 1590 loquitur
1049 1553 1065 1583 .,
1091 1507 1248 1589 quod
1272 1530 1641 1590 progressum
1666 1508 1959 1570 luminum
1985 1513 2237 1571 maxime

119 1606 366 1688 impedit
385 1651 401 1681 ,
429 1616 632 1687 utpote
657 1604 813 1687 quod
836 1604 1049 1663 nostris
1075 1602 1436 1685 temporibus
1458 1605 1960 1665 accommodatum
1978 1630 2103 1683 *non
2123 1607 2236 1686 sit)

119 1704 378 1760 evadant
404 1700 658 1760 inutilia
697 1700 804 1781 (4).
839 1702 1047 1779 Magna
1077 1697 1264 1757 adhuc
1315 1699 1472 1780 apud
1514 1701 1906 1763 protestantes
1946 1702 2133 1762 fervet
2165 1701 2236 1760 lis

120 1797 274 1856 inter
321 1798 723 1856 naturalistas
770 1805 1136 1875 nuncupatos
1192 1803 1252 1853 et
1298 1799 1875 1873 siepernaturalistas
1904 1841 1919 1867 ,
1987 1818 2234 1877 quorum

119 1892 342 1974 priores
383 1892 722 1950 inficiantur
741 1935 756 1965 7
793 1893 976 1948 Deum
1016 1890 1371 1947 immediata
1392 1934 1409 1964 7
1434 1900 1500 1947 ut
1523 1889 1871 1970 loquuntur,
1900 1892 2235 1972 operatione

119 1997 179 2046 et
221 1987 466 2046 efficacia
503 1985 828 2048 doctrinam
864 2006 1029 2044 suam
1064 1984 1496 2060 manifestasse,
1535 2006 1889 2067 omnemque
1925 1996 2245 2067 propterea·

120 2082 506 2164 inspirationis
551 2082 798 2164 propriae
845 2081 1013 2140 dictae
1050 2080 1358 2140 notionem
1402 2090 1531 2138 tum
1576 2079 1650 2139 ab
1689 2080 2017 2139 auctoribus
2058 2081 2232 2139 sacris

124 2186 250 2234 tum
290 2175 364 2235 ab
404 2198 609 2236 eorum
651 2175 815 2235 libris
857 2174 1188 2257 repellunt3
1237 2174 1775 2256 supernaturalistae
1808 2196 1840 2236 e
1871 2186 2073 2234 contra
2103 2196 2233 2235 eam

193 2441 259 2506 (l)
297 2443 358 2492 Ut
404 2446 634 2508 specimen
675 2446 927 2494 habeamus
971 2446 1134 2493 harum

123 2527 426 2573 variationem
450 2563 462 2585 ‚
506 2530 611 2575 satis
647 2538 713 2576 est
743 2528 1101 2575 animadvertere
1121 2551 1134 2574 9

123 2609 402 2671 antiquiores
428 2607 733 2656 protestantes
764 2611 986 2657 acerrime
1026 2611 1136 2656 θεο-

125 2686 380 2737 πνευστειάιν
428 2706 508 2737 seu
546 2690 747 2747 divinam
787 2691 1133 2754 inspirationem

123 2780 397 2834 punctorum
414 2788 741 2835 propugnasse3
763 2790 876 2836 quos
891 2773 1008 2818 inter
1025 2773 1133 2818 emi-

124 2861 236 2899 nent
258 2851 481 2900 Buxtorfii
504 2862 630 2917 pater
646 2863 688 2900 et
707 2851 831 2901 filius
846 2890 858 2913 ‚
894 2852 1133 2901 academiae

125 2930 394 2982 Basileensis
413 2934 708 2999 professores.
730 2935 993 2983 Buxtorfius
1012 2935 1133 2982 filius

127 3015 266 3063 edidit
302 3023 458 3065 contra
494 3016 614 3066 Lud.
647 3017 919 3083 Cappellum
948 3017 1133 3065 Salma-

129 3095 322 3145 riensem
350 3136 363 3158 ‚
417 3100 498 3164 qui
541 3102 816 3148 contrariam
867 3099 1135 3148 defenderat

131 3182 398 3227 sententiam
417 3217 430 3241 ,
466 3190 710 3228 tractatum
735 3181 812 3229 De
839 3190 1134 3246 punctorum

133 3259 361 3308 vocalium
390 3270 433 3308 et
449 3271 727 3310 accentuum
754 3264 942 3327 oriqine
959 3297 972 3319 ‚
1004 3263 1135 3308 anti-

134 3339 304 3399 quitate
320 3351 363 3390 et
381 3345 657 3391 auctoritate
669 3378 684 3405 ‚
707 3342 844 3393 Basil.
871 3341 997 3405 1648
1013 3360 1026 3406 ;
1045 3361 1137 3408 quo

138 3418 255 3467 facto
270 3423 466 3472 eeclesiae
479 3420 718 3474 Helveticae
731 3463 743 3486 ‚
761 3429 810 3474 in
824 3427 977 3480 addita
987 3435 1140 3473 mento

1224 2446 1430 2510 Cappelli
1467 2446 1638 2494 librum
1672 2456 1716 2493 et
1749 2450 2023 2496 sententiam
2051 2448 2234 2512 publice

1222 2527 1519 2575 damnarunt.
1543 2525 1676 2591 Apud
1705 2526 2026 2592 Wegscheider
2043 2565 2055 2587 ‚
2083 2527 2108 2593 S
2134 2526 2193 2590 41
2215 2563 2230 2587 ,

1221 2616 1321 2656 not.
1351 2608 1452 2670 (m).
1485 2607 1620 2655 Nunc
1654 2624 1759 2656 vero
1796 2627 1922 2657 rarus
1949 2612 2047 2675 jam
2079 2619 2146 2657 est
2178 2626 2232 2656 ex

1219 2689 1481 2737 auctoribus
1507 2691 1860 2753 protestantibus
1878 2728 1890 2749 ‚
1910 2693 1995 2755 >qui
2013 2707 2232 2755 superna-

1219 2771 1413 2819 turalem
1448 2772 1794 2835 inspirationem
1825 2769 2056 2819 admittat.

1285 2851 1354 2915 (2)
1392 2851 1491 2899 Cfr.
1521 2854 1727 2916 superius
1759 2851 1902 2901 dicta.
2036 2841 2038 2843 Ι

1287 2934 1349 2999 (3)
1388 2934 1520 2999 Apud
1572 2934 1782 3003 Gregoire
1809 2972 1823 2996 ,
1882 2934 2104 2983 Histoire
2151 2932 2233 2981 des

1220 3025 1360 3064 sactes
1379 3016 1677 3081 reliqieuses‚
1700 3016 1822 3065 Paris
1846 3015 1972 3083 1829
1987 3053 1998 3072 ‚
2021 3026 2136 3064 tom.
2155 3030 2228 3076 iv,

1223 3097 1387 3163 quise
1417 3096 1701 3162 anylicane,
1749 3098 1828 3146 ch.
1860 3115 1902 3146 ix
1923 3135 1934 3156 ‚
1976 3114 2080 3162 pag.
2112 3094 2230 3160 434.

1293 3179 1359 3243 (li)
1396 3177 1460 3226 Ita
1479 3190 1601 3227 auct.
1619 3196 1744 3244 oper.
1764 3182 1838 3227 cui
1867 3178 1941 3227 tit.
1963 3178 2229 3226 Nouveauoe

1227 3260 1539 3326 Aphorismes
1586 3277 1651 3308 au
1691 3260 1908 3308 tombeau
1947 3260 2003 3307 de
2028 3259 2075 3307 la
2106 3259 2233 3306 theo-

1226 3341 1374 3406 loqie,
1411 3340 1595 3389 Geneve
1654 3338 1797 3409 28⁰¹·
1845 3341 1940 3390 Csr.
1971 3357 2084 3405 opus
2114 3356 2128 3388 ε
2165 3339 2235 3386 Le

1228 3424 1445 3470 ministre
1484 3430 1742 3487 protestavit
1780 3439 1881 3470 aux
1919 3423 2075 3489 prises
2122 3435 2233 3467 aveo

137 3499 194 3547 ad
231 3501 369 3578 libros
405 3493 710 3572 symbolicos,
751 3508 876 3574 quod
900 3505 1146 3556 Formuloe
1232 3503 1504 3564 lui-meme,
1541 3504 1670 3568 Lyon
1704 3502 2134 3571 1836,cinquieme
2149 3517 2236 3549 en-

140 3597 390 3632 oomemus
427 3591 614 3640 nomine
650 3591 935 3656 appellatur,
975 3587 1002 3655 g
1034 3604 1091 3637 21
1115 3623 1129 3647 ο

1217 3589 1380 3636 tretien
1395 3621 1411 3648 ,
1431 3576 1535 3652 pagi
1548 3582 1631 3652 47.
