2502 4134
2180 132 2259 191 59

434 167 594 205 PAR'r.
630 163 692 203 11.
740 163 864 202 GAP.
912 162 975 201 11.
1025 161 1092 198 DE
1137 158 1316 199 mvm.
1366 157 1495 196 CAN.
1548 157 1689 197 una.
1735 157 1945 195 INSPIR.

140 311 242 374 illa
275 308 671 391 inspirationis
703 306 977 380 notione,
1017 315 1085 363 ut
1119 324 1250 364 eam
1284 299 1530 361 tandem
1559 301 1680 363 fere
1715 301 1791 361 ad
1826 300 2078 360 nihilum
2109 295 2263 356 redi-

142 417 298 488 gant.
337 404 567 464 Etenim
601 401 866 485 plerique
906 400 979 460 ad
1017 398 1466 482 inspirationem
1497 396 1803 478 postulant
1840 396 2167 455 motionem
2199 412 2265 450 ac

142 503 593 570 adsistentiam‚
644 519 824 579 quam
870 507 1082 556 vocant
1110 541 1126 570 a
1186 493 1432 576 Spiritus
1479 492 1675 550 Sancti
1716 492 1909 573 quoad
1953 512 2047 550 res
2091 499 2266 569 atque

145 595 467 656 sententias
489 638 507 668 ,
552 592 655 651 sed
700 592 1087 651 assistentiam
1125 602 1324 650 tamen
1348 633 1364 663 .,
1412 598 1480 646 ut
1517 588 1597 646 ita
1626 586 1870 667 loquar,
1906 591 2228 666 positivam
2245 625 2268 654 ,

144 713 257 773 qua
305 693 459 750 Deus
513 688 708 747 omnia
756 698 1057 770 suggerat,
1115 698 1176 745 et
1226 682 1553 769 auctoribus
1605 681 2013 763 hagiographis
2063 682 2144 739 ita
2196 678 2272 737 sit

145 797 387 868 prae'stO„
428 794 493 842 ut
521 805 617 843 eos
645 784 710 841 in
733 782 909 843 rebus
934 781 1251 842 scribendis
1281 778 1700 839 omittendisve
1723 824 1738 853 ‚
1774 797 1839 835 ac
1869 777 1931 834 in
1958 774 2272 835 verborum

144 884 321 942 etiam
348 879 575 939 delectu
603 889 661 936 et
695 877 1071 959 periodorum
1093 898 1249 937 nexu
1267 920 1283 951 ‚
1314 875 1525 955 dirigat
1562 894 1628 933 ac
1657 871 2028 945 moderetur,
2064 881 2298 951 quam-‘

147 978 236 1038 vis
273 974 454 1037 verba
483 972 706 1053 singula
742 994 865 1031 non
903 972 1089 1031 dictet.
1113 972 1228 1050 (l).
1276 970 1387 1030 Alii
1420 981 1636 1048 praeter
1670 970 1994 1029 motionem
2031 987 2096 1025 ac
2130 965 2277 1024 inci-

148 1081 481 1131 tamentum
506 1067 581 1127 ad
625 1064 999 1126 scribendum
1042 1063 1227 1123 solam
1265 1075 1591 1145 exposcunt
1626 1064 2024 1123 assistentiam
2047 1106 2064 1136 ‚
2102 1082 2277 1142 quam

151 1170 491 1247 negativam
523 1171 734 1221 vocant
755 1203 772 1235 ‚
802 1160 867 1218 in
891 1180 960 1219 eo
987 1158 1272 1217 nimirum
1302 1158 1586 1239 positam,
1620 1157 1779 1240 quod
1807 1161 1962 1218 Deus
1994 1157 2167 1216 sacris
2197 1157 2280 1215 ita

151 1260 342 1322 adstet
363 1255 736 1338 scriptoribus
752 1300 769 1330 .,
788 1264 855 1313 ut
873 1276 904 1313 a
929 1254 1134 1336 quovis
1151 1253 1247 1314 vel
1272 1254 1521 1312 minimo
1544 1275 1741 1314 errore
1762 1255 2061 1314 immunes
2088 1251 2278 1311 solum

151 1354 477 1414 efficiantur
512 1351 626 1431 (2).
667 1351 776 1409 Hic
804 1349 906 1421 ‘alii
941 1372 1062 1409 non
1098 1350 1348 1424 sistuntt,
1376 1349 1486 1409 -sed
1523 1349 1601 1410 ad
1628 1351 2077 1433 inspirationem
2101 1347 2282 1430 plane

149 1447 412 1508 sufficere
457 1445 861 1521 contendunt,
894 1446 943 1504 si
980 1446 1227 1527 Spiritus
1263 1447 1508 1505 Sanctus
1546 1446 1626 1504 ita
1667 1444 2050 1527 scriptoribus
2088 1443 2281 1519 afflet,

152 1555 218 1602 ut
267 1542 558 1622 graviores
610 1540 818 1600 saltem
862 1563 1085 1600 errores
1137 1541 1249 1623 ipsi
1288 1552 1661 1623 praecaveant
1709 1541 1822 1622 (3).
1881 1540 1993 1601 Alii
2043 1539 2286 1599 demum

158 1636 492 1711 affirmant
524 1634 598 1695 ad
632 1636 994 1718 Scripturam
1020 1647 1285 1721 sanctam
1323 1636 1693 1696 efficiendam
1724 1637 1862 1695 satis
1898 1658 2059 1711 esse
2095 1637 2142 1694 si
2176 1647 2287 1694 tes-

151 1745 312 1794 tetur
345 1734 596 1816 Spiritus
633 1734 918 1808 SanctuS.,
961 1732 1110 1791 nihil
1143 1732 1322 1791 falsi
1306 1755 1370 1791 1n
1404 1731 1599 1815 aliquo
1637 1732 1789 1792 libro
1824 1754 1984 1808 esse
2019 1731 2287 1814 quamvis

150 1829 301 1890 liber
333 1828 430 1887 ille
463 1828 723 1888 humana
761 1827 939 1910 plane
979 1827 1268 1888 industria
1291 1829 1422 1888 sine
1447 1828 1569 1888 ullo
1597 1830 1847 1911 Spiritus
1874 1779 2068 1887 Saricti
2092 1826 2290 1886 afflatu

153 1925 332 1986 fuerit
378 1935 646 1985 exaratus
683 1923 793 2004 (4).

226 2169 295 2235 (l)
332 2170 401 2221 Ita
429 2174 551 2222 inter
578 2182 755 2221 ceteros
781 2174 987 2222 sentiunt
1005 2172 1180 2221 Valen-
1334 2171 1399 2237 (3)
1437 2172 1505 2221 lta
1527 2189 1711 2222 sensere
1739 2172 1984 2233 Erasmus,
2013 2170 2222 2231 Grotius,
2247 2180 2293 2219 et

160 2253 244 2313 tia,
265 2252 376 2302 edit.
389 2252 540 2318 Lugd.
565 2252 723 2315 1603,
743 2264 860 2304 tom.
891 2271 975 2316 111,
1002 2254 1118 2320 disp.
1137 2270 1181 2315 ι,
1260 2258 1392 2320 juxta
1427 2255 1581 2320 plures
1608 2257 1746 2304 etiam
1779 2255 1965 2303 Holden
1996 2254 2159 2303 doctor
2188 2252 2294 2301 Sor-

162 2332 243 2383 De
266 2334 394 2399 fide,
427 2353 478 2401 q.
521 2351 541 2383 1
564 2371 579 2395 ‚
616 2347 790 2401 puncto
823 2334 885 2395 83
922 2335 1147 2402 Rabaudy
1167 2374 1181 2397 ,

158 2434 233 2481 op.
265 2419 346 2466 cit.
378 2427 484 2465 sect.
516 2433 570 2476 2,
597 2415 624 2483 §
651 2434 668 2466 1
690 2455 702 2478 ,
734 2419 886 2466 concl.
910 2417 1045 2466 Hane
1063 2435 1187 2466 eam-

158 2498 266 2546 dem
307 2502 587 2548 sententiam
624 2501 789 2548 acriter
815 2509 971 2549 tuetur
1002 2498 1050 2547 P.
1073 2498 1183 2546 Ant.

159 2578 319 2628 Casini
360 2579 410 2627 S.
452 2579 500 2628 J.
546 2583 598 2628 in
645 2565 1021 2646 Encyclopoedia
1069 2578 1185 2628 Sao.

166 2661 465 2728 Scripturoe,
491 2661 660 2710 Venet.
702 2660 826 2728 1747
851 2697 866 2722 ‚
899 2663 992 2712 vol.
1022 2679 1064 2724 1,
1091 2661 1189 2708 dis-

152 2752 260 2810 put.
288 2745 480 2810 proevia
509 2744 755 2806 secunda3
791 2745 943 2793 Estius
982 2747 1032 2793 in
1065 2759 1102 2792 11
1130 2745 1188 2793 ad

163 2820 368 2875 Timoth.
396 2843 474 2888 111,
517 2824 596 2876 16.
622 2826 763 2876 Plura
787 2826 974 2876 Pati-um
1003 2838 1187 2876 sancto-

163 2926 268 2957 rum
309 2908 485 2970 effata,
525 2927 626 2975 quae
666 2908 730 2965 ‚ab
778 2910 921 2976 hujus
955 2912 1189 2960 sententiae

166 2991 367 3055 patronis
409 2986 706 3051 afferuntur,
750 2991 971 3040 videntur
1016 2993 1058 3040 ei
1098 2991 1184 3040 ad-

168 3075 398 3140 stipulari.

239 3158 302 3220 (2)
326 3158 451 3206 Talis
468 3169 535 3207 est
550 3160 677 3207 notio
690 3160 1002 3225 inspirationis
1015 3195 1028 3218 ‚
1048 3176 1190 3225 quam

173 3239 341 3301 praebet
391 3240 515 3289 Jahn
534 3276 551 3302 ,
603 3239 796 3290 Introd.
852 3239 1031 3289 biblica
1076 3239 1131 3287 V
1128 3250 1189 3288 et.

185 3316 314 3369 Test.
347 3321 483 3371 Vien-
508 3319 666 3385 1814,
688 3340 738 3388 p.
764 3338 813 3384 1,
842 3341 946 3388 cap.
980 3320 1088 3389 2‚§
1117 3338 1192 3389 ¹9.

181 3395 337 3464 Neque
366 3404 424 3451 ab
454 3405 543 3453 hac
576 3407 801 3454 sententia
839 3405 1022 3454 abludit
1058 3404 1194 3454 Jans-

181 3494 313 3539 sens,
355 3499 427 3547 op.
473 3488 550 3535 eit.
596 3496 711 3536 tom.
751 3504 801 3546 1,
844 3487 922 3537 ch.
960 3483 1035 3548 2,
1074 3486 1100 3553 S
1143 3484 1197 3550 4·

187 3559 410 3610 Eamdem
442 3580 844 3633 propugnaverunt
864 3569 942 3618 Du
967 3568 1054 3618 Pin
1075 3604 1091 3634 ,
1118 3586 1196 3635 op.

180 3644 258 3689 cit.
283 3642 491 3694 Dissert.
513 3648 705 3712 prelim.
725 3652 861 3717 ehap.
881 3666 911 3699 2
930 3689 943 3713 ‚
962 3649 1053 3717 §7-

1265 2337 1495 2399 bonieus3
1526 2340 1639 2385 item
1671 2347 1832 2386 auctor
1863 2340 2145 2404 Anonymns
2165 2371 2178 2396 ‚
2212 2353 2295 2383 eu-

1263 2419 1340 2483 jus
1384 2421 1656 2466 sententiam
1697 2416 1858 2483 Epist.
1899 2435 1949 2465 ιι
1990 2417 2295 2465 Batavorum

1267 2497 1585 2562 theoloqorum
1606 2499 1708 2547 fuse
1726 2509 1933 2548 recenset
1948 2536 1962 2559 ‚
1991 2501 2041 2547 in
2059 2516 2136 2564 op.
2163 2499 2296 2566 Quo-

1267 2580 1494 2628 rumdam
1577 2579 1925 2646 Theoloqorum
1998 2582 2248 2628 sententioe
2274 2616 2294 2643 ,

1267 2680 1373 2727 pag.
1410 2661 1667 2724 230-2333
1707 2663 1881 2728 aliique
1923 2663 2047 2727 apud
2080 2661 2295 2724 Calmet,

1269 2744 1483 2793 Dis-sert.
1511 2744 1567 2792 de
1588 2745 1756 2794 libror.
1773 2743 1915 2795 Saer.
1934 2747 2262 2811 inspiratione
2275 2779 2293 2806 ‚

1268 2837 1356 2875 art.
1377 2842 1407 2874 2
1428 2864 1442 2887 ‚
1471 2842 1575 2893 quae
1598 2830 1894 2892 praemittitur
1915 2829 2120 2894 epistolis
2139 2828 2298 2877 catho-

1270 2908 1389 2958 licis.
1419 2907 1517 2959 Cfr.
1552 2912 1689 2958 etiam
1725 2909 1960 2960 Graveson
1979 2948 1992 2971 ‚
2043 2910 2217 2958 Traet.
2241 2909 2299 2958 de

1270 2987 1530 3057 Scriptura
1569 2991 1682 3042 Sao.
1705 2992 1863 3041 Romae
1906 2993 2026 3057 1741
2055 3029 2070 3052 ,
2100 3002 2219 3057 part.
2243 3009 2293 3048 1,

1270 3072 1297 3139 S
1338 3090 1356 3121 1
1385 3090 1400 3135 ς
1436 3074 1690 3140 Argentre,
1717 3074 1958 3124 Element.
1992 3074 2219 3140 Theoloq.
2242 3075 2301 3128 de

1272 3155 1455 3221 Seript.
1494 3155 1630 3204 Sacr.
1668 3173 1770 3222 cap.
1806 3154 1858 3220 4.
1889 3156 2011 3205 Huic
2048 3160 2190 3206 etiam
2217 3158 2300 3206 ad-

1274 3237 1520 3302 stipulatur
1555 3237 1805 3298 Cellerier‚
1839 3240 1890 3286 in
1916 3240 1998 3288 eit.
2022 3236 2218 3288 Introd.
2247 3249 2299 3288 ut

1275 3329 1397 3384 patet
1426 3338 1480 3369 ex
1513 3322 1568 3368 iis
1600 3335 1704 3387 quae
1729 3321 1888 3369 scribit
1913 3339 2019 3386 pag.
2045 3319 2160 3385 400.

1348 3400 1418 3468 (h)
1453 3402 1562 3451 Haec
1590 3413 1658 3451 est
1688 3403 1880 3453 celebris
1905 3406 2132 3453 sententia
2156 3403 2299 3451 Lessii

1279 3495 1325 3534 et
1353 3485 1558 3534 Hamelii
1584 3484 1636 3535 S.
1667 3485 1714 3533 J.
1739 3503 1880 3552 quam
1912 3489 1963 3534 in
1994 3496 2221 3552 postrema
2238 3501 2299 3534 ex

1281 3566 1428 3616 tribus
1465 3567 1673 3616 thesibus
1691 3604 1706 3627 ,
1747 3578 1852 3616 atro
1890 3567 2095 3616 carbone
2129 3569 2299 3616 notatis

1280 3649 1340 3698 ab
1391 3649 1613 3699 Academ.
1665 3649 1940 3700 Lovaniensi
1987 3660 2032 3699 et
2079 3648 2299 3700 Duaeena
