2502 4134
239 131 317 190 88
856 152 1049 193 macr.
1099 157 1165 192 nn
1211 155 1361 192 Locrs
1404 155 1785 193 rnaorocmis.

241 294 433 355 adhuc
462 295 775 356 admittere
809 310 1098 379 pergunt.
1132 297 1327 378 aliquo
1366 296 1500 356 licet
1540 296 1737 355 latiori
1778 318 1952 356 sensu
1977 296 2087 377 (1).
2122 295 2212 355 Ad
2246 297 2372 378 pri-

241 412 402 451 mam
423 390 664 453 classem
688 392 1027 453 referuntur
1048 391 1424 452 rationalistae
1447 413 1513 451 ac
1534 392 1778 473 mythici
1800 414 2005 451 omnes
2021 437 2036 466 7
2062 391 2162 473 qui
2185 393 2373 450 Deum

242 488 482 547 nonnisi
518 488 781 547 mediata
825 494 1058 573 ratione
1090 488 1401 565 'homines5
1446 489 1565 547 imo
1606 500 1665 548 et
1705 487 2004 547 Christum
2044 488 2240 568 ipsum
2267 485 2376 545 do-

242 585 427 642 cuisse
459 593 770 643 autumant
789 631 804 659 ,
837 607 959 643 non
985 586 1106 643 sine
1136 596 1338 643 tamen
1363 583 1596 670 speciali
1623 583 1815 665 aliqua
1843 581 2218 665 providentia
2245 581 2373 662 (2);

242 688 508 760 spectant
545 678 619 738 ad
645 681 973 740 secundum
1011 682 1404 738 protestantes
1425 723 1442 754 ,
1476 673 1625 760 quos
1647 678 2000 737 orthodoxos
2026 688 2258 737 vocant.
2297 677 2379 735 Ex

242 775 312 833 iis
346 787 520 849 vem,
563 776 664 857 qui
705 776 1024 858 quamdam
1061 775 1259 834 adhuc
1289 773 1688 857 inspirationis
1727 774 1977 852 speciem
2015 773 2203 833 colere
2247 793 2380 854 per·
2426 852 2432 857 „

246 882 394 950 gunt
412 916 427 946 ,
452 870 538 929 illi
563 872 802 952 quidem
826 874 984 931 inter
1002 893 1063 931 se
1084 870 1280 954 quoad
1303 891 1507 929 ornnes
1524 868 1704 928 libros
1727 868 1972 928 minime
1988 869 2380 928 consentiunt.

248 967 401 1025 Nam
455 966 750 1026 Michaelis
798 968 955 1027 inter
1016 979 1237 1027 ceteros
1289 966 1555 1026 divinam
1606 964 2055 1047 inspirationem
2095 963 2387 1042 abjudicat

250 1060 576 1141 Evangeliis
614 1062 793 1121 Marci
830 1075 896 1121 ut
931 1065 1096 1122 Lucae
1121 1108 1136 1137 .,
1188 1063 1458 1143 Actisque
1497 1060 1910 1142 Apostolorum
1949 1059 2062 1140 (3).
2109 1059 2218 1118 Alii
2255 1081 2387 1119 eam

249 1154 522 1238 ablegant
546 1156 620 1215 ab
653 1157 965 1238 Evangelio
995 1158 1238 1217 Joannis
1258 1202 1275 1234 ,
1310 1160 1705 1235 cujusverum
1737 1166 2034 1215 auctorem
2063 1156 2389 1234 gnosticum

253 1252 570 1334 quemdam
599 1254 857 1313 extitisse
888 1266 1095 1313 rentur
1118 1299 1133 1330 ‚
1162 1266 1221 1314 et
1243 1254 1323 1312 ita
1346 1275 1521 1335 porro
1546 1252 1643 1311 alii
1672 1252 1745 1311 ab
1778 1252 1903 1311 aliis
1932 1252 2097 1311 libris
2118 1298 2133 1328 7
2158 1264 2222 1312 ut
2252 1253 2392 1313 alibi

251 1349 587 1429 scripsimus
618 1347 729 1429 (4).
758 1351 925 1408 Patet
953 1349 1127 1428 igitur
1153 1370 1226 1408 ex
1261 1348 1419 1408 hisce
1443 1348 1685 1430 aliisque
1715 1347 2085 1409 documentis
2104 1394 2120 1425 ‚
2147 1369 2275 1431 quae
2296 1394 2311 1423 ‚
2344 1350 2393 1408 si

252 1465 401 1525 opus
426 1455 576 1503 esset
592 1489 606 1518 7
635 1465 849 1524 magno
874 1465 1124 1503 numero
1147 1444 1344 1503 afferri
1364 1455 1604 1526 possent
1621 1489 1637 1518 ,
1663 1443 1861 1502 omnia
1883 1443 2041 1526 apud
2062 1447 2392 1503 Protestan-

251 1548 341 1598 tes
369 1539 515 1598 circa
540 1538 699 1597 hunc
737 1539 1136 1622 inspirationis
1173 1540 1485 1599 articulum
1521 1544 1583 1599 in
1616 1541 1843 1599 incerto
1876 1540 2066 1622 posita
2101 1561 2244 1599 esse.
2274 1542 2395 1600 Nec

253 1633 423 1695 aliter
477 1657 599 1696 esse
639 1647 831 1717 potest
856 1682 871 1712 7
914 1635 1394 1719 quandoquidem
1445 1637 1752 1719 inspiratio
1786 1641 2030 1716 factum
2068 1646 2188 1712 est,
2237 1636 2396 1718 quod

253 1742 567 1814 propterea
591 1754 712 1790 non
743 1732 852 1791 alia
876 1744 1070 1815 potest
1094 1735 1323 1793 ratione
1344 1754 1522 1815 quam
1542 1755 1648 1815 per
1670 1734 2080 1793 auctoritatem
2104 1743 2389 1793 constare.

259 1828 408 1886 Cum
433 1849 574 1890 Vero
598 1831 997 1889 Protestantes
1022 1830 1433 1889 auctoritatem
1454 1830 1576 1891 sive
1602 1829 1864 1889 Ecclesiae
1888 1830 2010 1890 sive
2038 1829 2395 1906 traditioniS,

259 1944 392 2004 quae
417 1923 479 1981 in
504 1922 604 1983 illa
629 1946 694 1983 ac
718 1946 824 2006 per
849 1923 1011 1984 illam
1032 1926 1253 2006 jugiter
1281 1937 1623 1987 conservata
1652 1934 1740 1984 est
1760 1971 1775 2000 .,
1806 1926 2064 2007 recipere
2094 1937 2395 2000 recusent,

259 2019 637 2099 consequitur
667 2021 990 2079 necessario
1012 2065 1028 2095 ,
1054 2021 1210 2103 ipsos
1233 2031 1521 2104 perpetuo
1546 2019 1834 2081 fluctuare
1850 2020 2095 2098 debere,
2118 2020 2398 2102 omnique

260 2114 392 2196 rapi
419 2125 603 2174 ventu
635 2115 940 2177 doctrinae.

348 2208 498 2268 Tum
522 2209 697 2290 igitur
731 2233 803 2271 ex
823 2216 958 2291 jure
990 2223 1119 2272 tum
1156 2233 1227 2273 ex
1251 2213 1404 2272 facto
1429 2259 1444 2286 .,
1475 2211 1684 2294 agendi
1706 2211 1923 2272 scilicet
1943 2211 2401 2271 Protestantium

265 2303 522 2379 ratione,
545 2304 730 2387 liquet
750 2352 767 2379 ,
805 2307 963 2388 quod
987 2309 1395 2390 proposuimus
1409 2353 1425 2385 ‚
1443 2313 1654 2387 reJecta
1678 2329 1894 2389 nempe
1920 2306 2184 2368 Ecclesiae
2207 2306 2402 2366 catho-

266 2396 391 2458 licae
416 2402 786 2479 auctoritate,
814 2413 971 2463 certo
996 2404 1136 2486 ipsis
1160 2416 1430 2464 constare
1457 2426 1578 2463 non
1607 2425 1776 2487 posse
1803 2403 2071 2464 divinam
2095 2402 2401 2464 Librorum

272 2497 689 2559 canonicorum
713 2500 1183 2583 inspirationem.

1103 2693 1591 2737 DIFFICULTATES.

375 2832 513 2893 138.
560 2831 694 2912 Obj.
717 2835 925 2915 prima.
950 2832 1181 2913 Regulae
1200 2854 1320 2892 non
1336 2832 1569 2901 desunt,
1590 2854 1839 2915 quarum
1854 2855 1993 2915 ope,
2019 2834 2195 2894 etiam
2212 2833 2407 2895 Eccle-

291 2928 388 2987 siae
411 2929 753 2988 auctoritate
784 2940 1003 2988 semota
1026 2972 1042 3003 2
1075 2937 1203 2987 tuto
1237 2930 1463 3011 possint
1495 2928 1796 2988 acatholici
1823 2929 2004 2989 libros
2034 2931 2344 3012 inspiratos
2376 2951 2410 2988 a

292 3044 414 3083 non
435 3024 730 3106 inspiratis
753 3024 1128 3104 distinguere.
1154 3025 1234 3083 Ac
1261 3025 1324 3082 1⁰
1342 3023 1533 3107 quoad
1559 3023 1739 3083 libros
1766 3027 1888 3085 Vet.
1917 3027 2071 3085 Test.
2101 3025 2184 3083 illi
2212 3046 2415 3085 omnes

366 3254 729 3319 (1)Recolantur
745 3258 977 3323 sup.dicta
994 3274 1052 3306 ex
1065 3257 1313 3307 Fritzsche.
1397 3268 1519 3307 tema
1553 3275 1688 3305 suum
1722 3258 1780 3305 ad
1810 3259 2135 3307 discernendos
2168 3258 2310 3306 libros
2342 3260 2417 3307 in·-

368 3336 433 3398 (2)
467 3337 589 3386 lhid.
621 3357 728 3405 pag.
758 3355 788 3387 2
808 3376 821 3398 ‚
853 3338 906 3389 5.
1397 3341 1588 3405 spiratos
1616 3358 1641 3387 a
1671 3357 1764 3387 non
1791 3343 2020 3406 inspiratis
2041 3378 2054 3400 ,
2085 3341 2143 3390 de
2162 3358 2255 3406 quo
2277 3341 2414 3407 paulo

371 3419 438 3483 (3)
477 3416 666 3468 Introd.
701 3438 766 3468 au
792 3421 1030 3470 Nouveau
1058 3421 1189 3470 Test.
1210 3431 1247 3470 t.
1269 3438 1311 3481 1,
1399 3432 1518 3487 post.

299 3503 435 3568 chap.
480 3502 509 3550 3
529 3538 543 3561 ‚
581 3513 692 3551 sect.
734 3503 791 3564 3,
828 3522 934 3570 pag.
985 3500 1204 3570 129-135
1228 3520 1242 3567 ;
1271 3513 1315 3552 et
1473 3506 1539 3569 (4)
1580 3504 1675 3554 Cfr.
1703 3506 1811 3556 Bar.
1837 3506 1894 3555 de
1916 3505 2076 3555 Starek
2095 3543 2108 3566 ‚
2137 3505 2415 3556 Entretiem

297 3597 420 3634 tom.
448 3602 534 3646 111,
574 3603 677 3650 pag.
715 3584 959 3635 281·285.
990 3585 1096 3635 Huc
1121 3586 1312 3636 demum
1389 3587 1662 3656 philosoph.
1682 3588 1806 3639 Paris
1839 3587 1993 3652 1818,
2025 3608 2125 3658 pag.
2161 3591 2273 3641 133.

301 3668 521 3719 devenire
550 3668 711 3718 debuit
746 3669 822 3718 hic
859 3679 1020 3719 auctor
1049 3672 1176 3739 juxta
1212 3686 1314 3737 sys-
