<?xml version="1.0" encoding="UTF-8"?>
<!DOCTYPE html PUBLIC "-//W3C//DTD XHTML 1.0 Transitional//EN"
    "http://www.w3.org/TR/xhtml1/DTD/xhtml1-transitional.dtd">
<html xmlns="http://www.w3.org/1999/xhtml" xml:lang="en" lang="en">
 <head>
  <title>
</title>
<meta http-equiv="Content-Type" content="text/html;charset=utf-8" />
  <meta name='ocr-system' content='tesseract 3.04.00' />
  <meta name='ocr-capabilities' content='ocr_page ocr_carea ocr_par ocr_line ocrx_word'/>
</head>
<body>
  <div class='ocr_page' id='page_1' title='image "a603693809perruoft_0415.png"; bbox 0 0 2502 4134; ppageno 0'>
   <div class='ocr_carea' id='block_1_1' title="bbox 2100 128 2212 188">
    <p class='ocr_par' dir='ltr' id='par_1_1' title="bbox 2100 128 2212 188">
     <span class='ocr_line' id='line_1_1' title="bbox 2100 128 2212 188; baseline 0.009 -1"><span class='ocrx_word' id='word_1_1' title='bbox 2100 128 2212 188; x_wconf 73' lang='lat'><strong>407</strong></span> 
     </span>
    </p>
   </div>
   <div class='ocr_carea' id='block_1_2' title="bbox 330 151 2004 197">
    <p class='ocr_par' dir='ltr' id='par_1_2' title="bbox 330 151 2004 197">
     <span class='ocr_line' id='line_1_2' title="bbox 330 151 2004 197; baseline -0.005 -1"><span class='ocrx_word' id='word_1_2' title='bbox 330 157 486 197; x_wconf 72' lang='lat' dir='ltr'><strong>PART.</strong></span> <span class='ocrx_word' id='word_1_3' title='bbox 538 156 621 194; x_wconf 84' lang='lat'>111.</span> <span class='ocrx_word' id='word_1_4' title='bbox 670 155 816 194; x_wconf 67' lang='lat'><strong>81:01¹.</strong></span> <span class='ocrx_word' id='word_1_5' title='bbox 867 158 907 192; x_wconf 87' lang='lat'><strong>1.</strong></span> <span class='ocrx_word' id='word_1_6' title='bbox 956 157 1076 192; x_wconf 76' lang='lat' dir='ltr'><strong>GAP.</strong></span> <span class='ocrx_word' id='word_1_7' title='bbox 1120 157 1159 191; x_wconf 84' lang='lat'><strong>1.</strong></span> <span class='ocrx_word' id='word_1_8' title='bbox 1212 156 1279 194; x_wconf 79' lang='grc' dir='ltr'><strong>ΒΕ</strong></span> <span class='ocrx_word' id='word_1_9' title='bbox 1320 154 1446 193; x_wconf 69' lang='lat' dir='ltr'><strong>Rs&#39;r.</strong></span> <span class='ocrx_word' id='word_1_10' title='bbox 1497 154 1624 191; x_wconf 72' lang='lat' dir='ltr'><strong>Awr.</strong></span> <span class='ocrx_word' id='word_1_11' title='bbox 1675 153 1781 190; x_wconf 77' lang='lat' dir='ltr'><strong>Fu).</strong></span> <span class='ocrx_word' id='word_1_12' title='bbox 1828 151 2004 190; x_wconf 77' lang='lat' dir='ltr'><strong>SPEGT.</strong></span> 
     </span>
    </p>
   </div>
   <div class='ocr_carea' id='block_1_3' title="bbox 107 289 2282 1602">
    <p class='ocr_par' dir='ltr' id='par_1_3' title="bbox 107 289 2282 1392">
     <span class='ocr_line' id='line_1_3' title="bbox 203 289 2217 376; baseline -0.003 -20"><span class='ocrx_word' id='word_1_13' title='bbox 203 298 334 356; x_wconf 52' lang='lat'><strong>1102</strong></span> <span class='ocrx_word' id='word_1_14' title='bbox 391 295 475 365; x_wconf 82' lang='lat' dir='ltr'><strong>Ad</strong></span> <span class='ocrx_word' id='word_1_15' title='bbox 510 297 618 367; x_wconf 62' lang='grc' dir='ltr'><strong>ΞΜ,</strong></span> <span class='ocrx_word' id='word_1_16' title='bbox 670 294 817 376; x_wconf 74' lang='lat' dir='ltr'><strong>Ney.</strong></span> <span class='ocrx_word' id='word_1_17' title='bbox 868 297 1009 354; x_wconf 91' lang='lat' dir='ltr'><strong>Nam</strong></span> <span class='ocrx_word' id='word_1_18' title='bbox 1053 296 1099 354; x_wconf 91' lang='lat' dir='ltr'><strong>si</strong></span> <span class='ocrx_word' id='word_1_19' title='bbox 1134 289 1244 354; x_wconf 79' lang='lat' dir='ltr'><strong>hac</strong></span> <span class='ocrx_word' id='word_1_20' title='bbox 1291 296 1524 376; x_wconf 82' lang='lat' dir='ltr'><strong>proprie</strong></span> <span class='ocrx_word' id='word_1_21' title='bbox 1567 294 1640 354; x_wconf 89' lang='lat' dir='ltr'><strong>de</strong></span> <span class='ocrx_word' id='word_1_22' title='bbox 1681 314 1848 353; x_wconf 89' lang='lat' dir='ltr'><strong>causa</strong></span> <span class='ocrx_word' id='word_1_23' title='bbox 1897 291 2217 373; x_wconf 87' lang='lat' dir='ltr'><strong>Apostolica</strong></span> 
     </span>
     <span class='ocr_line' id='line_1_4' title="bbox 117 385 2215 469; baseline -0.003 -18"><span class='ocrx_word' id='word_1_24' title='bbox 117 392 287 451; x_wconf 85' lang='lat' dir='ltr'>Sedes</span> <span class='ocrx_word' id='word_1_25' title='bbox 319 391 651 449; x_wconf 81' lang='lat' dir='ltr'><strong>damnasset</strong></span> <span class='ocrx_word' id='word_1_26' title='bbox 681 391 967 449; x_wconf 90' lang='lat' dir='ltr'><strong>Hermesii</strong></span> <span class='ocrx_word' id='word_1_27' title='bbox 1003 400 1252 469; x_wconf 81' lang='lat' dir='ltr'><strong>systema</strong></span> <span class='ocrx_word' id='word_1_28' title='bbox 1280 434 1296 461; x_wconf 84' lang='lat'><strong>,</strong></span> <span class='ocrx_word' id='word_1_29' title='bbox 1323 388 1659 448; x_wconf 83' lang='lat' dir='ltr'><strong>damnasset</strong></span> <span class='ocrx_word' id='word_1_30' title='bbox 1686 386 1861 446; x_wconf 91' lang='lat' dir='ltr'><strong>simul</strong></span> <span class='ocrx_word' id='word_1_31' title='bbox 1889 385 2215 467; x_wconf 79' lang='lat' dir='ltr'><strong>apologetas</strong></span> 
     </span>
     <span class='ocr_line' id='line_1_5' title="bbox 115 479 2215 562; baseline -0.003 -18"><span class='ocrx_word' id='word_1_32' title='bbox 115 506 315 544; x_wconf 91' lang='lat' dir='ltr'><strong>omnes</strong></span> <span class='ocrx_word' id='word_1_33' title='bbox 345 484 675 543; x_wconf 69' lang='lat' dir='ltr'><strong>christianae</strong></span> <span class='ocrx_word' id='word_1_34' title='bbox 697 494 754 543; x_wconf 91' lang='lat' dir='ltr'><strong>et</strong></span> <span class='ocrx_word' id='word_1_35' title='bbox 781 483 1072 543; x_wconf 73' lang='lat' dir='ltr'><strong>catholicae</strong></span> <span class='ocrx_word' id='word_1_36' title='bbox 1101 482 1411 561; x_wconf 80' lang='lat' dir='ltr'><strong>Religionis</strong></span> <span class='ocrx_word' id='word_1_37' title='bbox 1429 524 1443 549; x_wconf 92' lang='lat'><strong>,</strong></span> <span class='ocrx_word' id='word_1_38' title='bbox 1473 484 1572 562; x_wconf 90' lang='lat' dir='ltr'><strong>qui</strong></span> <span class='ocrx_word' id='word_1_39' title='bbox 1602 481 1874 541; x_wconf 90' lang='lat' dir='ltr'><strong>eumdem</strong></span> <span class='ocrx_word' id='word_1_40' title='bbox 1897 479 2004 539; x_wconf 89' lang='lat' dir='ltr'><strong>sibi</strong></span> <span class='ocrx_word' id='word_1_41' title='bbox 2038 481 2215 540; x_wconf 87' lang='lat' dir='ltr'><strong>finem</strong></span> 
     </span>
     <span class='ocr_line' id='line_1_6' title="bbox 112 577 2282 662; baseline -0.002 -24"><span class='ocrx_word' id='word_1_42' title='bbox 112 590 538 662; x_wconf 90' lang='lat' dir='ltr'><strong>proposuerunt</strong></span> <span class='ocrx_word' id='word_1_43' title='bbox 560 623 574 651; x_wconf 89' lang='lat'><strong>,</strong></span> <span class='ocrx_word' id='word_1_44' title='bbox 626 599 839 660; x_wconf 90' lang='lat' dir='ltr'><strong>nempe</strong></span> <span class='ocrx_word' id='word_1_45' title='bbox 895 579 1452 637; x_wconf 73' lang='lat' dir='ltr'><strong>demonstrationem</strong></span> <span class='ocrx_word' id='word_1_46' title='bbox 1491 578 1927 656; x_wconf 66' lang='lat' dir='ltr'><strong>evangelicam,</strong></span> <span class='ocrx_word' id='word_1_47' title='bbox 1974 577 2215 635; x_wconf 84' lang='lat' dir='ltr'><strong>demon·</strong></span> <span class='ocrx_word' id='word_1_48' title='bbox 2280 607 2282 609; x_wconf 96' lang='lat'>·</span> 
     </span>
     <span class='ocr_line' id='line_1_7' title="bbox 110 670 2215 752; baseline -0.002 -20"><span class='ocrx_word' id='word_1_49' title='bbox 110 677 451 733; x_wconf 79' lang='lat' dir='ltr'><strong>strationem</strong></span> <span class='ocrx_word' id='word_1_50' title='bbox 504 674 899 732; x_wconf 72' lang='lat' dir='ltr'><strong>christianam</strong></span> <span class='ocrx_word' id='word_1_51' title='bbox 925 673 1409 731; x_wconf 24' lang='lat' dir='ltr'><strong>autfeatlzolioam</strong></span> <span class='ocrx_word' id='word_1_52' title='bbox 1446 671 1742 730; x_wconf 87' lang='lat' dir='ltr'><strong>conficere.</strong></span> <span class='ocrx_word' id='word_1_53' title='bbox 1778 670 1946 744; x_wconf 90' lang='lat' dir='ltr'><strong>Quod</strong></span> <span class='ocrx_word' id='word_1_54' title='bbox 1977 670 2215 752; x_wconf 90' lang='lat' dir='ltr'><strong>quidem</strong></span> 
     </span>
     <span class='ocr_line' id='line_1_8' title="bbox 111 760 2215 848; baseline -0.001 -22"><span class='ocrx_word' id='word_1_55' title='bbox 111 767 466 842; x_wconf 85' lang='lat' dir='ltr'><strong>absurdum,</strong></span> <span class='ocrx_word' id='word_1_56' title='bbox 506 760 678 826; x_wconf 84' lang='lat' dir='ltr'><strong>acab</strong></span> <span class='ocrx_word' id='word_1_57' title='bbox 726 766 1051 848; x_wconf 86' lang='lat' dir='ltr'><strong>Apostolica</strong></span> <span class='ocrx_word' id='word_1_58' title='bbox 1095 765 1244 825; x_wconf 89' lang='lat' dir='ltr'><strong>Sede</strong></span> <span class='ocrx_word' id='word_1_59' title='bbox 1288 766 1538 824; x_wconf 82' lang='lat' dir='ltr'><strong>maxime</strong></span> <span class='ocrx_word' id='word_1_60' title='bbox 1583 764 1863 824; x_wconf 89' lang='lat' dir='ltr'><strong>alienum.</strong></span> <span class='ocrx_word' id='word_1_61' title='bbox 1909 764 2215 824; x_wconf 87' lang='lat' dir='ltr'><strong>Methodus</strong></span> 
     </span>
     <span class='ocr_line' id='line_1_9' title="bbox 112 853 2218 944; baseline -0.001 -23"><span class='ocrx_word' id='word_1_62' title='bbox 112 863 286 944; x_wconf 86' lang='lat' dir='ltr'><strong>igitur</strong></span> <span class='ocrx_word' id='word_1_63' title='bbox 303 863 480 944; x_wconf 90' lang='lat' dir='ltr'><strong>plane</strong></span> <span class='ocrx_word' id='word_1_64' title='bbox 498 861 799 940; x_wconf 82' lang='lat' dir='ltr'><strong>singularis</strong></span> <span class='ocrx_word' id='word_1_65' title='bbox 830 882 895 920; x_wconf 89' lang='lat' dir='ltr'><strong>ac</strong></span> <span class='ocrx_word' id='word_1_66' title='bbox 919 860 1158 942; x_wconf 89' lang='lat' dir='ltr'><strong>periculi</strong></span> <span class='ocrx_word' id='word_1_67' title='bbox 1187 853 1358 941; x_wconf 87' lang='lat' dir='ltr'><strong>plena</strong></span> <span class='ocrx_word' id='word_1_68' title='bbox 1387 905 1402 934; x_wconf 91' lang='lat'><strong>,</strong></span> <span class='ocrx_word' id='word_1_69' title='bbox 1429 881 1542 941; x_wconf 90' lang='lat' dir='ltr'><strong>qua</strong></span> <span class='ocrx_word' id='word_1_70' title='bbox 1573 861 1938 933; x_wconf 80' lang='lat' dir='ltr'><strong>HermesiuS,</strong></span> <span class='ocrx_word' id='word_1_71' title='bbox 1968 859 2218 919; x_wconf 77' lang='lat' dir='ltr'><strong>demon-</strong></span> 
     </span>
     <span class='ocr_line' id='line_1_10' title="bbox 111 954 2215 1032; baseline -0.001 -17"><span class='ocrx_word' id='word_1_72' title='bbox 111 955 485 1015; x_wconf 87' lang='lat' dir='ltr'><strong>strationibus</strong></span> <span class='ocrx_word' id='word_1_73' title='bbox 512 978 544 1015; x_wconf 87' lang='lat' dir='ltr'><strong>a</strong></span> <span class='ocrx_word' id='word_1_74' title='bbox 567 957 772 1015; x_wconf 87' lang='lat' dir='ltr'><strong>ceteris</strong></span> <span class='ocrx_word' id='word_1_75' title='bbox 804 955 955 1016; x_wconf 87' lang='lat' dir='ltr'><strong>datis</strong></span> <span class='ocrx_word' id='word_1_76' title='bbox 978 956 1224 1014; x_wconf 90' lang='lat' dir='ltr'><strong>omnino</strong></span> <span class='ocrx_word' id='word_1_77' title='bbox 1247 955 1470 1032; x_wconf 89' lang='lat' dir='ltr'><strong>rejectis</strong></span> <span class='ocrx_word' id='word_1_78' title='bbox 1494 999 1510 1028; x_wconf 86' lang='lat'><strong>,</strong></span> <span class='ocrx_word' id='word_1_79' title='bbox 1543 976 1758 1015; x_wconf 88' lang='lat' dir='ltr'><strong>novam</strong></span> <span class='ocrx_word' id='word_1_80' title='bbox 1784 954 1993 1015; x_wconf 87' lang='lat' dir='ltr'><strong>cudere</strong></span> <span class='ocrx_word' id='word_1_81' title='bbox 2023 956 2215 1014; x_wconf 88' lang='lat' dir='ltr'><strong>inten-</strong></span> 
     </span>
     <span class='ocr_line' id='line_1_11' title="bbox 112 1047 2214 1132; baseline -0.001 -23"><span class='ocrx_word' id='word_1_82' title='bbox 112 1051 198 1109; x_wconf 85' lang='lat' dir='ltr'><strong>dit</strong></span> <span class='ocrx_word' id='word_1_83' title='bbox 237 1056 395 1130; x_wconf 79' lang='lat' dir='ltr'><strong>juxta</strong></span> <span class='ocrx_word' id='word_1_84' title='bbox 433 1051 714 1132; x_wconf 83' lang='lat' dir='ltr'><strong>principia</strong></span> <span class='ocrx_word' id='word_1_85' title='bbox 760 1049 867 1109; x_wconf 85' lang='lat' dir='ltr'><strong>sibi</strong></span> <span class='ocrx_word' id='word_1_86' title='bbox 912 1050 1147 1132; x_wconf 91' lang='lat' dir='ltr'><strong>propria</strong></span> <span class='ocrx_word' id='word_1_87' title='bbox 1192 1070 1258 1109; x_wconf 90' lang='lat' dir='ltr'><strong>ac</strong></span> <span class='ocrx_word' id='word_1_88' title='bbox 1296 1049 1472 1108; x_wconf 91' lang='lat' dir='ltr'><strong>nimis</strong></span> <span class='ocrx_word' id='word_1_89' title='bbox 1511 1047 1820 1107; x_wconf 87' lang='lat' dir='ltr'><strong>kantinum</strong></span> <span class='ocrx_word' id='word_1_90' title='bbox 1855 1048 2176 1109; x_wconf 83' lang='lat' dir='ltr'><strong>redolentia</strong></span> <span class='ocrx_word' id='word_1_91' title='bbox 2198 1093 2214 1120; x_wconf 78' lang='lat'><strong>,</strong></span> 
     </span>
     <span class='ocr_line' id='line_1_12' title="bbox 110 1143 2218 1225; baseline -0 -21"><span class='ocrx_word' id='word_1_92' title='bbox 110 1147 190 1204; x_wconf 90' lang='lat' dir='ltr'><strong>ita</strong></span> <span class='ocrx_word' id='word_1_93' title='bbox 224 1156 288 1203; x_wconf 91' lang='lat' dir='ltr'><strong>ut</strong></span> <span class='ocrx_word' id='word_1_94' title='bbox 313 1145 531 1204; x_wconf 87' lang='lat' dir='ltr'><strong>motiva</strong></span> <span class='ocrx_word' id='word_1_95' title='bbox 571 1145 692 1225; x_wconf 90' lang='lat' dir='ltr'><strong>ipsa</strong></span> <span class='ocrx_word' id='word_1_96' title='bbox 726 1143 1124 1204; x_wconf 89' lang='lat' dir='ltr'><strong>credibilitatis</strong></span> <span class='ocrx_word' id='word_1_97' title='bbox 1162 1165 1284 1202; x_wconf 93' lang='lat' dir='ltr'><strong>non</strong></span> <span class='ocrx_word' id='word_1_98' title='bbox 1307 1154 1433 1203; x_wconf 87' lang='lat' dir='ltr'><strong>tam</strong></span> <span class='ocrx_word' id='word_1_99' title='bbox 1455 1143 1833 1202; x_wconf 83' lang='lat' dir='ltr'><strong>constitueret</strong></span> <span class='ocrx_word' id='word_1_100' title='bbox 1856 1164 2032 1225; x_wconf 89' lang='lat' dir='ltr'><strong>quam</strong></span> <span class='ocrx_word' id='word_1_101' title='bbox 2059 1145 2218 1203; x_wconf 86' lang='lat' dir='ltr'><strong>infir-</strong></span> 
     </span>
     <span class='ocr_line' id='line_1_13' title="bbox 110 1237 2218 1318; baseline 0 -21"><span class='ocrx_word' id='word_1_102' title='bbox 110 1250 296 1298; x_wconf 88' lang='lat' dir='ltr'><strong>maret</strong></span> <span class='ocrx_word' id='word_1_103' title='bbox 317 1283 333 1312; x_wconf 84' lang='lat'><strong>,</strong></span> <span class='ocrx_word' id='word_1_104' title='bbox 369 1259 538 1298; x_wconf 88' lang='lat' dir='ltr'><strong>causa</strong></span> <span class='ocrx_word' id='word_1_105' title='bbox 570 1238 677 1296; x_wconf 88' lang='lat' dir='ltr'><strong>fuit</strong></span> <span class='ocrx_word' id='word_1_106' title='bbox 696 1283 711 1310; x_wconf 85' lang='lat'><strong>,</strong></span> <span class='ocrx_word' id='word_1_107' title='bbox 758 1259 829 1298; x_wconf 86' lang='lat' dir='ltr'><strong>ex</strong></span> <span class='ocrx_word' id='word_1_108' title='bbox 863 1238 972 1296; x_wconf 91' lang='lat' dir='ltr'><strong>hac</strong></span> <span class='ocrx_word' id='word_1_109' title='bbox 995 1249 1161 1318; x_wconf 88' lang='lat' dir='ltr'><strong>parte</strong></span> <span class='ocrx_word' id='word_1_110' title='bbox 1181 1283 1197 1311; x_wconf 85' lang='lat'><strong>,</strong></span> <span class='ocrx_word' id='word_1_111' title='bbox 1247 1237 1400 1296; x_wconf 88' lang='lat' dir='ltr'><strong>illius</strong></span> <span class='ocrx_word' id='word_1_112' title='bbox 1428 1237 1838 1296; x_wconf 81' lang='lat' dir='ltr'><strong>damnationiS.</strong></span> <span class='ocrx_word' id='word_1_113' title='bbox 1886 1239 1986 1298; x_wconf 84' lang='lat' dir='ltr'><strong>Ast</strong></span> <span class='ocrx_word' id='word_1_114' title='bbox 2012 1238 2084 1298; x_wconf 89' lang='lat' dir='ltr'><strong>de</strong></span> <span class='ocrx_word' id='word_1_115' title='bbox 2107 1239 2218 1298; x_wconf 87' lang='lat' dir='ltr'><strong>hoc</strong></span> 
     </span>
     <span class='ocr_line' id='line_1_14' title="bbox 107 1323 2174 1392; baseline -0.002 0"><span class='ocrx_word' id='word_1_116' title='bbox 107 1332 262 1392; x_wconf 89' lang='lat' dir='ltr'><strong>alibi.</strong></span> <span class='ocrx_word' id='word_1_117' title='bbox 2170 1323 2174 1329; x_wconf 49' lang='lat'><strong>⁴</strong></span> 
     </span>
    </p>

    <p class='ocr_par' dir='ltr' id='par_1_4' title="bbox 107 1424 2215 1602">
     <span class='ocr_line' id='line_1_15' title="bbox 192 1424 2212 1507; baseline 0 -22"><span class='ocrx_word' id='word_1_118' title='bbox 192 1427 326 1486; x_wconf 89' lang='lat'>111.</span> <span class='ocrx_word' id='word_1_119' title='bbox 375 1426 464 1486; x_wconf 88' lang='lat' dir='ltr'><strong>Ad</strong></span> <span class='ocrx_word' id='word_1_120' title='bbox 500 1425 606 1499; x_wconf 81' lang='lat'><strong>3¹1¹,</strong></span> <span class='ocrx_word' id='word_1_121' title='bbox 655 1427 813 1485; x_wconf 77' lang='lat' dir='ltr'><strong>Dist.</strong></span> <span class='ocrx_word' id='word_1_122' title='bbox 861 1427 1036 1484; x_wconf 81' lang='lat' dir='ltr'><strong>Juxta</strong></span> <span class='ocrx_word' id='word_1_123' title='bbox 1072 1424 1416 1485; x_wconf 89' lang='lat' dir='ltr'><strong>methodum</strong></span> <span class='ocrx_word' id='word_1_124' title='bbox 1442 1436 1642 1483; x_wconf 85' lang='lat' dir='ltr'><strong>tamen</strong></span> <span class='ocrx_word' id='word_1_125' title='bbox 1679 1445 1744 1483; x_wconf 89' lang='lat' dir='ltr'><strong>ac</strong></span> <span class='ocrx_word' id='word_1_126' title='bbox 1777 1426 2059 1507; x_wconf 88' lang='lat' dir='ltr'><strong>principia</strong></span> <span class='ocrx_word' id='word_1_127' title='bbox 2088 1448 2212 1502; x_wconf 81' lang='lat' dir='ltr'><strong>sua,</strong></span> 
     </span>
     <span class='ocr_line' id='line_1_16' title="bbox 107 1517 2215 1602; baseline 0.001 -23"><span class='ocrx_word' id='word_1_128' title='bbox 107 1540 231 1602; x_wconf 84' lang='lat' dir='ltr'><strong>quae</strong></span> <span class='ocrx_word' id='word_1_129' title='bbox 275 1541 380 1580; x_wconf 90' lang='lat' dir='ltr'><strong>nec</strong></span> <span class='ocrx_word' id='word_1_130' title='bbox 421 1519 739 1579; x_wconf 88' lang='lat' dir='ltr'><strong>christiano</strong></span> <span class='ocrx_word' id='word_1_131' title='bbox 779 1518 1128 1600; x_wconf 90' lang='lat' dir='ltr'><strong>philosopho</strong></span> <span class='ocrx_word' id='word_1_132' title='bbox 1150 1565 1165 1593; x_wconf 88' lang='lat'><strong>,</strong></span> <span class='ocrx_word' id='word_1_133' title='bbox 1214 1539 1322 1578; x_wconf 90' lang='lat' dir='ltr'><strong>nec</strong></span> <span class='ocrx_word' id='word_1_134' title='bbox 1370 1517 1638 1599; x_wconf 80' lang='lat' dir='ltr'><strong>theologo</strong></span> <span class='ocrx_word' id='word_1_135' title='bbox 1675 1518 1908 1600; x_wconf 89' lang='lat' dir='ltr'><strong>probari</strong></span> <span class='ocrx_word' id='word_1_136' title='bbox 1953 1533 2176 1602; x_wconf 87' lang='lat' dir='ltr'><strong>queunt</strong></span> <span class='ocrx_word' id='word_1_137' title='bbox 2195 1568 2215 1596; x_wconf 81' lang='lat'><strong>,</strong></span> 
     </span>
    </p>
   </div>
   <div class='ocr_carea' id='block_1_4' title="bbox 101 1790 1117 2675">
    <p class='ocr_par' dir='ltr' id='par_1_5' title="bbox 101 1790 1117 2675">
     <span class='ocr_line' id='line_1_17' title="bbox 105 1790 1110 1858; baseline -0.003 -17"><span class='ocrx_word' id='word_1_138' title='bbox 105 1792 132 1858; x_wconf 76' lang='lat'>§</span> <span class='ocrx_word' id='word_1_139' title='bbox 158 1791 189 1855; x_wconf 77' lang='grc'>4</span> <span class='ocrx_word' id='word_1_140' title='bbox 204 1828 218 1853; x_wconf 85' lang='grc'><em>,</em></span> <span class='ocrx_word' id='word_1_141' title='bbox 261 1793 318 1841; x_wconf 85' lang='lat' dir='ltr'><strong>ad</strong></span> <span class='ocrx_word' id='word_1_142' title='bbox 347 1809 442 1842; x_wconf 89' lang='lat' dir='ltr'><strong>rem</strong></span> <span class='ocrx_word' id='word_1_143' title='bbox 458 1803 658 1840; x_wconf 86' lang='lat' dir='ltr'><strong>nostram</strong></span> <span class='ocrx_word' id='word_1_144' title='bbox 676 1809 691 1839; x_wconf 73' lang='lat' dir='ltr'><em>z</em></span> <span class='ocrx_word' id='word_1_145' title='bbox 712 1794 874 1856; x_wconf 78' lang='lat' dir='ltr'><strong>Atque</strong></span> <span class='ocrx_word' id='word_1_146' title='bbox 890 1790 988 1840; x_wconf 79' lang='lat' dir='ltr'><strong>illae</strong></span> <span class='ocrx_word' id='word_1_147' title='bbox 1002 1793 1110 1856; x_wconf 74' lang='lat' dir='ltr'><strong>qui·</strong></span> 
     </span>
     <span class='ocr_line' id='line_1_18' title="bbox 106 1873 1114 1939; baseline -0.001 -19"><span class='ocrx_word' id='word_1_148' title='bbox 106 1873 208 1921; x_wconf 82' lang='lat' dir='ltr'><strong>dem</strong></span> <span class='ocrx_word' id='word_1_149' title='bbox 238 1890 399 1922; x_wconf 80' lang='lat' dir='ltr'><strong>omnes</strong></span> <span class='ocrx_word' id='word_1_150' title='bbox 418 1873 788 1939; x_wconf 79' lang='lat' dir='ltr'><strong>(probationes),</strong></span> <span class='ocrx_word' id='word_1_151' title='bbox 815 1874 994 1939; x_wconf 89' lang='lat' dir='ltr'><strong>inquit,</strong></span> <span class='ocrx_word' id='word_1_152' title='bbox 1014 1888 1114 1920; x_wconf 85' lang='lat' dir='ltr'><strong>non</strong></span> 
     </span>
     <span class='ocr_line' id='line_1_19' title="bbox 106 1954 1114 2018; baseline -0.001 -16"><span class='ocrx_word' id='word_1_153' title='bbox 106 1954 286 2004; x_wconf 83' lang='lat' dir='ltr'><strong>idcirco</strong></span> <span class='ocrx_word' id='word_1_154' title='bbox 314 1955 667 2003; x_wconf 67' lang='lat' dir='ltr'><strong>contemnendae</strong></span> <span class='ocrx_word' id='word_1_155' title='bbox 693 1965 859 2015; x_wconf 77' lang='lat' dir='ltr'><strong>erant,</strong></span> <span class='ocrx_word' id='word_1_156' title='bbox 880 1956 999 2018; x_wconf 79' lang='lat' dir='ltr'><strong>qnia</strong></span> <span class='ocrx_word' id='word_1_157' title='bbox 1013 1955 1114 2001; x_wconf 85' lang='lat' dir='ltr'><strong>sin-</strong></span> 
     </span>
     <span class='ocr_line' id='line_1_20' title="bbox 103 2033 1111 2101; baseline 0.005 -17"><span class='ocrx_word' id='word_1_158' title='bbox 103 2036 232 2101; x_wconf 77' lang='lat' dir='ltr'><strong>quloe</strong></span> <span class='ocrx_word' id='word_1_159' title='bbox 268 2052 367 2083; x_wconf 91' lang='lat' dir='ltr'><strong>non</strong></span> <span class='ocrx_word' id='word_1_160' title='bbox 404 2038 669 2084; x_wconf 81' lang='lat' dir='ltr'><strong>necessario</strong></span> <span class='ocrx_word' id='word_1_161' title='bbox 707 2045 753 2084; x_wconf 84' lang='lat' dir='ltr'><strong>et</strong></span> <span class='ocrx_word' id='word_1_162' title='bbox 783 2033 1111 2089; x_wconf 68' lang='grc' dir='ltr'><strong>οἱποδεικτικὸς</strong></span> 
     </span>
     <span class='ocr_line' id='line_1_21' title="bbox 105 2117 1112 2185; baseline 0.001 -20"><span class='ocrx_word' id='word_1_163' title='bbox 105 2119 357 2179; x_wconf 76' lang='lat' dir='ltr'><strong>evincunt,</strong></span> <span class='ocrx_word' id='word_1_164' title='bbox 383 2119 547 2182; x_wconf 78' lang='lat' dir='ltr'><strong>&#39;neque</strong></span> <span class='ocrx_word' id='word_1_165' title='bbox 578 2134 638 2166; x_wconf 63' lang='lat' dir='ltr'><strong>eat</strong></span> <span class='ocrx_word' id='word_1_166' title='bbox 660 2117 981 2166; x_wconf 76' lang='lat' dir='ltr'><strong>anterioribus</strong></span> <span class='ocrx_word' id='word_1_167' title='bbox 1003 2121 1112 2185; x_wconf 82' lang='lat' dir='ltr'><strong>pri-</strong></span> 
     </span>
     <span class='ocr_line' id='line_1_22' title="bbox 105 2199 1114 2265; baseline 0.004 -21"><span class='ocrx_word' id='word_1_168' title='bbox 105 2199 288 2262; x_wconf 78' lang='lat' dir='ltr'><strong>misque</strong></span> <span class='ocrx_word' id='word_1_169' title='bbox 317 2206 430 2246; x_wconf 77' lang='lat' dir='ltr'><strong>sunt</strong></span> <span class='ocrx_word' id='word_1_170' title='bbox 449 2200 611 2264; x_wconf 77' lang='lat' dir='ltr'><strong>petitoe</strong></span> <span class='ocrx_word' id='word_1_171' title='bbox 626 2220 645 2257; x_wconf 88' lang='lat'><em>;</em></span> <span class='ocrx_word' id='word_1_172' title='bbox 675 2200 756 2248; x_wconf 78' lang='lat' dir='ltr'><strong>sed</strong></span> <span class='ocrx_word' id='word_1_173' title='bbox 778 2217 831 2248; x_wconf 88' lang='lat' dir='ltr'><strong>eo</strong></span> <span class='ocrx_word' id='word_1_174' title='bbox 857 2202 1024 2264; x_wconf 80' lang='lat' dir='ltr'><strong>maqni</strong></span> <span class='ocrx_word' id='word_1_175' title='bbox 1034 2199 1114 2265; x_wconf 81' lang='lat' dir='ltr'><strong>fa-</strong></span> 
     </span>
     <span class='ocr_line' id='line_1_23' title="bbox 104 2279 1115 2344; baseline 0.002 -17"><span class='ocrx_word' id='word_1_176' title='bbox 104 2279 317 2338; x_wconf 78' lang='lat' dir='ltr'><strong>ciendoe,</strong></span> <span class='ocrx_word' id='word_1_177' title='bbox 364 2280 484 2344; x_wconf 79' lang='lat' dir='ltr'><strong>qaia</strong></span> <span class='ocrx_word' id='word_1_178' title='bbox 523 2279 724 2331; x_wconf 81' lang='lat' dir='ltr'><strong>collectos</strong></span> <span class='ocrx_word' id='word_1_179' title='bbox 767 2282 824 2328; x_wconf 84' lang='lat' dir='ltr'><strong>in</strong></span> <span class='ocrx_word' id='word_1_180' title='bbox 871 2296 1028 2329; x_wconf 70' lang='lat' dir='ltr'><strong>unum</strong></span> <span class='ocrx_word' id='word_1_181' title='bbox 1071 2290 1115 2329; x_wconf 77' lang='lat' dir='ltr'><strong>st</strong></span> 
     </span>
     <span class='ocr_line' id='line_1_24' title="bbox 105 2362 1113 2429; baseline 0.001 -19"><span class='ocrx_word' id='word_1_182' title='bbox 105 2369 389 2411; x_wconf 59' lang='lat' dir='ltr'><strong>coacervata)</strong></span> <span class='ocrx_word' id='word_1_183' title='bbox 426 2363 743 2411; x_wconf 77' lang='lat' dir='ltr'><strong>necessariam</strong></span> <span class='ocrx_word' id='word_1_184' title='bbox 773 2362 1113 2429; x_wconf 79' lang='lat' dir='ltr'><strong>propemodum</strong></span> 
     </span>
     <span class='ocr_line' id='line_1_25' title="bbox 101 2445 1116 2512; baseline 0.002 -19"><span class='ocrx_word' id='word_1_185' title='bbox 101 2446 262 2508; x_wconf 55' lang='lat' dir='ltr'><strong>fidem&#39;</strong></span> <span class='ocrx_word' id='word_1_186' title='bbox 276 2445 471 2510; x_wconf 80' lang='lat' dir='ltr'><strong>faciant</strong></span> <span class='ocrx_word' id='word_1_187' title='bbox 511 2445 642 2512; x_wconf 81' lang='lat' dir='ltr'><strong>apud</strong></span> <span class='ocrx_word' id='word_1_188' title='bbox 680 2462 784 2508; x_wconf 83' lang='lat' dir='ltr'><strong>eos,</strong></span> <span class='ocrx_word' id='word_1_189' title='bbox 829 2446 916 2511; x_wconf 82' lang='lat' dir='ltr'><strong>qui</strong></span> <span class='ocrx_word' id='word_1_190' title='bbox 949 2455 994 2495; x_wconf 79' lang='lat' dir='ltr'><strong>et</strong></span> <span class='ocrx_word' id='word_1_191' title='bbox 1035 2447 1116 2495; x_wconf 75' lang='lat' dir='ltr'><strong>sui</strong></span> 
     </span>
     <span class='ocr_line' id='line_1_26' title="bbox 106 2524 1117 2592; baseline 0.002 -18"><span class='ocrx_word' id='word_1_192' title='bbox 106 2535 337 2592; x_wconf 80' lang='lat' dir='ltr'><strong>compotes</strong></span> <span class='ocrx_word' id='word_1_193' title='bbox 361 2535 475 2574; x_wconf 79' lang='lat' dir='ltr'><strong>sant</strong></span> <span class='ocrx_word' id='word_1_194' title='bbox 488 2562 506 2588; x_wconf 91' lang='lat'><strong>,</strong></span> <span class='ocrx_word' id='word_1_195' title='bbox 542 2535 586 2575; x_wconf 82' lang='lat' dir='ltr'><strong>et</strong></span> <span class='ocrx_word' id='word_1_196' title='bbox 608 2529 814 2576; x_wconf 79' lang='lat' dir='ltr'><strong>rationis</strong></span> <span class='ocrx_word' id='word_1_197' title='bbox 836 2524 1117 2586; x_wconf 58' lang='lat' dir='ltr'><strong>hamati-</strong></span> 
     </span>
     <span class='ocr_line' id='line_1_27' title="bbox 106 2607 1116 2675; baseline 0.003 -20"><span class='ocrx_word' id='word_1_198' title='bbox 106 2608 224 2672; x_wconf 78' lang='lat' dir='ltr'><strong>quid</strong></span> <span class='ocrx_word' id='word_1_199' title='bbox 257 2625 313 2656; x_wconf 90' lang='lat' dir='ltr'><strong>ac</strong></span> <span class='ocrx_word' id='word_1_200' title='bbox 336 2607 546 2674; x_wconf 79' lang='lat' dir='ltr'><strong>judicii.</strong></span> <span class='ocrx_word' id='word_1_201' title='bbox 587 2607 786 2657; x_wconf 80' lang='lat' dir='ltr'><strong>Etenim</strong></span> <span class='ocrx_word' id='word_1_202' title='bbox 811 2609 1116 2675; x_wconf 70' lang='lat' dir='ltr'><strong>probationes</strong></span> 
     </span>
    </p>
   </div>
   <div class='ocr_carea' id='block_1_5' title="bbox 14 2688 1112 2756">
    <p class='ocr_par' dir='ltr' id='par_1_6' title="bbox 14 2688 1112 2756">
     <span class='ocr_line' id='line_1_28' title="bbox 14 2688 1112 2756; baseline 0.001 -19"><span class='ocrx_word' id='word_1_203' title='bbox 14 2746 17 2747; x_wconf 15' lang='lat'><em>⁷</em></span> <span class='ocrx_word' id='word_1_204' title='bbox 105 2688 233 2750; x_wconf 85' lang='lat' dir='ltr'><strong>illoe,</strong></span> <span class='ocrx_word' id='word_1_205' title='bbox 260 2690 435 2754; x_wconf 76' lang='lat' dir='ltr'><strong>quibus</strong></span> <span class='ocrx_word' id='word_1_206' title='bbox 453 2689 670 2756; x_wconf 80' lang='lat' dir='ltr'><strong>prudens</strong></span> <span class='ocrx_word' id='word_1_207' title='bbox 686 2692 894 2739; x_wconf 83' lang='lat' dir='ltr'><strong>assensio</strong></span> <span class='ocrx_word' id='word_1_208' title='bbox 911 2691 1112 2752; x_wconf 75' lang='lat' dir='ltr'><strong>nititur,</strong></span> 
     </span>
    </p>
   </div>
   <div class='ocr_carea' id='block_1_6' title="bbox 102 2772 1117 3657">
    <p class='ocr_par' dir='ltr' id='par_1_7' title="bbox 102 2772 1117 3657">
     <span class='ocr_line' id='line_1_29' title="bbox 103 2772 1116 2838; baseline 0 -17"><span class='ocrx_word' id='word_1_209' title='bbox 103 2788 223 2838; x_wconf 75' lang='lat' dir='ltr'><strong>quas</strong></span> <span class='ocrx_word' id='word_1_210' title='bbox 262 2772 463 2821; x_wconf 84' lang='lat' dir='ltr'><strong>morales</strong></span> <span class='ocrx_word' id='word_1_211' title='bbox 495 2773 600 2821; x_wconf 85' lang='lat' dir='ltr'><strong>ideo</strong></span> <span class='ocrx_word' id='word_1_212' title='bbox 640 2782 841 2833; x_wconf 80' lang='lat' dir='ltr'><strong>vocant,</strong></span> <span class='ocrx_word' id='word_1_213' title='bbox 890 2773 1016 2838; x_wconf 78' lang='lat' dir='ltr'><strong>quod</strong></span> <span class='ocrx_word' id='word_1_214' title='bbox 1050 2773 1116 2821; x_wconf 80' lang='lat' dir='ltr'><strong>ad</strong></span> 
     </span>
     <span class='ocr_line' id='line_1_30' title="bbox 102 2853 1113 2922; baseline 0.002 -21"><span class='ocrx_word' id='word_1_215' title='bbox 102 2853 436 2919; x_wconf 76' lang='lat' dir='ltr'><strong>yubernandos</strong></span> <span class='ocrx_word' id='word_1_216' title='bbox 471 2870 623 2902; x_wconf 85' lang='lat' dir='ltr'><strong>mores</strong></span> <span class='ocrx_word' id='word_1_217' title='bbox 654 2854 944 2903; x_wconf 73' lang='lat' dir='ltr'><strong>adhibentur</strong></span> <span class='ocrx_word' id='word_1_218' title='bbox 959 2892 974 2912; x_wconf 94' lang='lat'><em>‚</em></span> <span class='ocrx_word' id='word_1_219' title='bbox 1007 2854 1113 2922; x_wconf 86' lang='lat' dir='ltr'><strong>ple-</strong></span> 
     </span>
     <span class='ocr_line' id='line_1_31' title="bbox 104 2937 1112 3002; baseline 0.002 -19"><span class='ocrx_word' id='word_1_220' title='bbox 104 2951 304 3000; x_wconf 78' lang='lat' dir='ltr'><strong>rumque</strong></span> <span class='ocrx_word' id='word_1_221' title='bbox 332 2952 430 2984; x_wconf 90' lang='lat' dir='ltr'><strong>non</strong></span> <span class='ocrx_word' id='word_1_222' title='bbox 456 2937 620 2987; x_wconf 77' lang='lat' dir='ltr'><strong>minas</strong></span> <span class='ocrx_word' id='word_1_223' title='bbox 644 2946 819 2985; x_wconf 87' lang='lat' dir='ltr'><strong>certam</strong></span> <span class='ocrx_word' id='word_1_224' title='bbox 839 2939 892 2986; x_wconf 87' lang='lat' dir='ltr'><strong>in</strong></span> <span class='ocrx_word' id='word_1_225' title='bbox 923 2954 1008 2986; x_wconf 81' lang='lat' dir='ltr'><strong>suo</strong></span> <span class='ocrx_word' id='word_1_226' title='bbox 1030 2955 1112 3002; x_wconf 78' lang='lat' dir='ltr'><strong>qe-</strong></span> 
     </span>
     <span class='ocr_line' id='line_1_32' title="bbox 105 3017 1110 3084; baseline 0.001 -18"><span class='ocrx_word' id='word_1_227' title='bbox 105 3033 215 3066; x_wconf 82' lang='lat' dir='ltr'><strong>nere</strong></span> <span class='ocrx_word' id='word_1_228' title='bbox 249 3017 394 3082; x_wconf 79' lang='lat' dir='ltr'><strong>fidem</strong></span> <span class='ocrx_word' id='word_1_229' title='bbox 428 3019 650 3082; x_wconf 74' lang='lat' dir='ltr'><strong>faciunt,</strong></span> <span class='ocrx_word' id='word_1_230' title='bbox 689 3036 833 3084; x_wconf 79' lang='lat' dir='ltr'><strong>quam</strong></span> <span class='ocrx_word' id='word_1_231' title='bbox 875 3022 930 3067; x_wconf 90' lang='lat' dir='ltr'><strong>in</strong></span> <span class='ocrx_word' id='word_1_232' title='bbox 974 3020 1110 3067; x_wconf 83' lang='lat' dir='ltr'><strong>rebus</strong></span> 
     </span>
     <span class='ocr_line' id='line_1_33' title="bbox 107 3098 1114 3150; baseline 0.004 -5"><span class='ocrx_word' id='word_1_233' title='bbox 107 3098 411 3147; x_wconf 72' lang='lat' dir='ltr'><strong>naturalibus</strong></span> <span class='ocrx_word' id='word_1_234' title='bbox 436 3108 523 3148; x_wconf 80' lang='lat' dir='ltr'><strong>aut</strong></span> <span class='ocrx_word' id='word_1_235' title='bbox 549 3099 894 3150; x_wconf 69' lang='lat' dir='ltr'><strong>mathematicis</strong></span> <span class='ocrx_word' id='word_1_236' title='bbox 923 3101 1114 3150; x_wconf 83' lang='lat' dir='ltr'><strong>demon-</strong></span> 
     </span>
     <span class='ocr_line' id='line_1_34' title="bbox 108 3180 1114 3248; baseline 0.009 -25"><span class='ocrx_word' id='word_1_237' title='bbox 108 3180 355 3227; x_wconf 78' lang='lat' dir='ltr'><strong>strationes</strong></span> <span class='ocrx_word' id='word_1_238' title='bbox 384 3180 601 3245; x_wconf 69' lang='lat' dir='ltr'><strong>quaelibet</strong></span> <span class='ocrx_word' id='word_1_239' title='bbox 626 3192 813 3230; x_wconf 69' lang='lat' dir='ltr'><strong>exactae.</strong></span> <span class='ocrx_word' id='word_1_240' title='bbox 845 3182 1114 3248; x_wconf 86' lang='lat' dir='ltr'><strong>Opportune</strong></span> 
     </span>
     <span class='ocr_line' id='line_1_35' title="bbox 107 3259 1117 3330; baseline 0.006 -24"><span class='ocrx_word' id='word_1_241' title='bbox 107 3259 241 3306; x_wconf 87' lang='lat' dir='ltr'><strong>etiam</strong></span> <span class='ocrx_word' id='word_1_242' title='bbox 271 3259 331 3310; x_wconf 90' lang='lat' dir='ltr'><strong>cl.</strong></span> <span class='ocrx_word' id='word_1_243' title='bbox 354 3259 648 3312; x_wconf 86' lang='lat' dir='ltr'><strong>Valsecchius</strong></span> <span class='ocrx_word' id='word_1_244' title='bbox 672 3302 684 3324; x_wconf 86' lang='lat'>‚</span> <span class='ocrx_word' id='word_1_245' title='bbox 722 3267 772 3312; x_wconf 87' lang='lat' dir='ltr'><strong>in</strong></span> <span class='ocrx_word' id='word_1_246' title='bbox 801 3281 878 3330; x_wconf 87' lang='lat' dir='ltr'><strong>op.</strong></span> <span class='ocrx_word' id='word_1_247' title='bbox 909 3268 989 3313; x_wconf 90' lang='lat' dir='ltr'><strong>cit.</strong></span> <span class='ocrx_word' id='word_1_248' title='bbox 1011 3264 1117 3312; x_wconf 79' lang='lat' dir='ltr'><strong>Dei</strong></span> 
     </span>
     <span class='ocr_line' id='line_1_36' title="bbox 105 3334 1112 3410; baseline 0.01 -26"><span class='ocrx_word' id='word_1_249' title='bbox 105 3334 429 3404; x_wconf 75' lang='lat' dir='ltr'><strong>fundamenti,</strong></span> <span class='ocrx_word' id='word_1_250' title='bbox 458 3350 549 3393; x_wconf 86' lang='lat' dir='ltr'><strong>etc.</strong></span> <span class='ocrx_word' id='word_1_251' title='bbox 577 3361 677 3410; x_wconf 87' lang='lat' dir='ltr'><strong>cap.</strong></span> <span class='ocrx_word' id='word_1_252' title='bbox 703 3346 791 3394; x_wconf 89' lang='lat' dir='ltr'><strong>ult.</strong></span> <span class='ocrx_word' id='word_1_253' title='bbox 821 3346 1112 3394; x_wconf 85' lang='lat' dir='ltr'><strong>animadver-</strong></span> 
     </span>
     <span class='ocr_line' id='line_1_37' title="bbox 109 3420 1114 3494; baseline 0.01 -27"><span class='ocrx_word' id='word_1_254' title='bbox 109 3421 163 3467; x_wconf 78' lang='lat' dir='ltr'><strong>tit</strong></span> <span class='ocrx_word' id='word_1_255' title='bbox 180 3456 194 3480; x_wconf 89' lang='lat'><strong>,</strong></span> <span class='ocrx_word' id='word_1_256' title='bbox 231 3420 521 3474; x_wconf 80' lang='lat' dir='ltr'><strong>christianam</strong></span> <span class='ocrx_word' id='word_1_257' title='bbox 552 3428 875 3478; x_wconf 82' lang='lat' dir='ltr'><strong>revelationem</strong></span> <span class='ocrx_word' id='word_1_258' title='bbox 907 3445 961 3477; x_wconf 88' lang='lat' dir='ltr'><strong>eo</strong></span> <span class='ocrx_word' id='word_1_259' title='bbox 985 3445 1114 3494; x_wconf 87' lang='lat' dir='ltr'><strong>posse</strong></span> 
     </span>
     <span class='ocr_line' id='line_1_38' title="bbox 110 3507 1112 3576; baseline 0.01 -28"><span class='ocrx_word' id='word_1_260' title='bbox 110 3517 248 3549; x_wconf 86' lang='lat' dir='ltr'><strong>sensu</strong></span> <span class='ocrx_word' id='word_1_261' title='bbox 290 3507 561 3566; x_wconf 63' lang='lat' dir='ltr'><strong>geometrice</strong></span> <span class='ocrx_word' id='word_1_262' title='bbox 603 3508 940 3571; x_wconf 83' lang='lat' dir='ltr'><strong>demonstrari,</strong></span> <span class='ocrx_word' id='word_1_263' title='bbox 961 3572 963 3574; x_wconf 21' lang='grc' dir='ltr'>Ι</span> <span class='ocrx_word' id='word_1_264' title='bbox 986 3509 1112 3576; x_wconf 87' lang='lat' dir='ltr'><strong>quod</strong></span> 
     </span>
     <span class='ocr_line' id='line_1_39' title="bbox 110 3581 1107 3657; baseline 0.014 -29"><span class='ocrx_word' id='word_1_265' title='bbox 110 3581 206 3630; x_wconf 82' lang='lat' dir='ltr'><strong>haec</strong></span> <span class='ocrx_word' id='word_1_266' title='bbox 223 3582 543 3636; x_wconf 71' lang='lat' dir='ltr'><strong>demonstratio</strong></span> <span class='ocrx_word' id='word_1_267' title='bbox 558 3589 750 3640; x_wconf 80' lang='lat' dir='ltr'><strong>formam</strong></span> <span class='ocrx_word' id='word_1_268' title='bbox 767 3594 1107 3657; x_wconf 82' lang='lat' dir='ltr'><strong>geometricam,</strong></span> 
     </span>
    </p>
   </div>
   <div class='ocr_carea' id='block_1_7' title="bbox 1195 1790 2256 3658">
    <p class='ocr_par' dir='ltr' id='par_1_8' title="bbox 1195 1790 2256 3658">
     <span class='ocr_line' id='line_1_40' title="bbox 1200 1790 2216 1844; baseline 0.006 -6"><span class='ocrx_word' id='word_1_269' title='bbox 1200 1790 1400 1840; x_wconf 73' lang='lat' dir='ltr'><strong>strictam</strong></span> <span class='ocrx_word' id='word_1_270' title='bbox 1436 1793 1657 1840; x_wconf 86' lang='lat' dir='ltr'><strong>nimirum</strong></span> <span class='ocrx_word' id='word_1_271' title='bbox 1700 1808 1754 1840; x_wconf 87' lang='lat' dir='ltr'><strong>ac</strong></span> <span class='ocrx_word' id='word_1_272' title='bbox 1785 1803 2044 1841; x_wconf 75' lang='lat' dir='ltr'><strong>contextam</strong></span> <span class='ocrx_word' id='word_1_273' title='bbox 2081 1796 2216 1844; x_wconf 71' lang='lat' dir='ltr'><strong>tatio-</strong></span> 
     </span>
     <span class='ocr_line' id='line_1_41' title="bbox 1198 1873 2212 1939; baseline 0.003 -18"><span class='ocrx_word' id='word_1_274' title='bbox 1198 1875 1484 1922; x_wconf 87' lang='lat' dir='ltr'><strong>cinationum</strong></span> <span class='ocrx_word' id='word_1_275' title='bbox 1505 1910 1519 1933; x_wconf 86' lang='lat'><strong>,</strong></span> <span class='ocrx_word' id='word_1_276' title='bbox 1559 1873 1730 1923; x_wconf 87' lang='lat' dir='ltr'><strong>habere</strong></span> <span class='ocrx_word' id='word_1_277' title='bbox 1772 1884 1940 1939; x_wconf 88' lang='lat' dir='ltr'><strong>queat,</strong></span> <span class='ocrx_word' id='word_1_278' title='bbox 1982 1891 2077 1923; x_wconf 90' lang='lat' dir='ltr'><strong>non</strong></span> <span class='ocrx_word' id='word_1_279' title='bbox 2105 1893 2212 1925; x_wconf 86' lang='lat' dir='ltr'><strong>vero</strong></span> 
     </span>
     <span class='ocr_line' id='line_1_42' title="bbox 1197 1957 2215 2020; baseline 0.005 -19"><span class='ocrx_word' id='word_1_280' title='bbox 1197 1964 1411 2003; x_wconf 86' lang='lat' dir='ltr'><strong>naturam</strong></span> <span class='ocrx_word' id='word_1_281' title='bbox 1442 1957 1711 2020; x_wconf 86' lang='lat' dir='ltr'><strong>quantitatis</strong></span> <span class='ocrx_word' id='word_1_282' title='bbox 1739 1959 2056 2020; x_wconf 86' lang='lat' dir='ltr'><strong>geometricae;</strong></span> <span class='ocrx_word' id='word_1_283' title='bbox 2088 1975 2215 2006; x_wconf 86' lang='lat' dir='ltr'><strong>secus</strong></span> 
     </span>
     <span class='ocr_line' id='line_1_43' title="bbox 1198 2034 2211 2103; baseline 0.004 -20"><span class='ocrx_word' id='word_1_284' title='bbox 1198 2037 1322 2083; x_wconf 88' lang='lat' dir='ltr'><strong>enim</strong></span> <span class='ocrx_word' id='word_1_285' title='bbox 1360 2034 1484 2084; x_wconf 88' lang='lat' dir='ltr'><strong>Deus</strong></span> <span class='ocrx_word' id='word_1_286' title='bbox 1521 2036 1576 2084; x_wconf 80' lang='lat' dir='ltr'><strong>ac</strong></span> <span class='ocrx_word' id='word_1_287' title='bbox 1618 2036 1833 2085; x_wconf 82' lang='lat' dir='ltr'><strong>revelatio</strong></span> <span class='ocrx_word' id='word_1_288' title='bbox 1874 2034 2053 2103; x_wconf 87' lang='lat' dir='ltr'><strong>objecta</strong></span> <span class='ocrx_word' id='word_1_289' title='bbox 2088 2055 2211 2087; x_wconf 85' lang='lat' dir='ltr'><strong>mere</strong></span> 
     </span>
     <span class='ocr_line' id='line_1_44' title="bbox 1196 2116 2213 2183; baseline 0 -18"><span class='ocrx_word' id='word_1_290' title='bbox 1196 2116 1432 2166; x_wconf 79' lang='lat' dir='ltr'><strong>rationalia</strong></span> <span class='ocrx_word' id='word_1_291' title='bbox 1448 2125 1593 2167; x_wconf 86' lang='lat' dir='ltr'><strong>essent</strong></span> <span class='ocrx_word' id='word_1_292' title='bbox 1609 2155 1623 2177; x_wconf 90' lang='lat'><em>‚</em></span> <span class='ocrx_word' id='word_1_293' title='bbox 1653 2127 1792 2183; x_wconf 89' lang='lat' dir='ltr'><strong>prout</strong></span> <span class='ocrx_word' id='word_1_294' title='bbox 1820 2127 1930 2166; x_wconf 86' lang='lat' dir='ltr'><strong>sunt</strong></span> <span class='ocrx_word' id='word_1_295' title='bbox 1957 2119 2213 2171; x_wconf 84' lang='lat' dir='ltr'><strong>matheseos</strong></span> 
     </span>
     <span class='ocr_line' id='line_1_45' title="bbox 1197 2186 2210 2267; baseline 0.002 -18"><span class='ocrx_word' id='word_1_296' title='bbox 1197 2201 1397 2267; x_wconf 87' lang='lat' dir='ltr'><strong>objecta.</strong></span> <span class='ocrx_word' id='word_1_297' title='bbox 1413 2200 1553 2250; x_wconf 86' lang='lat' dir='ltr'><strong>Suam</strong></span> <span class='ocrx_word' id='word_1_298' title='bbox 1571 2201 1656 2250; x_wconf 90' lang='lat' dir='ltr'><strong>hac</strong></span> <span class='ocrx_word' id='word_1_299' title='bbox 1673 2212 1767 2250; x_wconf 84' lang='lat' dir='ltr'><strong>arte</strong></span> <span class='ocrx_word' id='word_1_300' title='bbox 1787 2203 1910 2249; x_wconf 87' lang='lat' dir='ltr'><strong>idem</strong></span> <span class='ocrx_word' id='word_1_301' title='bbox 1925 2213 2084 2251; x_wconf 87' lang='lat' dir='ltr'><strong>auctor</strong></span> <span class='ocrx_word' id='word_1_302' title='bbox 2098 2186 2189 2251; x_wconf 75' lang='lat' dir='ltr'><strong>con</strong></span> <span class='ocrx_word' id='word_1_303' title='bbox 2198 2231 2210 2239; x_wconf 92' lang='lat'>-</span> 
     </span>
     <span class='ocr_line' id='line_1_46' title="bbox 1196 2283 2216 2334; baseline 0.001 -1"><span class='ocrx_word' id='word_1_304' title='bbox 1196 2284 1293 2333; x_wconf 85' lang='lat' dir='ltr'><strong>ficit</strong></span> <span class='ocrx_word' id='word_1_305' title='bbox 1324 2285 1761 2333; x_wconf 86' lang='lat' dir='ltr'><strong>demonstrationem</strong></span> <span class='ocrx_word' id='word_1_306' title='bbox 1798 2283 1858 2332; x_wconf 90' lang='lat' dir='ltr'><strong>de</strong></span> <span class='ocrx_word' id='word_1_307' title='bbox 1891 2285 2012 2333; x_wconf 88' lang='lat' dir='ltr'><strong>facto</strong></span> <span class='ocrx_word' id='word_1_308' title='bbox 2046 2285 2216 2334; x_wconf 83' lang='lat' dir='ltr'><strong>revela-</strong></span> 
     </span>
     <span class='ocr_line' id='line_1_47' title="bbox 1196 2351 2215 2431; baseline 0 -17"><span class='ocrx_word' id='word_1_309' title='bbox 1196 2367 1337 2414; x_wconf 86' lang='lat' dir='ltr'><strong>tionis</strong></span> <span class='ocrx_word' id='word_1_310' title='bbox 1361 2404 1375 2427; x_wconf 92' lang='lat'><strong>,</strong></span> <span class='ocrx_word' id='word_1_311' title='bbox 1430 2351 1495 2414; x_wconf 76' lang='lat' dir='ltr'><strong>eo¹</strong></span> <span class='ocrx_word' id='word_1_312' title='bbox 1529 2382 1697 2430; x_wconf 88' lang='lat' dir='ltr'><strong>nempe</strong></span> <span class='ocrx_word' id='word_1_313' title='bbox 1739 2365 2045 2431; x_wconf 79' lang='lat' dir='ltr'><strong>metaphysieo</strong></span> <span class='ocrx_word' id='word_1_314' title='bbox 2087 2368 2215 2415; x_wconf 86' lang='lat' dir='ltr'><strong>nisus</strong></span> 
     </span>
     <span class='ocr_line' id='line_1_48' title="bbox 1197 2446 2215 2513; baseline 0.001 -17"><span class='ocrx_word' id='word_1_315' title='bbox 1197 2450 1421 2513; x_wconf 85' lang='lat' dir='ltr'><strong>principio</strong></span> <span class='ocrx_word' id='word_1_316' title='bbox 1442 2484 1456 2507; x_wconf 93' lang='lat'><strong>,</strong></span> <span class='ocrx_word' id='word_1_317' title='bbox 1500 2446 1658 2513; x_wconf 88' lang='lat' dir='ltr'><strong>quod,</strong></span> <span class='ocrx_word' id='word_1_318' title='bbox 1704 2449 1741 2495; x_wconf 86' lang='lat' dir='ltr'><strong>si</strong></span> <span class='ocrx_word' id='word_1_319' title='bbox 1777 2447 1916 2496; x_wconf 87' lang='lat' dir='ltr'><strong>detur</strong></span> <span class='ocrx_word' id='word_1_320' title='bbox 1948 2447 2215 2513; x_wconf 84' lang='lat' dir='ltr'><strong>complexus</strong></span> 
     </span>
     <span class='ocr_line' id='line_1_49' title="bbox 1199 2528 2212 2596; baseline 0.001 -19"><span class='ocrx_word' id='word_1_321' title='bbox 1199 2529 1403 2594; x_wconf 88' lang='lat' dir='ltr'><strong>plurium</strong></span> <span class='ocrx_word' id='word_1_322' title='bbox 1455 2529 1684 2578; x_wconf 84' lang='lat' dir='ltr'><strong>factorum</strong></span> <span class='ocrx_word' id='word_1_323' title='bbox 1727 2528 2029 2578; x_wconf 85' lang='lat' dir='ltr'><strong>indubiorum</strong></span> <span class='ocrx_word' id='word_1_324' title='bbox 2047 2565 2060 2590; x_wconf 87' lang='lat'>‚</span> <span class='ocrx_word' id='word_1_325' title='bbox 2107 2545 2212 2596; x_wconf 84' lang='lat' dir='ltr'><strong>quae</strong></span> 
     </span>
     <span class='ocr_line' id='line_1_50' title="bbox 1197 2609 2210 2677; baseline 0 -18"><span class='ocrx_word' id='word_1_326' title='bbox 1197 2611 1390 2677; x_wconf 88' lang='lat' dir='ltr'><strong>quidem</strong></span> <span class='ocrx_word' id='word_1_327' title='bbox 1420 2612 1599 2670; x_wconf 88' lang='lat' dir='ltr'><strong>omnia,</strong></span> <span class='ocrx_word' id='word_1_328' title='bbox 1625 2609 1706 2658; x_wconf 89' lang='lat' dir='ltr'><strong>ubi</strong></span> <span class='ocrx_word' id='word_1_329' title='bbox 1727 2609 1914 2676; x_wconf 88' lang='lat' dir='ltr'><strong>aliquod</strong></span> <span class='ocrx_word' id='word_1_330' title='bbox 1934 2612 2210 2675; x_wconf 88' lang='lat' dir='ltr'><strong>principium</strong></span> 
     </span>
     <span class='ocr_line' id='line_1_51' title="bbox 1196 2692 2212 2757; baseline -0.001 -17"><span class='ocrx_word' id='word_1_331' title='bbox 1196 2702 1396 2757; x_wconf 88' lang='lat' dir='ltr'><strong>ponatur</strong></span> <span class='ocrx_word' id='word_1_332' title='bbox 1415 2728 1428 2751; x_wconf 92' lang='lat'>‚</span> <span class='ocrx_word' id='word_1_333' title='bbox 1465 2694 1550 2740; x_wconf 86' lang='lat' dir='ltr'><strong>rite</strong></span> <span class='ocrx_word' id='word_1_334' title='bbox 1585 2708 1640 2740; x_wconf 89' lang='lat' dir='ltr'><strong>ac</strong></span> <span class='ocrx_word' id='word_1_335' title='bbox 1670 2692 1866 2756; x_wconf 86' lang='lat' dir='ltr'><strong>perfecte</strong></span> <span class='ocrx_word' id='word_1_336' title='bbox 1903 2692 2212 2757; x_wconf 78' lang='lat' dir='ltr'><strong>explicantur,</strong></span> 
     </span>
     <span class='ocr_line' id='line_1_52' title="bbox 1196 2772 2214 2838; baseline -0.001 -16"><span class='ocrx_word' id='word_1_337' title='bbox 1196 2773 1278 2822; x_wconf 86' lang='lat' dir='ltr'><strong>ubi</strong></span> <span class='ocrx_word' id='word_1_338' title='bbox 1319 2790 1426 2822; x_wconf 86' lang='lat' dir='ltr'><strong>vero</strong></span> <span class='ocrx_word' id='word_1_339' title='bbox 1475 2774 1755 2838; x_wconf 88' lang='lat' dir='ltr'><strong>principium</strong></span> <span class='ocrx_word' id='word_1_340' title='bbox 1796 2772 1913 2836; x_wconf 82' lang='lat' dir='ltr'><strong>illud</strong></span> <span class='ocrx_word' id='word_1_341' title='bbox 1960 2772 2150 2821; x_wconf 89' lang='lat' dir='ltr'><strong>tollatur</strong></span> <span class='ocrx_word' id='word_1_342' title='bbox 2188 2790 2214 2821; x_wconf 86' lang='lat' dir='ltr'><strong>e</strong></span> 
     </span>
     <span class='ocr_line' id='line_1_53' title="bbox 1198 2854 2215 2916; baseline -0.001 -12"><span class='ocrx_word' id='word_1_343' title='bbox 1198 2854 1354 2905; x_wconf 89' lang='lat' dir='ltr'><strong>medio</strong></span> <span class='ocrx_word' id='word_1_344' title='bbox 1376 2892 1389 2916; x_wconf 94' lang='lat'><strong>‚</strong></span> <span class='ocrx_word' id='word_1_345' title='bbox 1429 2856 1557 2904; x_wconf 91' lang='lat' dir='ltr'><strong>nulla</strong></span> <span class='ocrx_word' id='word_1_346' title='bbox 1616 2858 1806 2904; x_wconf 90' lang='lat' dir='ltr'><strong>omnino</strong></span> <span class='ocrx_word' id='word_1_347' title='bbox 1844 2856 2112 2905; x_wconf 90' lang='lat' dir='ltr'><strong>eorumdem</strong></span> <span class='ocrx_word' id='word_1_348' title='bbox 2145 2856 2215 2904; x_wconf 83' lang='lat' dir='ltr'><strong>fa-</strong></span> 
     </span>
     <span class='ocr_line' id='line_1_54' title="bbox 1196 2936 2214 3003; baseline 0 -16"><span class='ocrx_word' id='word_1_349' title='bbox 1196 2948 1374 2987; x_wconf 86' lang='lat' dir='ltr'><strong>ctorum</strong></span> <span class='ocrx_word' id='word_1_350' title='bbox 1411 2938 1652 3003; x_wconf 87' lang='lat' dir='ltr'><strong>explicatio</strong></span> <span class='ocrx_word' id='word_1_351' title='bbox 1689 2939 1896 3002; x_wconf 74' lang='lat' dir='ltr'><strong>¹suppetit</strong></span> <span class='ocrx_word' id='word_1_352' title='bbox 1923 2974 1938 2998; x_wconf 92' lang='lat'><em>‚</em></span> <span class='ocrx_word' id='word_1_353' title='bbox 1981 2936 2214 2987; x_wconf 85' lang='lat' dir='ltr'><strong>evidenter</strong></span> 
     </span>
     <span class='ocr_line' id='line_1_55' title="bbox 1199 3018 2210 3085; baseline 0 -18"><span class='ocrx_word' id='word_1_354' title='bbox 1199 3019 1414 3085; x_wconf 87' lang='lat' dir='ltr'><strong>probetur</strong></span> <span class='ocrx_word' id='word_1_355' title='bbox 1427 3021 1650 3067; x_wconf 86' lang='lat' dir='ltr'><strong>connexio</strong></span> <span class='ocrx_word' id='word_1_356' title='bbox 1665 3018 1890 3068; x_wconf 85' lang='lat' dir='ltr'><strong>factorum</strong></span> <span class='ocrx_word' id='word_1_357' title='bbox 1907 3018 2090 3067; x_wconf 90' lang='lat' dir='ltr'><strong>illorum</strong></span> <span class='ocrx_word' id='word_1_358' title='bbox 2102 3036 2210 3067; x_wconf 90' lang='lat' dir='ltr'><strong>cum</strong></span> 
     </span>
     <span class='ocr_line' id='line_1_56' title="bbox 1198 3100 2211 3168; baseline -0.001 -18"><span class='ocrx_word' id='word_1_359' title='bbox 1198 3102 1278 3150; x_wconf 90' lang='lat' dir='ltr'><strong>illo</strong></span> <span class='ocrx_word' id='word_1_360' title='bbox 1307 3103 1545 3168; x_wconf 85' lang='lat' dir='ltr'><strong>principio.</strong></span> <span class='ocrx_word' id='word_1_361' title='bbox 1578 3101 1698 3149; x_wconf 90' lang='lat' dir='ltr'><strong>Eum</strong></span> <span class='ocrx_word' id='word_1_362' title='bbox 1729 3101 1867 3150; x_wconf 81' lang='lat' dir='ltr'><strong>adisis</strong></span> <span class='ocrx_word' id='word_1_363' title='bbox 1893 3101 1984 3150; x_wconf 86' lang='lat' dir='ltr'><strong>loc.</strong></span> <span class='ocrx_word' id='word_1_364' title='bbox 2016 3100 2211 3150; x_wconf 88' lang='lat' dir='ltr'><strong>Huetius</strong></span> 
     </span>
     <span class='ocr_line' id='line_1_57' title="bbox 1199 3184 2211 3250; baseline 0 -18"><span class='ocrx_word' id='word_1_365' title='bbox 1199 3187 1324 3249; x_wconf 90' lang='lat' dir='ltr'><strong>ipse,</strong></span> <span class='ocrx_word' id='word_1_366' title='bbox 1360 3186 1440 3250; x_wconf 83' lang='lat' dir='ltr'><strong>qui</strong></span> <span class='ocrx_word' id='word_1_367' title='bbox 1474 3193 1595 3232; x_wconf 88' lang='lat' dir='ltr'><strong>ccrte</strong></span> <span class='ocrx_word' id='word_1_368' title='bbox 1630 3185 1680 3231; x_wconf 91' lang='lat' dir='ltr'><strong>in</strong></span> <span class='ocrx_word' id='word_1_369' title='bbox 1715 3185 1902 3233; x_wconf 85' lang='lat' dir='ltr'><strong>rationis</strong></span> <span class='ocrx_word' id='word_1_370' title='bbox 1934 3200 1986 3231; x_wconf 89' lang='lat' dir='ltr'><strong>ac</strong></span> <span class='ocrx_word' id='word_1_371' title='bbox 2008 3184 2211 3232; x_wconf 86' lang='lat' dir='ltr'><strong>rationa-</strong></span> 
     </span>
     <span class='ocr_line' id='line_1_58' title="bbox 1195 3264 2209 3314; baseline -0.001 -1"><span class='ocrx_word' id='word_1_372' title='bbox 1195 3266 1311 3314; x_wconf 88' lang='lat' dir='ltr'><strong>lium</strong></span> <span class='ocrx_word' id='word_1_373' title='bbox 1337 3266 1775 3314; x_wconf 85' lang='lat' dir='ltr'><strong>demonstrationum</strong></span> <span class='ocrx_word' id='word_1_374' title='bbox 1798 3267 1840 3312; x_wconf 88' lang='lat' dir='ltr'><strong>vi</strong></span> <span class='ocrx_word' id='word_1_375' title='bbox 1860 3264 2117 3314; x_wconf 85' lang='lat' dir='ltr'><strong>extollenda</strong></span> <span class='ocrx_word' id='word_1_376' title='bbox 2137 3266 2209 3312; x_wconf 89' lang='lat' dir='ltr'><strong>ni-</strong></span> 
     </span>
     <span class='ocr_line' id='line_1_59' title="bbox 1197 3346 2256 3404; baseline -0.004 -8"><span class='ocrx_word' id='word_1_377' title='bbox 1197 3346 1320 3396; x_wconf 83' lang='lat' dir='ltr'><strong>mius</strong></span> <span class='ocrx_word' id='word_1_378' title='bbox 1348 3364 1445 3395; x_wconf 92' lang='lat' dir='ltr'><strong>non</strong></span> <span class='ocrx_word' id='word_1_379' title='bbox 1473 3347 1590 3404; x_wconf 83' lang='lat' dir='ltr'><strong>fuit,</strong></span> <span class='ocrx_word' id='word_1_380' title='bbox 1626 3347 2059 3395; x_wconf 85' lang='lat' dir='ltr'><strong>demonstrationem</strong></span> <span class='ocrx_word' id='word_1_381' title='bbox 2087 3346 2210 3394; x_wconf 90' lang='lat' dir='ltr'><strong>banc</strong></span> <span class='ocrx_word' id='word_1_382' title='bbox 2253 3359 2256 3364; x_wconf 81' lang='grc'><em>’</em></span> 
     </span>
     <span class='ocr_line' id='line_1_60' title="bbox 1196 3428 2206 3496; baseline -0.001 -18"><span class='ocrx_word' id='word_1_383' title='bbox 1196 3429 1465 3484; x_wconf 80' lang='lat' dir='ltr'><strong>christianae</strong></span> <span class='ocrx_word' id='word_1_384' title='bbox 1480 3429 1772 3478; x_wconf 87' lang='lat' dir='ltr'><strong>revelationis</strong></span> <span class='ocrx_word' id='word_1_385' title='bbox 1789 3429 2108 3496; x_wconf 81' lang='lat' dir='ltr'><strong>apodicticam</strong></span> <span class='ocrx_word' id='word_1_386' title='bbox 2134 3428 2206 3477; x_wconf 87' lang='lat' dir='ltr'><strong>di-</strong></span> 
     </span>
     <span class='ocr_line' id='line_1_61' title="bbox 1197 3510 2237 3571; baseline -0.006 -11"><span class='ocrx_word' id='word_1_387' title='bbox 1197 3528 1420 3561; x_wconf 86' lang='lat' dir='ltr'><strong>cerenon</strong></span> <span class='ocrx_word' id='word_1_388' title='bbox 1443 3510 1702 3571; x_wconf 84' lang='lat' dir='ltr'><strong>dubitavit,</strong></span> <span class='ocrx_word' id='word_1_389' title='bbox 1736 3513 1785 3560; x_wconf 90' lang='lat' dir='ltr'><strong>iu</strong></span> <span class='ocrx_word' id='word_1_390' title='bbox 1811 3528 1909 3561; x_wconf 84' lang='lat' dir='ltr'><strong>suae</strong></span> <span class='ocrx_word' id='word_1_391' title='bbox 1931 3511 2203 3559; x_wconf 73' lang='lat' dir='ltr'><strong>Demonstr.</strong></span> <span class='ocrx_word' id='word_1_392' title='bbox 2235 3550 2237 3553; x_wconf 91' lang='lat'>.</span> 
     </span>
     <span class='ocr_line' id='line_1_62' title="bbox 1202 3583 1572 3658; baseline 0.005 -18"><span class='ocrx_word' id='word_1_393' title='bbox 1202 3583 1370 3658; x_wconf 76' lang='lat' dir='ltr'><strong>eoanq.</strong></span> <span class='ocrx_word' id='word_1_394' title='bbox 1396 3592 1572 3656; x_wconf 86' lang='lat' dir='ltr'><strong>Proleg.</strong></span> 
     </span>
    </p>
   </div>
  </div>
 </body>
</html>
