2502 4134
268 181 422 220 mur.
471 179 557 215 111.
603 176 755 215 sacr.
805 177 844 212 1.
892 174 1017 211 cn.
1068 175 1107 211 1.
1159 174 1225 211 nn
1272 172 1399 213 nn.
1452 174 1576 211 mr.
1624 174 1732 211 mn.
1778 172 1960 211 spnc‘r.
2051 150 2169 211 365

69 337 218 387 recte
258 322 479 381 dictum
515 329 603 376 est
629 361 645 392 ,
672 317 819 395 fides
855 326 938 375 est
955 318 1344 395 principium
1383 320 1659 376 rationale.
1694 315 1760 373 50
1797 317 1979 391 Sane,
2025 317 2172 376 ratio

69 417 323 479 admittit
357 412 675 473 necessario
710 410 989 492 principia
1022 421 1082 469 et
1110 410 1398 469 axiomata
1427 410 1642 492 absque
1668 410 1901 470 illorum
1932 411 2174 471 demon·

68 512 378 583 stratione3
416 518 554 567 sunt
591 507 768 588 igitur
808 506 1095 565 axiomata
1131 525 1198 563 ac
1235 504 1521 586 principia
1555 505 1802 565 totidem
1831 508 2172 585 postulata,

68 628 195 689 quae
230 603 526 687 praeexigit
565 602 746 675 ratio,
790 611 853 658 ut
885 599 1067 682 possit
1109 597 1395 671 exercerig
1433 597 1575 658 fides
1615 599 1862 680 proinde
1902 601 1964 660 in
2003 602 2174 684 prin-

68 701 211 783 cipia
234 699 487 759 anterior
503 707 592 757 est
609 695 931 776 cognitione
948 739 964 768 .,
986 698 1209 752 ratione
1230 697 1466 773 ejusque
1494 694 1797 767 exerciti03
1820 706 1907 754 est
1930 717 2170 776 praeam-

70 794 276 855 bulum
296 792 685 853 necessarium
700 836 715 865 ,
734 800 909 872 prout
923 790 979 848 S.
1002 787 1349 868 Augustinus
1372 787 1496 869 ipse
1519 788 1826 849 adnotavit
1842 834 1859 866 ,
1882 790 2170 852 scribens:

70 892 331 951 Naturoe
375 888 616 968 quidem
653 887 793 945 ordo
840 906 897 944 se
948 885 1154 956 habet,
1205 892 1308 955 ut,
1359 903 1501 941 cum
1559 884 1805 962 aliquid
1846 887 2140 947 discimus
2150 930 2175 962 ,

69 990 362 1045 rationem
407 981 706 1063 proecedat
750 982 1181 1038 auctoritas...
1227 978 1570 1038 Auctoritas
1604 978 1785 1055 fidem
1811 980 2090 1060 βαρεῖαι,
2125 993 2183 1043 et

72 1084 303 1138 rationi
315 1086 627 1157 praeparat
656 1076 955 1134 hominem
979 1075 1091 1152 (1).
1125 1073 1190 1131 60
1221 1074 1411 1145 Quare
1429 1116 1445 1145 ,
1477 1072 1637 1153 quod
1669 1094 2025 1156 consequens
2054 1088 2180 1155 est,

80 1172 600 1234 demonstrationes
634 1178 836 1228 omnes
865 1169 1184 1228 existentiae
1208 1168 1314 1226 Dei
1343 1165 1585 1226 totidem
1616 1178 1755 1226 sunt
1777 1169 2177 1250 paralogismi,

75 1269 207 1350 quia
245 1271 429 1340 DeuS,
473 1285 575 1323 ens
611 1268 876 1332 entium,
911 1273 996 1322 est
1032 1262 1392 1343 principium
1431 1259 1765 1320 absolutum
1810 1265 1983 1323 totius
2029 1267 2180 1327 exis-

75 1362 302 1436 tentiae,
350 1371 410 1419 et
454 1357 756 1417 affirmatio
783 1361 835 1414 τὸ
875 1378 1024 1425 esse,
1056 1360 1256 1435 major
1288 1367 1377 1416 est
1412 1354 1675 1416 absoluta
1717 1358 1965 1435 cujusvis
2002 1361 2182 1420 ratio—

73 1457 207 1518 cinii
229 1503 245 1532 ,
289 1476 355 1515 ac
396 1454 641 1537 proinde
682 1453 1000 1516 necessario
1039 1454 1462 1532 praesupposita
1509 1452 1573 1510 in
1609 1452 1880 1513 omnibus
1917 1457 2183 1536 proposi-

75 1549 329 1610 tionibus
377 1548 452 1608 ad
506 1570 637 1609 eam
690 1546 1107 1607 adstruendam
1162 1546 1416 1606 adscitiS.
1469 1547 1536 1606 70
1590 1550 1839 1607 Demum
1902 1551 2185 1628 ejusmodi

78 1644 494 1705 demonstratio
532 1653 620 1703 est
657 1644 832 1722 loyice
868 1640 1273 1723 impossibilis3
1319 1641 1574 1715 etenim,
1625 1643 1675 1700 si
1711 1642 1812 1701 fiat
1856 1664 1963 1725 per
2006 1646 2185 1706 dedu-

76 1744 361 1810 ctionem,
388 1737 544 1796 unde
575 1747 767 1797 sumet
792 1736 1144 1818 principium
1163 1758 1334 1795 suum
1355 1780 1373 1811 ,
1402 1756 1671 1818 quaenam
1699 1737 1809 1796 erit
1838 1737 2007 1798 altior
2022 1739 2182 1816 idea,

80 1858 151 1896 ex
195 1857 308 1917 qua
340 1834 541 1894 inferri
578 1834 760 1915 possit
797 1834 1103 1893 existentia
1137 1831 1282 1893 Dei?
1317 1832 1374 1891 Si
1422 1853 1559 1892 vero
1601 1834 1702 1892 fiat
1739 1854 1845 1915 per
1882 1836 2186 1897 inductio·

83 1952 249 1999 nem,
282 1929 573 2011 quomodo
601 1927 973 1987 concluderet
1002 1948 1074 1986 ex
1103 1926 1267 1985 finito
1299 1926 1374 1986 ad
1415 1926 1762 1988 infinitum?
1801 1930 2008 1990 Nonne
2030 1951 2179 1992 con-

84 2024 260 2084 clusio
294 2025 474 2104 magis
516 2034 744 2106 pateret
784 2044 961 2103 quam
992 2022 1307 2104 praemissae
1342 2021 1475 2103 (2)?
1507 2023 1673 2103 Ergo.

166 2120 266 2179 47.
314 2118 401 2179 Ad
444 2119 548 2194 lm,
590 2121 749 2178 Disc.
798 2139 949 2177 cons.
1005 2120 1320 2199 Propagata
1365 2129 1452 2177 est
1493 2119 1596 2178 Dei
1637 2118 1846 2178 notitia
1894 2142 2010 2181 una
2056 2142 2192 2183 cum

84 2214 278 2294 lingua
308 2235 414 2295 per
444 2212 850 2288 traditionem,
892 2223 1082 2272 trans.
1127 2212 1221 2272 vel
1261 2233 1453 2281 comm
1493 2213 1574 2272 ita
1609 2225 1922 2295 propagata
1961 2226 2086 2292 est,
2126 2228 2194 2277 ut

86 2309 262 2367 homo
296 2329 401 2389 per
429 2307 610 2366 solam
638 2308 925 2366 rationem
967 2328 1096 2366 eam
1139 2306 1250 2365 sibi
1283 2327 1617 2388 comparare
1651 2330 1772 2366 non
1804 2310 2059 2390 potuerit
2089 2322 2191 2371 aut

88 2403 302 2485 possit,
343 2425 467 2483 neq.
511 2405 637 2461 Duo
681 2402 772 2460 hic
814 2402 1274 2483 permiscentur,
1322 2420 1448 2482 quae
1494 2401 1769 2481 distingui
1810 2403 2077 2483 apprime
2119 2404 2194 2463 ab

90 2499 342 2559 invicem
370 2496 620 2572 debent,
659 2497 801 2556 ordo
827 2495 1041 2555 scilicet
1066 2496 1503 2576 chronoloyicus
1525 2497 1644 2557 sive
1669 2496 1848 2556 etiam
1876 2498 2198 2559 historicus

94 2612 158 2650 ac
191 2590 331 2650 ordo
361 2594 603 2671 loqicus.
645 2591 810 2650 Aliud
840 2601 928 2651 est
963 2589 1221 2672 primum
1255 2590 1555 2649 hominem
1584 2589 1660 2648 ad
1694 2592 2199 2673 supernaturalem

95 2696 310 2745 statum
347 2698 611 2747 evectum
641 2686 746 2745 Dei
784 2685 1053 2744 notitiam
1091 2705 1162 2744 ex
1196 2685 1319 2766 ipsa
1354 2685 1459 2744 Dei
1486 2685 1988 2764 manifestatione,
2024 2698 2200 2771 atque

98 2780 308 2855 etiam,
358 2782 406 2839 si
447 2780 640 2856 lubet,
688 2780 1094 2840 excitationem
1134 2801 1200 2838 ac
1240 2778 1425 2839 veluti
1462 2779 1793 2849 rudimenta
1832 2781 2098 2863 quaedam
2126 2783 2202 2843 ad

99 2875 549 2935 determinatum
583 2875 824 2958 loquelae
859 2897 1027 2933 usum
1065 2896 1097 2934 a
1128 2877 1250 2934 Deo
1283 2873 1582 2950 habuisse,
1616 2897 1680 2935 ac
1714 2875 1853 2936 inde
1886 2888 2197 2960 propterea

104 2991 217 3028 una
244 2991 375 3029 cum
399 2970 594 3049 lingua
618 2971 722 3030 Dei
751 2971 1020 3030 notitiam
1047 2968 1123 3029 ad
1148 2980 1408 3052 posteros
1439 2971 1804 3052 pervenisse3
1833 2970 1996 3032 aliud
2021 2994 2191 3050 vero,

107 3063 259 3142 quod
281 3065 426 3124 ratio
442 3087 558 3144 per
583 3087 639 3124 se
669 3064 787 3124 sola
816 3065 965 3146 potis
994 3087 1116 3123 non
1144 3065 1319 3123 fuerit
1348 3076 1448 3123 aut
1472 3065 1546 3124 sit
1572 3064 1648 3124 ad
1676 3077 1893 3126 certam
1919 3068 2025 3127 Dei
2048 3069 2207 3128 noti-

109 3155 248 3215 tiam
281 3180 594 3240 assurgere.
632 3160 893 3220 Primum
927 3169 1015 3219 est
1043 3159 1381 3220 historicum
1409 3148 1626 3219 factum
1662 3171 1723 3220 et
1751 3160 1992 3243 quidem
2022 3163 2209 3225 veris-

183 3398 248 3461 (κ)
285 3395 354 3446 De
375 3402 544 3464 morib.
574 3402 626 3452 E
627 3403 713 3453 ccl.
742 3421 841 3471 cap.
873 3421 902 3452 2
923 3442 936 3465 ,
966 3415 1010 3454 et
1037 3404 1117 3453 De
1197 3421 1451 3467 commun,
1480 3424 1587 3471 pag.
1620 3405 1678 3454 13
1698 3416 1743 3456 et
1756 3424 1886 3474 seqq.
1904 3408 1986 3457 ubi
2009 3423 2208 3475 systema

118 3494 229 3526 vera
251 3478 477 3542 reliqione
496 3519 511 3543 ,
536 3501 638 3550 cap.
670 3484 753 3548 24.
915 3524 919 3527 .
1199 3503 1335 3535 suum
1359 3491 1518 3552 paucis
1540 3487 1619 3536 sed
1647 3487 1847 3538 dilucide
1875 3492 2083 3554 exponit.
2118 3489 2209 3539 Ea-

186 3558 250 3622 (⁶2)
287 3559 354 3607 lta
377 3559 596 3625 Batanaia,
625 3568 675 3614 in
689 3584 848 3632 opusc.
864 3570 945 3618 cit.
967 3566 1118 3635 Quel-
1200 3567 1304 3615 dem
1334 3568 1482 3616 fusius
1514 3570 1815 3618 inveniuntur
1835 3572 2000 3635 passim
2017 3572 2067 3619 in
2087 3569 2214 3620 Plu·-

115 3656 228 3710 φερε
250 3637 504 3701 reflectione
526 3659 616 3693 sur
631 3645 679 3696 la
695 3647 911 3698 doctrine
926 3649 994 3698 du
1009 3664 1119 3698 oens
1200 3646 1406 3712 losopln‘e
1434 3647 1502 3696 du
1535 3646 1918 3707 Christianisme.
