2502 4134
405 145 564 186 mur.
613 145 674 185 11.
722 145 844 184 car.
886 146 968 188 lv.
1017 145 1085 185 nr:
1126 145 1415 185 scarp-run.
1464 144 1621 184 sAuR.
1669 144 1834 184 vens·
2064 124 2180 183 185

80 289 301 372 pressio
316 287 430 347 suis
445 287 672 348 mendis
697 287 1122 369 typographicis
1146 287 1432 369 caruit(l)
1460 333 1476 363 .,
1501 309 1692 370 neque
1706 287 1848 347 item
1870 285 1996 347 aliae
2014 330 2031 361 ,
2051 307 2181 368 quae

79 404 206 442 eam
219 383 481 464 proxime
495 381 813 442 subsecutae
830 394 970 440 sunt
989 427 1005 454 ,
1027 382 1294 443 videlicet
1309 405 1408 441 an.
1432 383 1616 458 1593,
1646 382 1801 442 1598
1821 393 1880 441 et
1898 381 2051 440 1624
2069 381 2177 462 (2).

80 478 322 537 Interim
339 521 357 555 ,
385 477 432 535 si
458 477 584 558 quis
607 477 864 536 conferat
892 478 1048 536 inter
1077 499 1138 537 se
1159 476 1474 537 editionem
1512 478 1798 538 Sixtinam
1825 489 1882 537 et
1908 477 2179 537 Clemen-

78 573 262 631 tinam
283 619 300 649 ⁷
334 573 649 653 comperiet
672 618 687 648 a
720 572 961 631 alteram
987 572 1151 633 alteri
1178 572 1514 653 adjumento
1541 573 1712 633 fuisse
1731 618 1747 648 ,
1773 573 1969 655 plures
1991 583 2181 633 reten-

76 677 164 726 tas
200 688 319 727 esse
355 667 731 727 correctiones
762 667 903 726 Sixti
954 669 1036 741 V7
1078 689 1324 746 quarum
1357 665 1519 725 nulla
1549 665 1765 748 absque
1799 668 2179 728 fundamento

76 762 225 820 facta
265 772 351 821 est
380 807 396 836 .,
438 762 704 842 quamvis
742 762 805 820 in
840 761 1173 843 insequenti
1219 764 1340 820 non
1382 781 1584 821 omnes
1628 761 1847 821 suerint
1879 767 2065 841 justas
2102 761 2179 822 ob

79 877 274 916 causas
302 856 536 917 adleetae
560 856 679 937 (3);
705 858 1023 939 comperiet
1043 866 1319 938 praeterea
1343 901 1360 931 .,
1387 856 1751 917 diversitates
1779 857 1934 917 inter
1954 869 2181 917 utram-

79 972 192 1032 que
226 951 539 1011 editionem
581 951 768 1030 exigui
806 972 930 1010 esse
967 951 1288 1025 momenti,
1337 950 1485 1011 adeo
1519 961 1586 1009 ut
1621 971 1758 1011 vere
1795 951 2042 1012 scribere
2070 973 2182 1034 po-

79 1046 258 1104 tuerit
286 1044 585 1127 Bukentop
617 1067 631 1104 τ
671 1044 865 1105 Nulla
910 1054 996 1102 est
1032 1047 1103 1102 in
1145 1054 1396 1122 utroque
1424 1045 1708 1123 Pontzflce
1741 1050 2181 1127 repuqnantia,

79 1142 252 1200 nulla
274 1144 343 1199 in
366 1143 678 1218 utriusque
699 1139 921 1197 Bibliz‘s
944 1139 1072 1196 alia
1105 1139 1391 1196 credendi
1418 1149 1527 1198 aut
1547 1141 1772 1219 agendi
1789 1187 1807 1210 ,
1844 1143 2015 1200 nulla
2035 1143 2181 1201 sub-

78 1236 379 1293 stantialis
399 1234 710 1291 diversitas
724 1275 748 1305 ,
783 1234 887 1292 sed
907 1232 1294 1292 accidentalis
1319 1235 1683 1293 solummodo
1708 1234 1822 1315 (4)
1857 1237 2079 1317 Nempe
2100 1237 2181 1296 ita

77 1328 294 1386 Sixtina
318 1326 493 1386 editio
520 1327 596 1386 ad
624 1326 1052 1399 Clementinam
1088 1348 1150 1387 se
1176 1326 1355 1387 habet
1373 1373 1390 1403 ,
1418 1340 1485 1387 ut
1530 1330 1724 1388 minus
1756 1330 2076 1411 perfectum
2104 1331 2179 1390 ad

77 1420 255 1500 magis
295 1421 639 1503 perfectum.

76 1649 437 1720 Auqustiniani
475 1674 506 1705 a
542 1656 831 1718 Camerino,
860 1655 1087 1721 fidelitati

75 1746 121 1788 et
155 1738 409 1787 industrias
446 1739 808 1790 demandamus.
826 1766 849 1775 -
868 1738 1086 1788 Clemens

78 1818 225 1886 Papa
249 1836 345 1870 vm.

143 1901 213 1966 (l)
245 1901 364 1951 Sane
386 1900 601 1952 editionis
626 1902 928 1953 Clementinae
955 1906 1084 1969 prin·

75 1985 186 2048 cipis
206 2020 221 2046 ‚
264 2002 366 2050 quae
401 2004 480 2034 an.
528 1983 654 2052 1592
696 1985 900 2051 prodiit,
940 1995 1084 2035 errata

74 2066 390 2130 typographica
404 2069 740 2132 octogenarium
753 2085 998 2116 numerum
1012 2085 1083 2116 ex·

76 2147 244 2194 cedunt
264 2183 278 2205 ‚
319 2147 432 2194 dum
470 2147 553 2196 vix
596 2165 650 2196 xl.
691 2152 992 2213 reperirentur
1032 2151 1082 2197 in

78 2218 278 2274 editione
299 2223 475 2275 sixtina
504 2228 697 2294 alicujus
724 2230 1083 2280 momenti.Hu-

78 2305 154 2371 jus
187 2323 371 2372 quoque
412 2309 643 2372 exemplar
678 2310 899 2359 habemus
930 2314 980 2359 in
1007 2312 1081 2359 bi-

75 2387 306 2436 bliotheca
333 2388 451 2439 Con.
478 2389 614 2439 Rom.

146 2471 212 2535 (2)
250 2470 367 2520 Nam
390 2478 436 2520 et
455 2491 533 2534 ea,
554 2489 656 2539 quae
692 2472 814 2540 1593
845 2474 963 2523 edita
985 2486 1079 2536 est,

75 2562 187 2601 teste
222 2552 285 2601 Le
309 2553 467 2618 Loug‚
500 2557 593 2603 suis
617 2556 845 2604 erroribus
874 2558 1080 2605 macula-

75 2644 181 2695 tur,
221 2645 265 2683 et
299 2635 507 2700 pluribus
535 2655 676 2704 quam
705 2655 805 2703 quae
836 2639 925 2686 fuit
956 2657 1081 2688 anno

77 2719 302 2782 superiore
328 2720 545 2782 impressa
567 2754 583 2781 ,
625 2738 724 2785 quae
750 2720 916 2769 deinde
946 2724 1082 2770 casti-

75 2809 175 2864 gata
197 2809 262 2848 est
281 2800 479 2848 editione
507 2817 522 2848 1
537 2799 631 2867 598
645 2804 693 2849 in
707 2800 761 2865 4⁰
777 2804 890 2850 min.
907 2801 1080 2852 Verum

75 2897 225 2947 neque
242 2881 338 2929 haec
355 2883 448 2930 suis
474 2883 652 2931 mendis
680 2886 856 2946 caruit,
887 2901 939 2932 eo
965 2901 1081 2950 prae-

76 2965 228 3010 sertim
255 2963 380 3029 quod
406 2963 552 3012 tribus
584 2981 832 3014 commune
858 2977 950 3026 est,
986 2969 1080 3015 imo

27 3081 33 3085 .
77 3052 122 3091 et
134 3041 201 3092 ilti
215 3060 316 3110 quae
330 3063 405 3094 an.
425 3043 570 3108 1624,
584 3046 665 3094 ubi
679 3045 846 3096 Genes.
861 3064 1007 3107 xxxv,
1026 3045 1078 3109 8,

80 3128 231 3172 nutrix
253 3125 465 3175 Rebeccae
493 3127 729 3192 legebatur
745 3129 921 3194 sepulta
949 3146 1082 3178 surim

82 3219 300 3267 quercum
319 3227 400 3273 pro
415 3227 575 3258 suarna
590 3248 603 3271 ,
627 3221 763 3276 prout
778 3222 897 3261 recte
919 3212 1082 3276 legitur

84 3286 134 3332 in
166 3287 363 3338 editione
391 3291 586 3342 Sixtina.
629 3292 720 3341 Hic
759 3311 883 3343 error
924 3304 1079 3358 postea

83 3383 191 3415 casu
206 3385 328 3418 mere
346 3373 544 3436 fortuito
569 3375 879 3441 deprehensus
906 3386 999 3435 est,
1028 3392 1083 3424 ae

82 3447 290 3497 sublatus
307 3468 333 3498 a
360 3456 650 3521 typographis
677 3457 995 3507 Plautinianis.
1012 3456 1083 3507 De

80 3526 172 3575 illis
212 3528 486 3582 editionibus
519 3537 747 3600 prioribus
781 3537 1083 3588 Clementinis

81 3612 261 3675 copiose
291 3614 381 3677 egit
406 3613 627 3668 Hem-icus
643 3620 909 3687 Bukentop‚
931 3623 981 3669 in
1000 3624 1080 3671 cit.

1178 1659 1339 1716 'mm
1356 1659 1465 1716 ἺἸΝ
1484 1698 1498 1723 ,
1519 1675 1598 1707 seu
1619 1658 1736 1707 Lux
1746 1657 1934 1723 deluee,
1947 1658 2181 1729 pag.487.

1168 1742 1265 1794 500
1283 1781 1298 1807 ‚
1328 1750 1408 1813 qui
1443 1758 1659 1813 praeterea
1690 1753 2078 1815 comparationem
2104 1753 2180 1799 in·

1165 1829 1311 1875 stituit
1339 1831 1459 1877 inter
1488 1830 1704 1878 lectiones
1731 1833 1965 1880 universas
1994 1831 2181 1881 Sixtinae

1165 1909 1376 1958 editionis
1397 1927 1505 1959 cum
1530 1911 1806 1960 lectionibus
1832 1913 2045 1962 editionis
2070 1914 2177 1964 Cle-

1164 1995 1385 2041 mentinae
1407 2009 1422 2057 3
1455 2011 1509 2042 ex
1534 1994 1607 2043 his
1630 2012 1765 2060 porro
1793 1993 2024 2060 colligitur
2040 2032 2055 2060 ,
2080 1997 2180 2046 loca

1165 2085 1341 2123 mutata
1368 2092 1421 2124 ex
1448 2073 1625 2124 Sixtina
1655 2078 1856 2126 editione
1884 2080 1934 2125 in
1962 2077 2179 2127 Clemen-

1165 2158 1261 2204 tina
1306 2175 1402 2205 esse
1448 2156 1596 2221 2134.
1634 2158 1736 2223 Egit
1768 2161 1955 2225 insuper
1986 2161 2043 2209 de
2073 2160 2180 2209 Cle-

1164 2242 1382 2287 mentinis
1399 2241 1679 2289 editionibus
1693 2279 1709 2303 ,
1738 2258 1840 2308 quae
1861 2245 2053 2308 vulgatae
2073 2254 2181 2292 sunt

1163 2338 1240 2367 an.
1269 2318 1392 2386 1592
1412 2356 1425 2379 ‚
1465 2320 1589 2387 1593
1607 2331 1651 2369 et
1675 2321 1826 2388 1598,
1854 2322 2179 2373 Bonaventura

1105 2424 1108 2427 ·
1164 2418 1191 2448 a
1221 2400 1525 2466 Magdalono‚
1560 2405 1611 2450 in
1637 2420 1715 2467 op.
1748 2406 1822 2451 eui
1860 2407 1934 2453 tit.
1975 2404 2179 2471 Triplex

1165 2482 1559 2532 Biblico-critica
1598 2483 1936 2535 demonstratio
1952 2522 1970 2548 ,
1997 2498 2112 2537 tom.
2136 2505 2175 2540 12

1166 2563 1331 2614 Venet.
1360 2563 1484 2632 ¹76⁰
1503 2603 1515 2625 ‚
1543 2583 1647 2630 pag.
1680 2564 1747 2629 45
1774 2577 1817 2615 et
1842 2585 1973 2634 seqq.
2003 2567 2179 2617 Notan-

1165 2646 1277 2693 dum
1297 2646 1497 2711 denique
1515 2656 1610 2706 est,
1629 2646 1851 2708 editiones
1867 2647 2178 2698 Clementinas

1165 2738 1425 2777 constanter
1439 2729 1577 2777 fuisse
1593 2729 1734 2778 editas
1755 2729 1843 2778 sub
1866 2730 2006 2780 solius
2021 2729 2134 2780 Sixti
2148 2750 2177 2781 v

1165 2812 1387 2872 nomine3
1414 2813 1494 2876 qui
1524 2810 1737 2860 omnium
1757 2815 1932 2877 primus
1954 2815 2004 2861 in
2028 2813 2179 2864 fronte

1166 2891 1422 2940 Bibliorum
1474 2895 1684 2958 apposuit
1730 2911 1903 2942 nomen
1957 2894 2178 2944 Clemen-

1165 2975 1222 3022 tis
1244 2991 1325 3022 vm
1342 3011 1357 3036 ‚
1387 2973 1569 3023 videtur
1593 2974 1821 3024 Antonius
1837 2976 2064 3038 Laurens,
2088 2994 2177 3026 cu-

1162 3058 1236 3122 jus
1267 3056 1526 3120 sumptibus
1554 3058 1823 3121 prodierunt
1860 3057 2072 3123 Lugduni
2098 3059 2179 3107 Bi-

1165 3137 1262 3185 blia
1308 3137 1504 3203 Vulgata
1542 3139 1681 3187 latina
1697 3175 1710 3199 ,
1759 3139 1838 3189 fol.
1885 3157 1963 3189 an.
2015 3137 2141 3208 1675
2159 3178 2174 3202 ‚

1165 3222 1238 3287 cuj
1248 3238 1296 3268 us
1311 3221 1580 3285 exemplum
1595 3221 1808 3287 deinceps
1825 3225 1961 3272 ceteri
1979 3221 2178 3273 editores

1164 3304 1349 3367 sequuti
1378 3312 1499 3350 sunt.

1235 3383 1304 3447 (3)
1323 3382 1418 3432 Cfr.
1438 3383 1688 3447 Ungarelli‚
1701 3385 1750 3432 in
1762 3383 1841 3434 cit.
1856 3381 2083 3453 Proleq.§
2098 3384 2174 3435 15.

1234 3464 1301 3529 (k)
1338 3465 1398 3513 In
1444 3465 1619 3530 praefat.
1660 3466 1719 3515 ad
1760 3465 1931 3517 librum
1969 3484 2051 3530 111,
2094 3483 2176 3531 op.

1165 3545 1282 3595 Lua-
1305 3546 1364 3596 de
1388 3546 1520 3610 luce,
1557 3562 1659 3614 pag.
1688 3545 1804 3607 316.
