2502 4134
301 100 423 160 390

920 120 1120 158 TRAGT.
1158 121 1227 157 DE
1258 120 1410 158 Locus
1451 123 1827 162 TnuoLoctcls.

383 266 482 327 77.
533 265 618 324 Ad
665 263 774 336 2¹1¹,
826 260 976 342 Neq.
1033 264 1102 320 In
1152 260 1358 321 ordine
1410 283 1668 345 namque
1716 266 1973 326 naturali
2031 280 2245 350 praesto
2291 279 2430 328 sunt

301 362 550 434 rationi,
584 359 721 418 licet
748 379 855 441 per
881 379 943 417 se
970 357 1200 417 fallibili
1217 403 1233 434 ‚
1265 356 1434 440 plura
1461 357 1654 418 media
1677 404 1695 434 .,
1729 359 1939 441 quibus
1967 363 2082 423 rite
2105 387 2214 445 pro
2237 370 2429 443 cujus-

299 479 413 541 que
449 453 711 514 veritatis
743 465 951 513 natura
988 452 1294 527 adhibitis,
1336 463 1531 535 potest
1567 454 1692 514 sine
1733 452 1853 514 ulla
1885 457 2095 516 erroris
2119 459 2430 519 formidine

296 551 406 613 sihi
443 549 860 611 certitudinem
905 571 1266 632 comparare.
1316 551 1383 608 In
1426 548 1632 609 ordine
1671 570 1808 609 vero
1844 556 2272 632 supernaturali
2313 577 2431 615 me-

297 647 464 706 dium
505 645 835 705 universale
858 691 872 719 ,
911 657 1301 728 perpetuum,
1343 644 1654 705 infallibile
1677 692 1692 718 .,
1734 645 1894 727 quod
1931 647 2228 709 constituit
2256 672 2434 732 regu-

294 741 416 802 lam
455 741 589 801 fidei
625 742 958 824 proximam
980 787 995 815 ‚
1035 764 1157 800 non
1183 751 1273 800 est
1304 741 1415 799 nisi
1447 739 1566 799 sola
1599 740 1846 801 Ecclesia
1878 741 2094 800 Christi
2118 743 2228 823 (l).
2259 745 2433 806 Asse-

296 859 427 899 rere
455 850 652 898 autem
675 884 690 914 ‚
723 839 1021 898 rationem.
1047 835 1438 898 universalem
1479 837 1917 896 emanationem
1952 859 2080 898 esse
2105 839 2344 899 rationis
2371 862 2436 900 ac

298 932 641 995 substantiae
680 934 823 1010 Dei,
861 934 1044 993 immo
1080 932 1369 992 rationem
1412 933 1605 1015 ipsam
1647 933 1789 1007 Dei.
1831 932 2274 1016 pantheismum
2314 955 2438 995 om-

297 1030 443 1091 nino
474 1029 699 1090 redolet
744 1030 853 1111 (2).

381 1126 483 1187 78.
533 1126 622 1186 Ad
657 1126 765 1201 3¹¹²,
805 1125 957 1206 Ney.
1004 1126 1128 1185 Hoc
1168 1124 1520 1207 scepticismi
1564 1123 1797 1183 culmen
1843 1135 1969 1199 est,
2017 1124 2175 1206 quod
2210 1122 2440 1204 jamdiu

301 1223 362 1284 S.
410 1224 760 1303 Augustinus
803 1220 1094 1280 refellerat
1125 1222 1189 1280 in
1222 1220 1562 1280 academicis
1598 1219 1957 1281 validissime
1992 1220 2104 1300 (3).

383 1317 490 1379 79.
540 1317 626 1378 Ad
669 1317 776 1393 4¹¹¹,
815 1319 975 1376 Dist.
1022 1318 1077 1376 Si
1124 1318 1274 1376 ratio
1318 1315 1574 1375 fallibilis
1622 1314 1867 1375 deberet
1905 1337 2011 1397 per
2048 1338 2109 1376 se
2144 1315 2266 1377 sola
2304 1317 2441 1379 fidei

303 1427 501 1475 actum
532 1415 739 1475 elicere
759 1460 775 1490 7
806 1435 999 1484 cone.,·
1029 1416 1076 1474 si
1103 1414 1321 1475 divinae
1344 1414 1543 1493 gratiae
1566 1413 1780 1471 auxilio
1805 1424 2109 1495 praeventa
2130 1425 2191 1474 et
2213 1414 2439 1493 adjuta,

303 1533 435 1593 neq.
481 1511 884 1594 Opportunior
914 1511 989 1571 de
1023 1510 1133 1569 hoc
1176 1509 1416 1569 inferius
1450 1520 1715 1568 occurret
1751 1529 1968 1568 serm0.

384 1606 486 1665 80.
535 1605 625 1666 Ad
653 1606 759 1682 5¹¹¹,
795 1608 954 1667 Dist.
995 1605 1063 1664 Id
1101 1617 1224 1681 est,
1261 1604 1457 1686 posset
1486 1604 1637 1663 ratio
1668 1598 1748 1662 ita
1775 1603 1881 1662 has
1904 1602 2014 1662 sihi
2039 1602 2443 1664 demonstrare

303 1702 615 1775 veritateS‚
654 1713 722 1760 ut
755 1713 913 1761 certa
953 1701 1027 1761 de
1074 1699 1189 1759 illis
1232 1698 1616 1773 redderetur,
1669 1718 1878 1766 eone.,·
1929 1711 2125 1779 posset
2162 1698 2289 1758 illas
2333 1721 2445 1781 pro

307 1796 498 1856 lubito
537 1796 852 1856 admittere
887 1806 988 1855 aut
1018 1815 1324 1877 respuere,
1374 1816 1505 1874 neq.
1548 1793 1701 1868 Quid
1741 1815 1918 1875 porro
1948 1792 2058 1852 sibi
2095 1793 2302 1855 volunt
2336 1795 2445 1854 ad-

309 1892 586 1968 versarii,
645 1891 791 1952 dum
826 1891 1157 1968 affirmant,
1207 1889 1366 1974 quod
1400 1888 1696 1950 naturales
1734 1888 1847 1949 illae
1881 1889 2155 1951 veritates
2182 1888 2258 1949 ab
2286 1888 2447 1949 arbi—

375 2159 448 2223 (1)
486 2157 627 2207 Prout
656 2155 972 2221 ostendimus,
991 2168 1094 2206 tum
1108 2159 1160 2211 in
1182 2160 1331 2224 prima
1411 2155 1751 2221 failliblement
1778 2173 1880 2232 par
1913 2155 1961 2204 la
1999 2156 2166 2204 raison
2198 2153 2445 2226 qenerale.

304 2242 447 2308 hujus
475 2250 689 2290 tractatus
719 2251 848 2305 parte
868 2278 879 2300 ,
915 2250 1028 2289 sect.
1051 2250 1095 2301 i,
1129 2256 1233 2304 cap.
1256 2256 1331 2310 lv,

306 2334 399 2375 art.
447 2340 476 2372 2
498 2361 511 2383 ‚
561 2341 695 2390 prop.
743 2341 759 2370 1
782 2361 797 2384 ‚
847 2333 948 2371 tum
997 2325 1048 2371 in
1090 2309 1291 2372 secunda
1317 2360 1331 2387 ‚

308 2416 423 2459 sect.
459 2425 506 2469 1,
546 2422 655 2472 cap.
692 2424 758 2467 u,
803 2423 943 2472 prop.
987 2423 1036 2467 1,
1071 2424 1122 2456 n.
1164 2403 1258 2454 116
1291 2417 1337 2455 et

314 2507 449 2557 seqq.
487 2500 588 2539 tum
619 2488 822 2555 denique
858 2491 909 2536 iu
942 2484 1084 2538 tract.
1114 2486 1189 2538 De
1224 2505 1337 2538 vera

312 2571 473 2637 Reliq.
505 2582 623 2637 part.
648 2588 685 2619 11
704 2609 717 2631 ‚
749 2588 880 2637 prop.
908 2587 961 2620 u.

378 2654 449 2720 (2)
487 2651 548 2705 Si
570 2654 679 2703 o’est
699 2653 748 2704 ld
775 2654 1011 2720 (apposite
1031 2652 1194 2702 scribit
1216 2653 1339 2703 Bau-

314 2738 447 2802 tain)
474 2736 518 2785 le
544 2736 739 2786 dernier
762 2745 859 2785 mot
893 2736 961 2784 du
984 2737 1207 2801 merome,
1235 2752 1337 2785 eer-

313 2820 579 2868 iainement
600 2835 688 2867 aon
714 2827 889 2867 auteur
911 2835 973 2866 ne
1000 2818 1064 2865 l'a
1086 2835 1179 2884 pas
1210 2834 1338 2867 eom-

305 2903 447 2968 pri8;
474 2901 513 2949 il
539 2901 703 2950 ourait
732 2901 887 2950 rec-ule
914 2902 1090 2948 devant
1119 2899 1339 2948 l'abomz'-

310 2986 484 3033 nation
537 2984 604 3032 du
646 2984 971 3050 pantheisme.
1021 2982 1151 3031 C'est
1193 2985 1224 3031 ὰ
1268 2990 1340 3030 cet

312 3065 482 3129 abyme
509 3083 601 3131 que
631 3083 686 3114 sa
717 3066 932 3115 doctrine
961 3066 1170 3128 aboutic,
1204 3067 1342 3114 attasi

314 3145 427 3193 bien
456 3164 546 3211 que
575 3147 886 3198 l’ecleceiame.
928 3148 1124 3197 Comme
1152 3149 1231 3195 lm·
1253 3146 1339 3195 elle

304 3230 409 3300 fait
427 3246 526 3295 peu
563 3246 645 3278 eae
683 3231 742 3279 de
771 3230 988 3279 l’homme
1024 3228 1334 3290 individuel,

314 3309 402 3359 elle
419 3311 630 3377 deprime
647 3313 694 3360 la
708 3312 874 3361 raison
884 3311 1205 3379 particuliere
1214 3328 1343 3377 pour

314 3392 494 3441 exalter
518 3393 567 3440 la
592 3396 759 3443 raison
787 3395 1011 3460 qenerale
1027 3431 1043 3451 ‚
1072 3411 1252 3443 comme
1269 3393 1345 3442 lui

311 3475 394 3524 elle
430 3474 614 3524 declaro
652 3477 842 3526 absolue
864 3517 877 3540 ‚
921 3480 1186 3527 necessaire
1201 3517 1218 3539 ,
1259 3478 1342 3525 in·

307 3557 514 3621 faillible
532 3565 648 3606 cette
673 3557 796 3607 idole
819 3560 876 3607 de
895 3557 1084 3627 l'eaprit
1097 3576 1337 3626 propre...

314 3639 442 3688 C’eat
470 3639 517 3690 la
545 3641 656 3688 vois:
686 3641 742 3689 de
775 3638 904 3690 Dieu
934 3658 983 3691 ae
1017 3640 1230 3690 revelant
1260 3644 1342 3689 in-

1423 2239 1553 2289 C’est
1590 2236 1720 2288 Βίου
1758 2236 2005 2290 lui-meme
2042 2238 2283 2303 incarne,
2315 2227 2448 2307 pour

1420 2322 1557 2370 ainsi
1594 2321 1729 2382 dire,
1759 2319 1882 2370 dans
1918 2319 1959 2368 le
1991 2335 2099 2368 sem
2131 2335 2359 2368 commun
2389 2318 2447 2368 de

1421 2412 1527 2453 tous
1560 2402 1625 2453 lea
1659 2402 1888 2453 hommes.
1923 2402 2033 2451 Loc.
2068 2404 2147 2453 cit.
2173 2420 2220 2468 p.
2249 2399 2334 2465 54.

1491 2485 1556 2550 (3)
1593 2486 1652 2534 In
1692 2485 1839 2535 tribus
1874 2485 2004 2534 libris
2043 2483 2206 2534 Contr.
2242 2482 2446 2532 Acade-

1422 2571 1588 2630 micos,
1605 2570 1859 2635 praesertim
1872 2568 2028 2631 lib.1u;
2042 2565 2238 2617 itemDe
2254 2565 2446 2615 Trinit.

1422 2650 1513 2703 lib.
1546 2667 1610 2700 xv
1628 2689 1642 2712 ,
1672 2669 1774 2717 cap.
1814 2665 1871 2698 12
1891 2687 1904 2712 ‚
1936 2660 1983 2699 et
2012 2649 2124 2705 alibi
2151 2665 2289 2715 saepe.
2312 2647 2446 2702 Cete-

1422 2751 1529 2783 rum
1557 2734 1776 2799 praeclare
1806 2732 2103 2798 observatum
2134 2741 2232 2791 est,
2266 2732 2316 2779 in
2347 2746 2445 2795 sys-

1422 2825 1591 2865 temate
1614 2815 1742 2881 quod
1776 2814 2030 2863 refellimus
2051 2851 2063 2873 ‚
2100 2829 2294 2862 asserere
2319 2811 2443 2859 indi-

1423 2897 1654 2948 vidualem
1685 2899 1910 2946 rationem
1946 2914 2028 2960 per
2061 2912 2110 2943 se
2144 2895 2201 2943 de
2225 2893 2443 2942 omnibus

1424 2998 1477 3031 ac
1508 2980 1566 3029 de
1592 2983 1779 3045 propria
1804 2979 2045 3029 existentia
2069 2979 2293 3026 incertam
2320 2993 2442 3038 esse,

1425 3067 1514 3113 nisi
1542 3063 1731 3112 accedat
1759 3079 2008 3112 consensus
2024 3063 2201 3127 generis
2218 3060 2413 3109 humani
2427 3097 2440 3120 ,

1427 3147 1617 3213 perinde
1638 3164 1734 3195 esse
1764 3164 1819 3195 ac
1845 3148 1882 3195 si
1914 3161 2036 3194 caeco
2062 3145 2203 3194 surdo
2231 3162 2285 3194 ac
2314 3155 2445 3195 muto

1426 3249 1451 3279 a
1482 3231 1718 3278 nativitate
1742 3229 2024 3294 praeberetur
2044 3230 2246 3292 optimus
2270 3228 2440 3287 codex,

1425 3323 1478 3361 ut
1507 3330 1561 3362 eo
1588 3313 1765 3377 sapiens
1794 3309 2065 3361 efficeretur.
2094 3311 2195 3360 cfr.
2216 3309 2443 3362 Annales

1424 3395 1482 3444 de
1529 3393 1836 3460 Philosophia
1882 3393 2153 3442 chrotienne
2170 3428 2185 3454 ,
2234 3412 2287 3443 n.
2339 3393 2398 3442 13
2424 3430 2438 3454 ,

1425 3495 1504 3527 an.
1540 3474 1659 3539 1841
1689 3513 1703 3536 ,
1737 3474 1872 3523 Plan
1895 3475 2041 3525 d'une
2066 3475 2443 3525 demonstrativa

1424 3559 1490 3608 du
1509 3557 1855 3620 catholicieme,
1874 3568 1962 3608 art.
1982 3574 2021 3619 ι,
2045 3577 2152 3627 pag.
2169 3556 2236 3607 26
2249 3568 2294 3608 et
2306 3574 2439 3623 seqq.
