2502 4134
297 160 458 201 raa-r.
502 158 592 199 ιιι.
643 145 796 194 sncr.
843 157 882 194 1.
927 157 1049 193 car.
1102 159 1140 192 1.
1191 157 1258 195 υιι
1298 156 1431 193 aar.
1480 156 1610 193 Aur.
1653 155 1761 196 rm.
1805 153 1991 193 sanor.
2089 132 2205 192 387

179 300 277 359 74
320 299 515 367 Potius
531 297 750 375 juverit
779 296 887 356 hoc
917 296 1032 356 alio
1063 307 1409 377 argumento
1432 295 1751 378 disciplinae
1785 305 1994 353 nostrae
2022 296 2203 374 magis

97 397 332 478 proprio
365 394 621 481 idipsum
650 438 668 469 ,
708 393 864 475 quod
895 393 1342 475 Ριοροειιίιιιιιε,
1376 393 1682 451 conficere.
1717 390 1775 449 Si
1811 391 1959 450 ratio
1989 389 2206 451 indivi-

100 490 284 549 dualis
320 488 786 571 independenter
833 511 866 547 a
915 505 1198 547 consensu
1249 486 1475 566 generis
1524 484 1767 545 humani
1811 485 1972 546 haud
2013 477 2208 568 posset

100 584 510 646 certitudinem
544 584 806 665 assequi,
844 585 998 642 Deus
1034 593 1163 640 tum
1206 580 1270 639 in
1298 578 1640 640 veritatibus
1672 580 2003 641 revelandis
2024 626 2040 656 ,
2080 592 2210 640 tum

100 682 162 740 in
200 679 406 739 mediis
437 677 648 788 quibus
686 698 821 738 usus
847 688 971 745 est
1009 687 1075 735 ut
1107 674 1411 736 credibiles
1446 676 1692 748 fierent,
1730 695 2039 756 perperam
2071 677 2213 756 egis-

101 788 224 850 set,
257 775 459 857 quod
444 774 692 856 lmpium
720 784 807 833 est
839 773 1145 832 affirmare.
1177 773 1329 830 Sane
1361 773 1514 830 Deus
1548 769 1821 831 veritates
1852 792 1983 830 suas
2017 772 2212 831 mani-

104 872 336 931 festavit
379 867 766 949 singularibus
814 867 1170 942 individius‚
1232 866 1364 926 Adae
1415 865 1666 939 scilicet
1720 865 1879 940 Noe,
1930 866 2209 942 Abrahae,

103 967 320 1046 Moysi,
356 964 699 1046 ProphetiS‚
733 975 842 1023 etc.
874 962 1136 1022 Christus
1172 961 1233 1019 in
1265 959 1604 1020 universam
1644 968 1864 1029 terram
1907 961 2206 1043 Apostolos

106 1061 263 1119 misit
301 1060 376 1119 ad
423 1056 859 1142 praedicandum
896 1056 1165 1136 gentibus
1208 1054 1582 1134 Evangelium
1631 1074 1802 1114 suum
1837 1056 1949 1135 (l);
1997 1056 2207 1116 Paulus

102 1156 321 1237 pariter
355 1166 413 1213 et
447 1151 737 1212 Barnabas
774 1151 932 1209 missi
962 1162 1102 1208 sunt
1137 1171 1170 1208 a
1204 1150 1423 1230 Spiritu
1461 1144 1672 1209 Sancto
1702 1149 1777 1209 ad
1812 1151 1968 1210 idem
2004 1152 2210 1211 minis-

104 1250 315 1309 terium
334 1249 446 1329 (2).
475 1247 553 1304 Ut
580 1255 778 1304 autem
807 1243 920 1303 sibi
954 1243 1130 1303 fidem
1160 1244 1535 1304 conciliarent
1554 1290 1571 1318 ,
1612 1243 1748 1304 data
1782 1246 1920 1327 ipsis
1958 1257 2210 1327 potestas

105 1355 194 1404 est
220 1341 475 1423 prodigia
505 1338 777 1420 patrandi
805 1337 916 1421 (3).
955 1341 1090 1399 Jam
1130 1360 1269 1400 vero
1307 1339 1489 1400 semel
1525 1339 1776 1399 admissa
1811 1339 2071 1401 absoluta
2100 1364 2209 1404 ne·-

105 1437 368 1498 oessitate
403 1445 713 1495 consensus
745 1438 968 1514 generis
1003 1433 1248 1494 humani
1282 1434 1358 1493 ad
1387 1444 1587 1497 veram
1612 1434 2028 1509 vcertitudinem
2054 1458 2213 1498 asse-

103 1528 398 1613 quendam
424 1575 440 1605 ,
487 1528 754 1611 inprimis
795 1529 894 1611 qui
930 1529 1334 1589 immediatam
1375 1529 1796 1591 revelationem
1839 1522 2172 1592 habuerunt
2193 1577 2211 1607 ‚

103 1646 211 1684 nec
247 1625 388 1684 certi
416 1625 488 1683 de
523 1624 623 1683 illa
662 1645 784 1684 esse
804 1670 820 1700 ,
857 1646 966 1684 nec
1013 1626 1132 1683 Deo
1166 1624 1451 1684 revelanti
1483 1625 1717 1685 credere
1751 1626 2076 1707 potuissent
2113 1637 2216 1686 aut

104 1720 459 1780 debuissent.
485 1721 602 1779 Cur
629 1720 788 1780 enim
817 1721 1095 1801 suspicari
1122 1741 1188 1779 ac
1221 1722 1427 1780 timere
1465 1742 1586 1779 non
1623 1722 1949 1803 potuissent
1975 1733 2075 1781 aut
2098 1721 2214 1783 de—

100 1815 392 1888 buissent,
436 1838 496 1876 se
533 1837 655 1875 esse
690 1815 1004 1897 deceptos?
1040 1814 1345 1889 Quomodo
1374 1818 1699 1895 potuissent
1731 1816 1933 1875 itidem
1969 1829 2070 1876 aut
2103 1817 2211 1878 de-

101 1909 364 1971 buissent
397 1932 596 1969 aurem
637 1911 928 1992 fidemque
963 1909 1224 1991 praebere
1267 1910 1470 1992 populi
1507 1910 1792 1993 Apostolis
1833 1912 2212 1991 Evangelium

102 2005 623 2079 annunciantibuS,
660 2027 793 2064 cum
826 2006 1163 2064 universum
1191 2026 1349 2087 pene
1391 2005 1713 2064 humanum
1743 2028 1957 2087 genuS,
1995 2009 2215 2090 quippe

102 2100 486 2183 polytheismo
513 2122 577 2159 ac
598 2100 936 2160 idololatriae
965 2099 1264 2160 addictum
1286 2147 1301 2174 ,
1333 2115 1536 2160 eorum
1571 2101 1965 2183 praedicationi
2000 2100 2214 2162 adver-

104 2195 370 2254 saretur?
419 2195 678 2275 Prodigia
735 2218 872 2277 vero
927 2195 1000 2254 ab
1050 2195 1162 2255 illis
1211 2206 1436 2277 patrata
1482 2217 1681 2255 nonne
1738 2195 1917 2255 veluti
1966 2195 2213 2256 totidem

105 2289 418 2372 praestigias
459 2301 558 2347 aut
605 2290 851 2369 magicas
901 2291 1265 2371 operationes
1309 2295 1441 2367 jure
1486 2291 1780 2370 aspernari
1821 2289 2207 2371 potuissent?
2282 2340 2288 2347 .

107 2386 251 2443 Cum
288 2384 461 2463 igitur
497 2382 605 2442 hoc
644 2394 894 2462 systema
938 2395 1122 2443 totam
1155 2393 1383 2444 evertat
1423 2383 1635 2444 divinae
1673 2384 2042 2445 revelationis
2081 2385 2211 2446 sive

106 2476 459 2537 immediatae
491 2479 612 2538 sive
645 2477 910 2538 mediatae
947 2479 1335 2539 oeconomiam
1354 2524 1370 2552 ‚
1409 2477 1587 2559 plane
1615 2479 2024 2561 consequitur,
2056 2490 2118 2539 et
2147 2479 2212 2539 in

106 2594 166 2632 se
203 2572 410 2633 falsum
449 2595 572 2633 esse
606 2586 666 2633 et
703 2573 915 2634 divinae
950 2573 1291 2634 revelationi
1328 2573 1705 2633 contrarium.

920 2777 1405 2822 DIFFICULTATES.

187 2947 287 3006 75.
334 2946 472 3026 Obj.
504 2949 712 3030 prima.
756 2950 818 3007 10
855 2949 1019 3007 Ratio
1049 2947 1426 3008 individualis
1464 2958 1553 3007 est
1588 2946 1973 3006 essentialiter
2008 2946 2207 3022 finita,

108 3041 464 3124 proindeque
494 3043 779 3118 fallimus,
817 3065 993 3125 quare
1017 3088 1032 3113 ,
1076 3044 1185 3101 nisi
1228 3043 1496 3102 fulciatur
1536 3042 1729 3102 medio
1771 3042 1962 3124 aliquo
1995 3040 2214 3102 infalli-

110 3131 241 3208 bili,
287 3160 590 3220 nunquam
633 3139 848 3220 poterit
897 3161 1017 3197 non
1062 3159 1184 3197 esse
1229 3138 1409 3197 errori
1455 3137 1724 3197 obnoxia.
1766 3138 1838 3195 20
1877 3138 1998 3197 Hoc
2035 3157 2212 3219 porro

109 3229 364 3290 medium
400 3233 556 3291 aliud
577 3255 698 3293 esse
732 3236 938 3317 nequit
968 3254 1142 3313 quam
1173 3233 1397 3312 generis
1426 3233 1668 3291 humani
1721 3254 2068 3308 consensus,
2110 3252 2213 3293 seu

114 3323 259 3381 ratio
294 3328 630 3388 universalis
649 3374 664 3404 ‚
695 3351 822 3411 quae
851 3329 968 3387 sola
1001 3327 1321 3388 infallibilis
1359 3338 1447 3387 est
1478 3338 1538 3387 et
1569 3327 1877 3387 auctoritas
1907 3347 2210 3408 suprema,

186 3542 254 3603 (Ι)
282 3541 442 3590 Matth.
473 3511 637 3609 xxviii,
672 3563 757 3614 ¹93
789 3548 891 3597 Act.
921 3565 968 3608 ι,-
1001 3546 1050 3596 8.
1276 3547 1344 3611 (3)
1383 3547 1528 3596 Marc.
1554 3564 1662 3609 xvi,
1704 3563 1761 3613 17
1790 3556 1836 3596 et
1862 3563 1994 3612 seqq·

181 3621 245 3683 (2)
286 3622 385 3671 Act.
420 3637 504 3671 xm
524 3662 543 3701 ‚¹
576 3642 624 3673 2.

1827 3706 1926 3766 25.
