2502 4134
321 192 478 230 mur.
521 191 609 228 111.
657 192 807 228 secr.
859 192 900 228 1.
950 192 1070 228 car.
1115 191 1152 227 1.
1204 194 1270 228 ms
1315 194 1444 229 ΜΤ.
1489 191 1618 229 ΔΜ.
1669 194 1776 230 ru).
1821 194 2002 235 επιστ.
2093 177 2207 237 371

105 338 234 396 licet
272 338 524 394 minimi
562 333 847 414 cognitiO,
898 346 964 393 ut
1006 356 1097 394 ex.
1142 357 1226 414 gr.
1274 335 1506 416 propria
1544 336 1631 394 sui
1666 336 2006 414 existentia,
2049 351 2212 399 certa

101 432 164 489 in
212 429 416 488 ordine
461 431 640 509 lcyico
688 441 746 487 et
787 431 1195 509 psyclzoloyico
1231 452 1348 508 per
1390 451 1448 488 se
1498 429 1572 487 sit
1599 475 1614 502 ,
1674 431 1894 492 etiamsi
1947 432 2213 495 nondum

101 526 387 586 certitudo
410 523 483 584 de
507 525 609 583 Dei
633 525 940 584 existentia
967 534 1352 605 supponatur.
1380 522 1551 582 Nulla
1583 525 1758 602 igitur
1784 528 2166 608 repugnantia
2182 573 2201 603 ,

102 622 150 679 si
181 618 446 678 ordinem
474 622 702 679 essendi
729 619 800 677 ab
824 618 1028 678 ordine
1055 618 1432 698 coynoscendi
1460 620 1726 700 apprime
1758 620 2073 702 distinguas
2093 623 2206 703 (l).

183 715 282 774 53.
336 714 421 773 Ad
455 715 561 787 7⁰1¹7
594 715 743 794 Ney.
786 715 874 773 Fit
909 718 1107 773 autem
1136 713 1557 772 demonstratio
1596 712 1932 775 inductione
1955 716 2029 775 ab
2071 716 2214 777 effe-

101 810 287 869 ctibus
328 810 402 870 ad.
441 830 702 883 causam,
744 830 871 890 quae
895 808 1160 867 nondum
1202 809 1541 866 immediate
1582 808 2046 890 deprehenditur
2067 813 2206 871 infi-

103 906 262 974 nita,
303 905 405 964 sed
446 906 738 976 mediate,
777 915 1031 986 spectata
1076 904 1356 962 nimirum
1401 902 1604 985 primae
1649 924 1834 964 causae
1878 907 2212 967 necessariae

104 1012 346 1073 natura,
392 1021 521 1081 quae
568 999 772 1082 nequit
823 998 944 1058 ullo
991 1020 1121 1062 esse>
1160 998 1846 1081 limite-circumscripta.
1894 1004 2080 1084 Atque
2130 1003 2213 1063 ita

103 1096 426 1155 occurritur
449 1094 672 1172 obJecto
701 1093 1070 1152 incommodo
1088 1138 1104 1166 ‚
1139 1093 1296 1174 quod
1324 1114 1540 1175 nempe
1574 1104 1774 1152 contra
1803 1094 2009 1175 logicas
2042 1119 2214 1177 regu-

100 1189 184 1248 las
232 1190 408 1267 magis
447 1188 736 1247 conclusio
778 1197 975 1268 pateat
1022 1209 1199 1268 quam
1241 1187 1550 1268 praemissae
1586 1187 1698 1268 (2).

185 1283 281 1342 54.
328 1282 459 1360 Obj.
486 1281 756 1341 secunda.
777 1284 1089 1363 Quousque
1119 1281 1378 1340 humana
1403 1271 1550 1340 ratio
1578 1303 1688 1363 ope
1712 1281 2041 1346 reflexionis
2061 1270 2211 1364 suae,

101 1377 404 1438 sensilibus
426 1375 896 1459 perceptionibus
913 1421 929 1450 ,
961 1398 1025 1435 ac
1050 1375 1246 1458 logicis
1271 1375 1691 1458 abstractisque
1717 1378 2051 1440 notionibus
2076 1394 2215 1442 tan-

101 1485 226 1531 tum
256 1473 455 1530 innixa
477 1517 492 1545 ,
529 1482 747 1531 certam
776 1472 909 1532 sive'
926 1471 1031 1530 Dei
1057 1472 1181 1531 sive
1210 1469 1455 1530 aliarum
1480 1473 1798 1532 veritatum
1825 1476 2216 1553 cognitionem

99 1566 207 1625 sibi
251 1567 498 1631 voluerit
536 1588 873 1648 comparare
894 1612 909 1640 a
952 1567 1014 1624 1ο
1041 1586 1272 1647 semper
1303 1565 1366 1633 in
1392 1568 1772 1644 formalismi
1798 1588 1862 1626 ac
1889 1571 2216 1632 intellectus

99 1664 392 1720 abstracti
418 1661 636 1743 laqueis
663 1660 905 1720 haerebit
926 1706 940 1733 a
972 1681 1079 1720 nec
1112 1660 1187 1718 ad
1218 1660 1544 1720 realitatem
1569 1682 1635 1720 ac
1665 1662 1969 1722 veritatem
2004 1686 2216 1746 perve—
2272 1651 2275 1653 .

100 1757 244 1816 niet.
268 1759 335 1815 ⁵20
359 1760 674 1837 Nunquam
702 1757 917 1838 poterit
953 1757 1076 1838 ipsa
1114 1758 1352 1815 vitalem
1389 1758 1495 1816 Dei
1531 1757 1920 1835 cognitionem
1951 1761 2211 1840 assequi,

99 1853 220 1911 sine
245 1874 357 1933 qua
384 1872 494 1911 nec
523 1853 737 1934 poterit
778 1873 901 1911 sese
935 1852 996 1909 in
1036 1853 1213 1909 vitali
1237 1873 1301 1909 ac
1325 1852 1530 1911 intima
1562 1850 1840 1911 relatione
1863 1872 1997 1912 cum
2021 1855 2210 1935 prima

98 1958 158 2006 et
191 1948 442 2005 maxima
483 1948 727 2008 veritate
769 1946 1069 2005 collocare.
1111 1945 1177 2004 30
1218 1948 1286 2003 ln
1329 1944 1438 2005 hoc
1478 1968 1651 2028 porro
1690 1946 2058 2031 philosophia
2090 1970 2211 2027 pa-

88 2042 256 2122 ycma
298 2042 680 2102 essentialiter
727 2041 923 2100 differt
966 2063 997 2100 a
1041 2042 1377 2101 christiana
1419 2040 1820 2123 philosophiat,
1873 2064 2014 2101 nam
2053 2038 2209 2103 illius

96 2149 327 2196 tantum
353 2140 658 2219 proprium
680 2137 789 2196 fuit
809 2138 1081 2197 veritates
1113 2157 1317 2196 omnes
1347 2158 1377 2195 e
1406 2157 1510 2194 suo
1532 2135 1714 2196 veluti
1737 2136 1918 2196 fundo
1940 2157 2210 2218 promere

99 2230 278 2303 velle,
315 2243 488 2312 atque
520 2233 599 2290 ita
629 2231 917 2290 mundum
945 2232 1009 2289 in
1040 2230 1243 2288 ordine
1279 2229 1483 2288 morali
1519 2251 1583 2288 ac
1617 2229 1882 2309 religioso
1922 2230 2202 2311 perdidit.

98 2327 165 2384 40
189 2326 512 2384 Christiana
544 2348 682 2384 vero
709 2325 1077 2407 philosophia
1108 2346 1214 2405 pro
1241 2324 1579 2383 inconcussa
1603 2323 1727 2382 basi
1752 2326 2200 2401 conscientiam,

99 2421 225 2481 luce
260 2422 519 2481 veritatis
555 2419 826 2480 revelatae
861 2419 1124 2478 edoctam
1145 2463 1163 2492 .,
1202 2429 1262 2477 et
1289 2422 1415 2495 Jam
1451 2418 1514 2475 in
1545 2419 1724 2476 vitali
1758 2417 2039 2477 relatione
2067 2438 2202 2478 cum

102 2704 104 2706 ·
166 2680 232 2744 (l)
270 2678 385 2727 Vid.
429 2678 772 2727 Proenotanda.
820 2678 940 2727 Hinc
978 2678 1110 2727 nobis
1191 2685 1351 2726 nostra
1365 2683 1513 2726 certos
1527 2693 1620 2725 esse
1633 2678 2034 2742 posse,nisiprius
2048 2676 2201 2728 Deum

97 2746 280 2826 probari
318 2778 413 2808 non
447 2771 617 2825 potest,
652 2762 775 2826 quod
807 2763 856 2808 in
885 2762 946 2808 cl.
984 2760 1104 2824 prof,
1134 2792 1137 2795 -
1191 2771 1315 2809 certo
1347 2762 1537 2808 existere
1566 2760 1871 2809 crederemuS.
1897 2759 2018 2809 Hinc
2048 2764 2201 2811 omnis

95 2842 240 2902 Kloe,
275 2860 421 2907 nuper
453 2845 545 2891 vita
576 2843 753 2902 functi,
789 2840 1100 2907 Doqmatica,
1191 2842 1246 2890 de
1275 2841 1360 2890 Dei
1396 2844 1632 2890 existentia
1674 2840 1879 2905 probatio
1918 2843 2203 2893 concideret.

97 2923 308 2990 Mogont.
346 2921 471 2971 1835
493 2961 506 2982 ‚
542 2934 653 2971 tom.
682 2941 698 2970 1
717 2959 732 2982 ‚
763 2941 865 2988 pag.
885 2940 918 2988 9
941 2934 1102 2988 etseq.
1188 2923 1444 2984 Caeterum,
1493 2923 1619 2989 quod
1657 2922 1981 2971 contendimus
2000 2958 2016 2982 ‚
2058 2924 2199 2973 inde·

98 3005 259 3068 legitur
295 3023 309 3054 ε
347 3004 469 3056 Sine
505 3005 603 3069 fide
640 3006 696 3051 in
733 3007 965 3051 rationem
997 3005 1104 3069 pri·
1187 3005 1390 3070 pendens
1423 3015 1488 3052 est
1524 3022 1551 3052 a
1584 3007 1866 3070 quaestione,
1912 3014 2070 3052 utrum
2109 3004 2197 3055 Dei

101 3101 254 3142 mam,
284 3104 313 3133 a
348 3105 442 3152 qua
472 3096 680 3134 nostram
710 3087 1016 3134 existentiam
1046 3101 1103 3131 ac
1186 3086 1292 3134 idea
1318 3089 1374 3134 sit
1402 3084 1612 3133 mediata
1645 3086 1716 3132 vel
1739 3084 2050 3145 immediata,
2081 3101 2194 3134 con-

101 3167 330 3214 rationem
360 3168 614 3224 babemus,
646 3167 894 3234 possibilis
919 3182 1018 3213 non
1036 3173 1103 3212 est
1182 3169 1348 3232 qenita
1377 3168 1448 3216 vel
1486 3167 1755 3230 acquisita;
1795 3166 2024 3232 quidquid
2065 3168 2192 3215 enim

102 3245 215 3294 ulla*
234 3251 479 3299 rationalis
505 3252 624 3316 fides
647 3253 705 3299 in
731 3253 961 3299 rationem
993 3263 1104 3296 noa-
1183 3251 1241 3299 de
1261 3250 1349 3298 hoc
1376 3251 1459 3307 sit,
1482 3248 1603 3313 quod
1632 3265 1728 3295 non
1757 3247 2005 3295 definimus
2022 3284 2036 3305 ‚
2069 3265 2192 3297 sem-

102 3334 224 3375 lram
259 3331 445 3394 ipsam,
479 3333 635 3396 quoad
663 3350 806 3380 smmi
836 3334 936 3379 sive
970 3330 1096 3377 theo·
1176 3350 1257 3399 per
1286 3334 1382 3382 dari
1414 3331 1549 3381 debet
1580 3329 1738 3379 efficax
1763 3331 1928 3379 modus
1957 3329 2044 3380 Dei
2072 3333 2191 3379 exis-

103 3411 301 3456 reticum
338 3412 436 3459 sive
467 3416 738 3478 practicam
781 3428 990 3472 manue,
1040 3426 1098 3458 ac
1178 3417 1367 3463 tentiam
1400 3411 1649 3476 probandi.

94 3490 331 3554 proinde,
368 3508 429 3539 ne
466 3496 654 3557 quidem
692 3493 792 3541 ulla
826 3494 946 3557 fides
977 3501 1101 3546 exter
1238 3495 1315 3559 (2)
1353 3494 1452 3542 Hoc
1476 3496 1574 3559 jam
1598 3491 1685 3540 sibi
1716 3491 1947 3559 objecerat
1967 3507 2022 3540 ac
2042 3490 2189 3561 solve·

100 3574 222 3619 riori
253 3574 446 3623 nutando.
487 3575 553 3623 Ex
587 3578 754 3643 quibus
790 3579 940 3626 verbis
969 3573 1100 3642 sequi
1180 3586 1248 3626 rat
1265 3573 1316 3626 S.
1341 3576 1541 3625 Thomas
1565 3591 1581 3622 ι
1598 3610 1611 3634 ,
1635 3591 1686 3639 p.
1719 3591 1770 3641 q.
1794 3589 1854 3632 2,
1881 3582 1968 3622 art.
1988 3585 2039 3621 α.

103 3654 329 3702 videretur
345 3691 358 3713 ‚
387 3671 467 3703 nos
483 3673 541 3704 ne
559 3656 616 3705 de
636 3660 886 3707 existentia
912 3659 1099 3724 quidem

1807 3730 1910 3789 24.
