2502 4134
2084 125 2199 183 165

401 146 559 184 PART.
606 146 671 181 11.
718 144 839 185 cAP.
884 144 964 183 IV.
1010 146 1076 181 DE
1119 145 1412 183 SCRIPTUR.
1459 146 1616 184 SAen.
1670 145 1825 185 VERS.

885 286 1301 339 PROPOSITIO
1345 289 1388 338 I.

83 441 308 500 Merito
365 441 421 499 T
416 443 734 499 ridentina
782 442 1057 520 Synodus
1074 485 1094 513 ,
1133 465 1204 501 ea·
1239 444 1520 501 omnibus
1549 445 1759 501 latinis
1793 444 2155 503 editionibus
2177 490 2199 515 ,

159 557 293 613 quoe
329 537 945 613 circumferebantur,
974 558 1282 596 sacrorum
1315 535 1675 604 Librorum,
1704 548 1947 595 veterem
1982 538 2200 618 Vulqa-

106 628 108 630 μ
161 641 283 687 tam
344 631 653 688 editionem
701 652 818 708 pro
878 631 1222 690 authentica
1277 631 1614 688 habendam
1673 652 1789 689 esse
1819 678 1833 698 ,
1892 635 2106 691 statuit
2146 645 2201 692 et

159 725 501 782 declaravit.

174 911 316 970 249.
369 915 526 987 Duc,
563 924 631 970 ut
659 913 843 991 paulo,
871 924 1006 972 ante
1042 912 1464 986 innuebamuS,
1504 913 1616 971 1100
1656 933 1759 971 suo
1800 913 2029 973 decreto
2062 914 2199 972 Tri-

82 1008 317 1067 dentina
369 1006 630 1088 Synodus
659 1006 847 1065 effecit
868 1052 884 1080 a
914 1005 1055 1064 dum
1083 1006 1386 1086 Vulgatam
1416 1007 1745 1067 versionem
1770 1027 1888 1088 prae
1918 1008 2153 1090 reliquis
2180 1054 2195 1081 .‚

84 1124 211 1182 quae
235 1099 823 1168 circumferebantur„
858 1097 1055 1157 latinis
1089 1098 1441 1158 editionibus
1471 1099 1869 1159 authenticam
1906 1104 2110 1161 statuit
2135 1124 2201 1162 ac

83 1195 426 1271 declaravit3
485 1214 699 1273 nempe
745 1203 952 1252 testata
996 1205 1083 1252 est
1130 1197 1254 1272 ejus
1306 1195 1684 1253 intrinsecam
1732 1195 2203 1257 conformitatem

83 1311 213 1349 cum
237 1300 400 1348 textu
426 1287 732 1369 primitivo
751 1333 768 1362 ,
799 1309 918 1347 non
946 1288 1132 1346 solum
1161 1290 1223 1346 in
1252 1287 1425 1347 rebus
1451 1288 1588 1348 fidei
1609 1311 1673 1348 ac
1698 1290 1931 1349 morum
1952 1335 1968 1364 7
1997 1312 2205 1351 verum

82 1385 254 1444 etiam
287 1383 350 1443 in
386 1382 593 1442 ceteris
614 1427 631 1457 ‚
658 1382 866 1442 saltem
900 1382 1093 1465 quoad
1130 1382 1553 1459 substantiam3
1586 1385 1756 1467 eique
1800 1385 2049 1444 contulit
2067 1407 2210 1468 prae-

80 1489 236 1538 terea
274 1478 665 1538 extrinsecam
710 1477 1030 1559 quamdam
1075 1478 1515 1554 auctoritatem,
1572 1501 1748 1562 quam
1803 1479 2043 1562 reliquis
2081 1502 2204 1539 non

82 1571 360 1648 contulit,
416 1576 534 1631 imo
577 1593 686 1632 nec
731 1572 978 1631 contulit
1013 1572 1183 1631 alicui
1228 1573 1413 1632 textui
1454 1573 1718 1655 originali
1763 1575 1886 1635 sive
1936 1573 2206 1635 hebraico

81 1667 201 1728 sive
223 1687 403 1747 graeco
433 1667 544 1775 (l.)’
574 1669 723 1729 Cum
750 1678 947 1727 autem
973 1667 1045 1726 de
1072 1668 1181 1726 hoc
1204 1678 1404 1750 aperte
1426 1680 1653 1729 constet
1687 1691 1756 1729 ex
1786 1668 2022 1729 decreto
2045 1671 2171 1753 ipso
2190 1717 2205 1745 .,

81 1781 199 1820 non
229 1773 318 1822 est
357 1784 458 1822 cur
484 1762 545 1820 in
588 1761 698 1820 hoc
717 1761 1020 1843 probando
1049 1763 1402 1821 insistamus,

162 1857 304 1917 250.
353 1857 834 1916 Conformitatem
862 1879 999 1917 vero
1034 1857 1415 1917 intrinsecam
1443 1858 1689 1937 vulgatae
1720 1857 1991 1916 editionis
2005 1829 2200 1917 latinae

86 1972 216 2010 cum
248 1962 409 2011 textu
446 1951 787 2033 primitiva,
829 1952 891 2010 in
939 1973 1111 2010 sensu
1155 1953 1450 2034 exposito
1501 1953 1579 2010 ita
1625 1952 1966 2013 evincimUS.
2011 1951 2210 2011 Versio

84 2045 181 2104 illa
215 2048 399 2105 textui
430 2046 695 2126 originali
732 2068 832 2106 seu
862 2047 1212 2130 primigenio
1250 2048 1560 2106 conformis
1594 2047 1882 2107 censenda
1912 2057 1997 2105 est
2020 2091 2036 2120 ,
2075 2067 2206 2126 quae

86 2139 257 2219 longo
293 2140 617 2200 seculorum
644 2164 752 2200 usu
792 2142 853 2199 in
885 2141 1130 2201 Ecclesia
1170 2142 1426 2200 obtinuit
1449 2187 1465 2217 ,
1499 2162 1626 2221 quae
1661 2141 1797 2200 tulit
1830 2140 1903 2198 ab
1927 2140 2206 2200 adversa-

89 2234 185 2293 riis
211 2234 348 2316 ipsis
365 2235 697 2315 suffragium
717 2282 733 2311 .,
764 2257 890 2317 quae
913 2235 1169 2317 denique
1192 2237 1456 2294 falsitatis
1484 2249 1542 2295 et
1568 2237 1778 2295 erroris
1810 2235 2033 2294 nedum
2056 2235 2205 2292 circa

90 2327 266 2388 fidem
297 2339 358 2388 et
395 2350 621 2404 ἵησι-05,
664 2329 766 2388 sed
819 2340 878 2388 et
913 2329 1105 2410 quoad
1150 2342 1373 2402 cetera,
1418 2351 1546 2410 quae
1582 2330 1879 2422 attingunt
1922 2327 2202 2386 substan-

90 2423 231 2481 tiam
253 2469 268 2498 ,
296 2424 455 2503 argui
478 2445 782 2505 nunquam
806 2426 1014 2506 potuit.
1043 2423 1196 2482 Talis
1219 2445 1393 2505 porro
1426 2436 1513 2482 est
1537 2425 1725 2482 versio
1759 2424 2000 2504 Vulgata
2020 2422 2204 2481 latina

91 2538 123 2575 a
152 2517 490 2577 Tridentina
512 2518 743 2598 Synodo
770 2518 1030 2601 probata.

168 2612 310 2670 251.
359 2615 506 2672 Nam
541 2611 612 2671 de
645 2635 754 2671 usu
788 2613 1050 2672 Ecclesiae
1088 2611 1281 2672 latinae
1319 2612 1491 2691 longo
1523 2611 1849 2671 seculorum
1888 2621 2076 2670 tractu
2108 2633 2204 2671 res

91 2707 459 2767 testatissima
496 2719 582 2767 est
608 2753 623 2781 7
663 2719 836 2788 atque
863 2711 1088 2766 constat
1115 2728 1183 2765 ex
1225 2708 1347 2788 ipsa
1370 2707 1620 2786 Vulgatae
1647 2705 1919 2778 editionis
1940 2705 2206 2765 historia.

163 2941 233 3006 (1)
267 2941 336 2989 Ex
375 2943 463 2990 hac
504 2943 830 3002 distinetione,
867 2944 987 2989 inter
1024 2959 1108 2990 au·
1189 2943 1437 2990 intrinseco
1466 2941 1619 2989 valore
1647 2937 1899 3006 disceptare
1918 2977 1931 2998 ‚
1962 2957 2066 2987 cnm
2094 2941 2206 3003 ipsis

96 3022 317 3071 thentiam
351 3023 662 3072 intrinsecam
695 3034 739 3072 et
763 3024 1105 3078 extrinsecam,

100 3103 275 3152 videtur
301 3107 493 3154 omnino
520 3105 699 3154 sublata
723 3107 1028 3154 controversia
1049 3105 1108 3152 de

101 3183 366 3245 prelatione
403 3204 429 3234 a
467 3187 740 3236 Tridentino
779 3188 885 3236 data
914 3188 1106 3251 vulgatae

103 3262 284 3314 editioni
301 3285 435 3332 supra
453 3279 602 3318 textus
632 3270 835 3335 aliasque
855 3270 1104 3317 versiones.

106 3341 286 3394 Etenim
324 3346 586 3399 Concilium
619 3351 768 3400 fontes
799 3353 1108 3416 antiquasque

107 3427 329 3474 versiones
351 3445 446 3479 non
463 3434 639 3498 attigit3
669 3432 751 3481 sed
776 3442 820 3481 et
836 3430 943 3482 illos,
957 3441 1002 3480 et
1021 3431 1106 3478 has

40 3553 41 3556 ,
109 3505 296 3571 reliquit
317 3509 366 3556 in
390 3520 514 3561 statu
531 3531 620 3579 quo
637 3551 652 3572 ,
669 3525 719 3563 ut
733 3514 864 3585 loqui
895 3532 994 3564 mos
1016 3524 1107 3574 est,

1189 3025 1371 3074 decreto
1399 3041 1510 3084 suo,
1543 3033 1593 3072 ut
1621 3033 1806 3072 testatur
1835 3022 1975 3072 Card.
2008 3021 2209 3070 Pallavi-

1189 3108 1336 3155 cinius
1369 3106 1471 3154 loco
1503 3107 1607 3164 cit.‚
1644 3104 1738 3152 ulla
1769 3106 1944 3152 ratione
1968 3104 2206 3152 detrahere

1187 3187 1615 3237 noluerit.Contulit
1632 3192 1871 3252 propterea
1882 3186 2073 3235 editioni
2092 3185 2211 3232 Vul-

1188 3282 1302 3336 gatae
1341 3271 1496 3319 latinae
1536 3269 1828 3320 authentiam
1867 3271 2206 3335 estrinsecam,

1189 3370 1281 3418 qua
1313 3353 1425 3400 certi
1456 3350 1743 3399 efficeremur
1762 3387 1776 3410 ,
1808 3350 1927 3398 nihil
1946 3352 1994 3397 in
2011 3351 2109 3414 ipsa
2136 3364 2214 3395 re·-

1189 3435 1352 3499 pefiri,
1380 3435 1478 3481 sive
1505 3431 1565 3480 ad
1590 3430 1730 3480 fidem
1757 3433 1851 3480 sive
1876 3431 1931 3480 ad
1962 3446 2109 3478 mores
2125 3427 2208 3476 a'ut

1193 3516 1441 3564 sententias
1470 3514 1729 3576 pertinens,
1756 3512 1881 3580 quod
1906 3511 2164 3561 dissentiret
2184 3525 2210 3556 a

110 3586 373 3655 dimisitque
401 3593 583 3644 eruditis
614 3597 672 3646 de
700 3597 796 3647 illis
827 3601 1112 3663 istarumque
1196 3595 1404 3645 fontibus
1433 3596 1734 3660 primigeniis.
