2502 4134
277 148 438 186 mar.
484 149 547 184 11.
594 147 716 183 CAP.
754 145 810 184 v.
847 147 913 181 mi
942 144 1096 182 saon.
1141 145 1314 182 semp,
1365 145 1512 181 Lacr.
1561 142 1614 178 m
1662 142 1805 180 ime.
1850 141 1983 178 vnn.
2081 118 2202 178 203

105 309 241 347 nem
283 274 499 345 cunctis
539 286 861 367 promiscue
906 284 1175 345 fidelibus
1214 283 1371 343 haud
1413 284 1788 343 necessariam
1829 281 1902 340 ad
1950 280 2204 340 salutem

107 403 259 453 esse3
310 382 563 440 secundo
602 402 902 461 nunquam
939 379 1245 439 Ecclesiam
1292 378 1554 437 absolute
1597 399 1660 436 ac
1703 377 2203 437 indiscriminatim

104 474 462 556 prohibuisse
489 474 617 532 filiis
658 475 771 532 suis
809 496 1099 533 sacrorum
1139 473 1453 532 Bibliorum
1487 473 1663 530 etiam
1690 473 1750 530 in
1775 471 1967 557 lingua
1994 492 2203 531 verna-

106 569 230 628 cula
266 568 595 629 lectionem.
633 570 770 641 Quae
806 580 870 627 ut
915 568 1277 628 obtineamus
1299 613 1315 642 ,
1346 568 1435 625 sit.

916 756 1319 811 PROPOSITIO
1361 758 1399 808 Ι.

106 935 305 992 Saorae
374 932 703 1009 Scriptura·
779 931 942 986 lectio
1017 927 1241 986 Christi
1307 925 1588 1002 fidelihus
1658 923 2203 984 indiscriminatim

424 1026 702 1084 omnihus
732 1027 985 1080 minime
1012 1023 1343 1079 necessaria
1375 1029 1460 1076 est
1485 1018 1571 1075 ad
1609 1018 1876 1075 salutem.

181 1216 322 1275 294.
369 1214 447 1272 Ut
496 1234 567 1272 ex
611 1212 734 1292 ipsa
781 1208 1189 1291 propositionis
1242 1207 1649 1267 enunciatione
1698 1207 1913 1289 liquet,
1963 1207 2035 1268 de
2073 1210 2204 1270 solis

100 1307 361 1370 fidelibus
396 1306 491 1365 hic
526 1305 853 1386 loquimur,
897 1303 1139 1363 minime
1177 1324 1315 1362 vero
1345 1302 1418 1362 de
1467 1301 1793 1383 pastoribus
1833 1302 2205 1385 Ecclesiaeque

98 1401 375 1461 ministris
400 1445 415 1474 ,
458 1398 666 1482 quibus
697 1421 840 1458 onus
878 1397 1162 1456 incumbit
1190 1397 1330 1456 alios
1371 1396 1738 1473 instruendi,
1783 1389 1992 1479 quibus
2014 1399 2204 1480 potius

100 1497 317 1556 dictum
353 1506 440 1555 est
466 1517 478 1552 ε
510 1496 698 1553 Labia
735 1495 1050 1552 sacerdotis
1088 1494 1418 1552 custodient
1436 1495 1746 1552 scientiam
1758 1535 1782 1565 ,
1825 1504 1881 1551 et
1910 1499 2088 1574 legem
2111 1516 2205 1553 re-

97 1595 341 1671 quirent
373 1611 442 1648 em
487 1610 583 1647 ore
619 1594 746 1666 ejus
771 1589 880 1669 (l).
915 1586 1219 1646 Timotheo
1258 1608 1398 1647 vero
1439 1588 1745 1670 Apostolus
1774 1587 2063 1648 inculcat:
2091 1589 2205 1648 At·

96 1687 258 1745 tende
291 1686 691 1744 exhortationi
713 1695 767 1741 et
796 1685 1082 1742 doctrinoe
1120 1684 1231 1761 (2).
1267 1683 1344 1742 Ac
1372 1684 1693 1743 innumerae
1732 1705 1884 1765 pene
1915 1683 2203 1744 ecclesias-

96 1780 222 1840 ticae
266 1780 591 1838 sanctiones
627 1799 755 1838 eam
788 1776 902 1836 illis
932 1778 1251 1857 injungunt
1277 1777 1391 1857 (3).

175 1874 318 1933 295.
366 1876 499 1934 Jam
526 1868 688 1934 ‘vero
728 1872 887 1931 nulla
938 1873 1126 1932 teneri
1173 1872 1511 1932 necessitate
1555 1872 1753 1933 fideles
1807 1874 1880 1934 ad
1932 1872 2204 1954 legendas

96 1970 447 2051 ScripturaS,
487 1970 566 2028 sic
598 1967 976 2028 ostendimus,
1009 1967 1064 2027 Si
1115 1967 1399 2045 ejusmodi
1443 1990 1537 2027 eos
1587 1979 1818 2048 urgeret
1857 1969 2203 2044 necessitaS,

100 2085 165 2122 ea
214 2065 461 2122 oriretur
493 2073 593 2122 aut
621 2084 691 2122 ex
718 2064 841 2144 ipsa
881 2063 999 2136 rei,
1031 2061 1103 2121 de
1125 2084 1238 2144 qua
1259 2063 1445 2142 agitur
1465 2108 1482 2136 ‚
1509 2073 1714 2122 natura
1731 2109 1747 2136 ‚
1785 2073 1886 2122 aut
1913 2084 1985 2123 ex
2010 2063 2203 2144 aliquo

98 2169 384 2238 praecepto
409 2158 655 2237 positivo
678 2157 875 2219 divino
903 2157 998 2217 vel
1026 2157 1425 2218 ecclesiastico,
1461 2161 1540 2217 Ex
1569 2170 1777 2219 neutro
1813 2180 1987 2240 porro
2018 2160 2204 2240 capite

98 2250 228 2309 talis
262 2250 444 2309 oritur
479 2250 805 2310 necessitas·

178 2346 320 2404 296.
367 2347 499 2404 Non
535 2345 792 2424 exsurgit
821 2345 882 2402 in
924 2346 1128 2425 primis
1159 2366 1230 2404 ex
1277 2346 1398 2426 ipsa
1435 2348 1518 2405 rei
1552 2357 1778 2404 natura.
1831 2346 2059 2404 Etenim
2098 2367 2205 2427 per

98 2440 289 2520 priora
331 2440 534 2519 viginti
570 2438 643 2498 ab
675 2438 813 2498 orbe
842 2440 1075 2499 condito
1105 2439 1291 2499 secula
1320 2451 1638 2521 potuerunt
1664 2440 1927 2500 homines
1954 2440 2203 2501 salutem

98 2532 334 2613 adipisci
382 2532 598 2614 absque
652 2534 1081 2615 Scripturarum
1114 2533 1388 2609 lectione,
1430 2556 1561 2594 cum
1598 2535 1708 2594 illae
1747 2535 2014 2594 nondum
2047 2547 2203 2596 exta-

98 2640 270 2702 rent3
310 2650 342 2687 a
391 2630 583 2708 Moyse
620 2627 832 2688 deinde
876 2627 950 2687 ad
989 2628 1282 2687 Christum
1326 2651 1541 2711 usque,
1590 2630 1806 2712 absque
1853 2631 2059 2691 eadem
2110 2631 2197 2691 le-

98 2723 284 2784 ctione
329 2735 647 2806 potuerunt
682 2725 900 2807 pariter
941 2724 1189 2800 salvari,
1237 2737 1520 2808 quotquot
1565 2711 1627 2785 iri
1666 2727 2004 2787 ethnicismo
2028 2773 2045 2801 ,
2091 2749 2201 2810 ope

99 2816 234 2878 fidei
269 2818 378 2878 sibi
429 2841 499 2879 ex
539 2820 777 2902 antiqua
822 2819 1135 2880 traditione
1170 2832 1515 2903 comparatae
1552 2832 1611 2882 et
1644 2821 1840 2884 divina
1880 2822 2202 2905 opitulante

168 3031 233 3096 (l)
272 3032 474 3083 Malach.
501 3049 535 3082 11
554 3071 567 3095 ‚
602 3051 650 3101 7.
1198 3047 1302 3103 peto
1336 3056 1415 3087 an.
1447 3036 1544 3087 530
1575 3057 1720 3108 usque
1743 3040 1800 3087 ad
1823 3038 2107 3088 Clementem
2135 3055 2198 3088 vn

167 3112 233 3173 (2)
269 3131 285 3161 ι
310 3114 514 3164 Timoth.
544 3131 588 3164 iv
607 3153 620 3176 ,
655 3114 731 3166 13.
1193 3136 1274 3168 an.
1308 3117 1464 3187 1596,
1492 3121 1662 3187 quibus
1689 3121 1864 3169 clericis
1891 3130 1936 3168 et
1961 3111 2199 3170 monachis

172 3191 236 3255 (3)
270 3193 623 3246 Constitutiones
655 3208 698 3246 et
726 3197 902 3248 decreta
936 3199 1109 3250 Conci·
1194 3218 1333 3250 sacrae
1367 3201 1612 3267 Scripturae
1641 3202 1772 3251 lectio
1803 3205 2087 3268 praecipitur,
2122 3221 2200 3252 ex-

107 3270 273 3320 liorum
302 3278 393 3325 sive
420 3282 806 3328 oecumenicorum
838 3282 931 3331 sive
965 3284 1106 3347 parti·
1190 3282 1321 3332 hibet
1354 3285 1557 3333 eruditus
1588 3284 1641 3339 Ρ.
1673 3284 1963 3334 Cherubinus
1990 3304 2016 3334 a
2046 3285 2095 3335 S.
2118 3285 2198 3335 Jo-

107 3351 328 3401 cularium
346 3393 360 3415 ,
394 3359 650 3425 incipiendo
684 3380 709 3410 a
740 3361 880 3411 Conc.
913 3363 1105 3429 Hyppo-
1187 3366 1328 3430 seph,
1351 3366 1595 3415 Cat-melita
1621 3367 1943 3429 discalceatus,
1966 3370 2015 3416 in
2028 3365 2197 3433 Appa-

104 3436 234 3482 nensi
288 3454 364 3486 an.
416 3439 510 3505 393
561 3444 788 3493 celebrato
844 3463 988 3511 usque
1045 3447 1102 3495 ad
1186 3454 1296 3494 ratu
1326 3447 1497 3496 biblico
1509 3483 1526 3510 ‚
1562 3447 1761 3498 Bruxell.
1793 3446 1950 3515 1704,
1991 3459 2105 3497 tom.
2143 3465 2193 3509 1,

106 3512 399 3566 Narbonense
424 3520 694 3573 celebratum
719 3542 797 3575 an.
821 3523 974 3594 1609,
993 3544 1102 3576 nec·
1189 3526 1404 3580 Discere.
1415 3529 1719 3596 prouinciali,
1750 3541 1912 3597 quaeet.
1934 3527 1964 3579 3
1983 3567 1998 3591 ,
2026 3539 2113 3579 art.
2131 3526 2189 3590 5,

106 3614 199 3648 non
218 3599 395 3649 decreta
413 3600 547 3651 Rom.
567 3603 839 3656 Pontificum
856 3644 872 3669 ,
899 3609 957 3658 ab
984 3609 1101 3675 Aga·
1184 3620 1297 3660 sect.
1327 3613 1356 3662 3
1378 3650 1392 3674 ,
1425 3630 1526 3678 pag.
1563 3629 1654 3662 120
1682 3623 1726 3663 et
1753 3627 1882 3679 seqq.
