2502 4134
259 143 376 204 134

895 165 1091 208 TRACT.
1140 171 1207 207 DE
1252 170 1404 208 LOCIS
1438 172 1819 213 THEOLOGICIS.

255 308 395 370 dem
425 308 765 370 testimonio
796 309 1061 372 Ecclesiae
1084 357 1099 386 7
1146 311 1219 373 de
1257 334 1371 395 qua
1399 312 1685 376 habemus
1715 318 1780 377 in
1822 317 2131 400 Scripturis
2168 330 2399 402 apertas

254 405 669 488 promissiones
687 449 704 480 7
733 405 892 487 quod
915 428 1113 469 errare
1141 430 1264 467 non
1294 410 1497 490 possit.
1524 410 1628 471 Ast
1652 414 1845 495 quoad
1867 413 2167 474 haereticos
2190 415 2401 476 nititur

254 501 390 560 solis
432 502 813 579 conjecturis7
861 501 955 562 vel
986 503 1210 582 judicio
1243 506 1467 587 proprii
1504 513 1782 591 cujusque
1812 511 2052 592 spiritus
2076 556 2092 586 7
2129 511 2230 592 qui
2268 510 2399 593 ple-

253 618 505 678 rumque
535 596 769 659 videtur
800 596 989 657 bonus
1016 646 1030 673 7
1072 613 1132 660 et
1166 612 1254 659 est
1288 600 1514 676 malus3
1551 614 1764 680 etcum
1794 606 2090 666 conclusio
2121 617 2402 688 sequatur

243 692 599 754 debiliorem
626 707 857 777 partem
878 742 892 771 7
921 699 987 755 fit
1010 698 1337 757 necessario
1359 743 1374 772 7
1401 710 1468 757 ut
1492 710 1615 759 tota
1646 700 2055 784 haereticorum
2085 703 2229 762 fides
2257 724 2402 763 con-

245 789 544 868 jecturalis
568 791 644 850 sit
665 803 725 851 et
749 792 975 852 incerta
998 794 1087 873 (l)
1109 839 1123 867 7
1151 815 1254 852 seu
1286 795 1345 852 in
1373 793 1716 876 labyrintho
1739 798 2086 879 opinionum
2114 810 2403 881 perpetuo

248 885 510 946 haeretici
536 887 1098 949 circumvolvantur.
1140 890 1313 967 Quod
1344 892 1388 950 si
1429 893 1796 951 contendant
1823 894 2217 956 protestantes
2240 941 2256 971 7
2296 894 2407 955 soli

254 985 688 1065 Scripturarum
713 982 924 1045 litterae
951 986 1368 1046 inhaerendum
1395 1010 1519 1048 esse
1540 1035 1555 1064 7
1591 990 1998 1061 necessarioin
2026 989 2280 1052 absurda
2305 1014 2401 1053 eos

255 1079 438 1140 dilabi
463 1102 699 1141 necesse
736 1094 826 1141 est
846 1127 860 1156 7
894 1082 1193 1164 iidemque
1223 1108 1253 1142 a
1290 1085 1586 1166 Scriptura
1617 1086 1742 1167 ipsa
1780 1084 2124 1146 defectionis
2153 1109 2404 1168 arguun-

251 1189 369 1237 tur.
425 1179 718 1261 Scriptura
771 1178 931 1238 enim
985 1178 1232 1258 legimus
1263 1225 1280 1254 7
1341 1179 1496 1239 diem
1566 1180 1809 1240 Sabbati
1873 1182 2348 1243 sanctificandam
2385 1207 2403 1261 3

247 1275 363 1356 ipsi
398 1285 599 1334 tamen
638 1274 923 1335 recedunt
974 1297 1005 1333 a
1044 1274 1239 1335 littera
1262 1321 1277 1351 7
1308 1288 1375 1335 ut
1416 1279 1783 1337 sanctificent
1826 1278 2187 1339 dominicam
2223 1280 2401 1340 diem.

249 1371 518 1451 Legimus
544 1393 557 1429 :
601 1371 710 1433 Vos
732 1373 954 1431 dehetis
976 1374 1129 1431 alter
1151 1374 1404 1432 alteri-us
1426 1375 1634 1434 lavare
1656 1377 1870 1455 pede&
1891 1375 2051 1457 quod
2070 1376 2181 1458 ipsi
2201 1387 2404 1437 tamen

248 1467 575 1548 negligunt.
602 1467 873 1528 Christus
890 1513 906 1542 7
935 1470 1102 1528 Matt.
1132 1470 1199 1543 V7
1227 1469 1329 1543 397
1356 1470 1459 1544 ait7
1482 1471 1614 1551 qu
1637 1473 1766 1531 dieo
1792 1474 1984 1543 nobie,
2001 1494 2121 1531 non
2136 1478 2405 1532 resistere

249 1567 430 1624 malo,
444 1610 481 1624 ..
508 1576 564 1624 61
584 1569 671 1636 ei,
690 1569 803 1644 qui
824 1567 956 1623 vult
974 1575 1171 1625 tecum
1181 1567 1433 1643 judicio
1455 1569 1809 1628 contendere
1823 1615 1840 1638 ‚
1861 1579 1920 1628 61
1937 1570 2215 1627 tunicam
2230 1578 2404 1627 tuam

246 1662 478 1733 tollere,
506 1662 748 1720 dimitte
777 1665 836 1720 ei
861 1672 917 1719 61
936 1663 1206 1741 pallium
1221 1682 1242 1730 ,·
1275 1662 1434 1743 quod
1469 1664 1664 1723 nescio
1684 1709 1699 1739 7
1733 1686 1807 1722 an
1834 1663 1947 1745 ipsi
1970 1673 2230 1724 servent.
2261 1665 2404 1724 Haec

248 1778 427 1839 porro
453 1756 680 1839 aliaque
704 1756 991 1836 ejusmodi
1019 1779 1173 1840 pene
1198 1758 1511 1818 innumera
1541 1759 1603 1818 in
1639 1759 1953 1841 Scripturis
1986 1759 2265 1841 leguntur
2285 1805 2301 1835 7
2328 1759 2404 1820 de

251 1852 463 1935 quibus
488 1863 689 1914 tamen
707 1875 782 1914 ne
804 1854 1065 1934 cogitant
1085 1853 1328 1936 quidem
1350 1857 1750 1916 Protestantes
1774 1856 1889 1936 (2).
1915 1857 2032 1916 Cur
2055 1855 2234 1916 nam?
2257 1856 2403 1931 Quia

313 2058 386 2122 (1)
424 2056 505 2106 De
525 2056 685 2106 Verbo
704 2057 830 2121 Dei,
849 2058 933 2107 lib.
954 2074 1033 2120 ιιι,
1056 2046 1161 2124 cap.
1189 2076 1273 2118 10,

248 2158 302 2190 n.
326 2136 407 2189 28.
434 2125 536 2189 Cfr.
554 2143 604 2188 in
628 2141 717 2190 hoc
739 2152 878 2206 caput
900 2141 1115 2190 vindiciae
1131 2141 1278 2189 Eber-

250 2225 413 2272 manni
459 2223 677 2272 adversus
720 2225 959 2272 Amesium
986 2260 1001 2283 ‚
1054 2242 1143 2273 nec
1178 2242 1279 2285 non

252 2305 426 2355 Milner
444 2344 457 2366 ‚
486 2324 544 2371 op
572 2308 650 2355 cit.
676 2304 966 2354 Excellence
982 2306 1040 2354 de
1058 2306 1104 2354 la
1118 2305 1275 2371 Relz'q.

249 2387 553 2453 catholique,
586 2399 699 2438 tom.
728 2406 744 2435 1
765 2426 777 2449 7
802 2390 902 2437 lett.
932 2404 979 2436 ix
999 2427 1013 2448 ‚
1045 2400 1147 2454 pag.
1186 2406 1278 2437 102

251 2477 298 2521 et
327 2490 456 2539 seqq.
479 2476 560 2539 qui
580 2473 793 2522 observat
813 2484 915 2538 post
931 2471 1279 2523 Scheffmache-

249 2574 356 2605 rum
379 2595 392 2618 7
431 2575 692 2625 numquam
730 2576 862 2623 posse
893 2558 1200 2609 Protestantes
1225 2578 1281 2609 ex

251 2642 451 2705 propriis
486 2643 726 2706 principiis
759 2641 924 2691 elicere
958 2653 1113 2691 actum
1148 2643 1279 2693 fidei.

251 2721 439 2771 Etenim
470 2722 557 2773 Cet
592 2731 724 2783 acte,
762 2725 923 2773 scribit
952 2728 1079 2790 ipse,
1115 2730 1278 2785 etant,

250 2803 439 2871 d’apres
455 2815 584 2854 voire
607 2807 794 2871 qrande
817 2809 1051 2867 autorite,
1075 2806 1283 2874 l’eveque

251 2883 499 2950 Pearson7
524 2905 594 2937 un
625 2891 941 2938 assentimem
959 2906 1061 2938 aux
1090 2890 1283 2939 articles

251 2972 455 3035 reveles,
485 2990 599 3022 aveo
628 2990 724 3021 une
747 2976 1040 3040 persuasion
1069 2977 1283 3022 certaine

251 3064 296 3101 61
334 3057 514 3103 entiere
557 3057 615 3104 de
656 3055 762 3104 leur
799 3058 949 3104 verite
990 3055 1167 3105 renelee
1195 3057 1282 3121 (in

250 3138 408 3201 symb.
435 3155 555 3203 paq.
588 3138 644 3187 15
663 3139 681 3200 )
699 3156 762 3187 ou
773 3155 908 3206 pour
930 3157 1005 3187 me
1030 3142 1185 3188 servir
1200 3140 1283 3189 des

254 3223 557 3285 expressions
584 3222 641 3269 de
673 3231 803 3271 ootre
827 3225 1012 3289 primat
1046 3222 1233 3273 VValke
1264 3244 1282 3272 .-

258 3302 443 3367 Quand
471 3305 531 3369 je
567 3304 725 3353 donne
760 3322 873 3354 mon
911 3307 1225 3354 assentiment
1252 3309 1283 3355 ὰ

253 3401 305 3432 66
333 3402 423 3449 que
452 3387 591 3434 Dieu
612 3403 642 3434 a
665 3387 843 3450 recele,
860 3391 919 3454 je
949 3387 991 3436 le
1015 3388 1120 3454 sais
1153 3405 1280 3437 non-

249 3466 508 3516 seulement
533 3484 645 3516 aveo
665 3486 762 3517 une
788 3487 1050 3519 aeeuranoe
1072 3473 1284 3519 certaine

249 3567 341 3614 que
370 3566 422 3598 66
446 3567 536 3615 que
554 3552 612 3616 je
642 3553 767 3599 crois
792 3562 860 3600 631
886 3555 1022 3615 vrai,
1052 3555 1179 3602 mais
1198 3571 1283 3602 en·-

249 3649 355 3680 core
390 3650 505 3681 avec
546 3650 641 3682 wne
676 3638 878 3683 securiie
901 3636 1091 3685 absolue
1114 3641 1203 3702 qui
1223 3656 1283 3687 ne

239 3725 362 3780 peut
390 3718 485 3765 ecre
499 3717 666 3781 faune
690 3718 899 3781 (Princ.
932 3720 1070 3787 reliq.
1095 3719 1279 3771 Christ.

1356 2076 1477 2125 paq.
1497 2076 1558 2126 27
1577 2062 1611 2124 ).
1634 2059 1711 2108 Or
1731 2059 1773 2108 le
1793 2060 2093 2121 Prote-stant,
2111 2062 2199 2126 qui
2215 2072 2406 2128 nepem

1367 2151 1579 2209 compter
1593 2160 1683 2208 que
1701 2160 1791 2190 sur
1804 2159 1878 2192 363
1887 2160 2089 2210 propree
2108 2143 2262 2192 talene
2278 2144 2405 2194 dam

1366 2222 1662 2291 l'interpreta
1669 2227 1773 2273 tion
1787 2225 1869 2274 des
1885 2225 2028 2275 liores
2043 2225 2400 2291 (161Ἐ6νὶἰιιν6,

1367 2318 1557 2357 eurtout
1585 2327 1698 2358 aveo
1731 2317 1882 2358 tontes
1910 2310 1974 2357 les
2000 2310 2252 2377 difficultes
2272 2311 2404 2362 61163

1370 2392 1680 2439 incertitudee
1721 2392 1843 2458 qu'il
1881 2392 1984 2441 doit
2021 2397 2313 2459 eprouver...
2342 2410 2404 2442 ne

1361 2483 1484 2538 peut
1496 2476 1693 2541 Jamais
1715 2476 1952 2525 atteindre
1966 2477 1997 2524 ὰ
2012 2484 2127 2525 66116
2142 2493 2404 2525 aeeurance
2488 2476 2502 2484 Χ

1371 2561 1584 2607 certaine
1626 2569 1671 2608 61
1708 2561 1739 2608 ὰ
1779 2569 1896 2609 66116
1934 2560 2142 2610 securite
2175 2558 2399 2621 absolue,

1369 2640 1696 2689 relativement
1712 2644 1742 2691 ὰ
1758 2652 1859 2690 tout
1870 2659 1921 2690 66
1934 2644 2024 2707 qui
2035 2651 2102 2690 631
2118 2642 2269 2691 revel&
2278 2642 2401 2691 dans

1367 2722 1655 2793 I'Eoriture.
1692 2726 1762 2774 Le
1791 2724 1909 2791 plue
1943 2725 2065 2790 qu’il
2085 2728 2256 2792 puisse
2294 2726 2399 2774 dire

1369 2819 1440 2856 631
1466 2828 1483 2856 .·
1502 2808 1574 2857 Le
1606 2826 1716 2857 eene
1747 2808 1828 2856 des
1848 2825 2078 2875 passaqes
2104 2827 2195 2874 que
2209 2812 2269 2876 je
2297 2809 2399 2858 vois

1369 2909 1444 2939 me
1461 2893 1631 2957 paruit
1663 2892 1693 2939 ὰ
1716 2896 1910 2956 present
1939 2891 2005 2939 161
2030 2901 2074 2940 61
2099 2891 2192 2955 161,
2221 2900 2292 2950 61,
2321 2889 2403 2940 3ἰἸ

1369 2983 1438 3023 est
1468 2974 1525 3022 de
1561 2974 1715 3022 bonne
1744 2974 1849 3039 soi,
1879 2974 1917 3021 il
1953 2977 2172 3043 ajoutera
2206 2994 2225 3024 .·
2261 2972 2398 3023 Mais

1366 3059 1608 3124 peut-ecre
1652 3056 1983 3123 chanqerai-je
2029 3074 2144 3105 mon
2193 3057 2399 3123 opinion

1374 3142 1515 3208 apres
1546 3156 1642 3188 une
1672 3139 1787 3206 plus
1821 3139 1978 3207 ample
2006 3139 2393 3200 consideration,

1374 3234 1420 3274 61
1442 3224 1584 3290 apres
1605 3225 1744 3271 avoir
1761 3228 1986 3290 compare
2000 3222 2266 3289 oe‘paesaqe
2285 3238 2396 3270 aveo

1373 3308 1600 3356 d’autres.
1646 3305 1876 3354 Combien
1914 3305 1955 3354 il
1990 3323 2022 3371 y
2050 3322 2082 3354 a
2119 3304 2221 3353 lein
2250 3304 2395 3353 d'une

1367 3387 1574 3457 pareille
1605 3390 1809 3454 opinion
1839 3386 2010 3453 simple
2037 3388 2070 3436 ὰ
2096 3386 2142 3436 la
2170 3387 2401 3436 certitudo

1369 3472 1427 3521 de
1456 3471 1504 3519 la
1523 3470 1635 3537 foi!

1447 3554 1514 3620 (2)
1542 3551 1819 3601 Recolantur
1836 3551 2048 3618 superius
2065 3551 2213 3617 dicta,
2230 3563 2275 3603 et
2289 3551 2396 3601 Mil-

1370 3654 1486 3699 ner,
1520 3636 1612 3685 loc.
1643 3636 1723 3684 cit.
2320 3629 2330 3646 t
