<?xml version="1.0" encoding="UTF-8"?>
<!DOCTYPE html PUBLIC "-//W3C//DTD XHTML 1.0 Transitional//EN"
    "http://www.w3.org/TR/xhtml1/DTD/xhtml1-transitional.dtd">
<html xmlns="http://www.w3.org/1999/xhtml" xml:lang="en" lang="en">
 <head>
  <title>
</title>
<meta http-equiv="Content-Type" content="text/html;charset=utf-8" />
  <meta name='ocr-system' content='tesseract 3.04.00' />
  <meta name='ocr-capabilities' content='ocr_page ocr_carea ocr_par ocr_line ocrx_word'/>
</head>
<body>
  <div class='ocr_page' id='page_1' title='image "a603693809perruoft_0492.png"; bbox 0 0 2502 4134; ppageno 0'>
   <div class='ocr_carea' id='block_1_1' title="bbox 306 81 425 143">
    <p class='ocr_par' dir='ltr' id='par_1_1' title="bbox 306 81 425 143">
     <span class='ocr_line' id='line_1_1' title="bbox 306 81 425 143; baseline -0.025 0"><span class='ocrx_word' id='word_1_1' title='bbox 306 81 425 143; x_wconf 74' lang='lat'>484</span> 
     </span>
    </p>
   </div>
   <div class='ocr_carea' id='block_1_2' title="bbox 903 98 1841 144">
    <p class='ocr_par' dir='ltr' id='par_1_2' title="bbox 903 98 1841 144">
     <span class='ocr_line' id='line_1_2' title="bbox 903 98 1841 144; baseline 0.001 -6"><span class='ocrx_word' id='word_1_2' title='bbox 903 100 1101 138; x_wconf 74' lang='lat' dir='ltr'><strong>TRAGT.</strong></span> <span class='ocrx_word' id='word_1_3' title='bbox 1153 102 1220 137; x_wconf 79' lang='lat' dir='ltr'>DE</span> <span class='ocrx_word' id='word_1_4' title='bbox 1266 98 1417 141; x_wconf 74' lang='lat' dir='ltr'>mels</span> <span class='ocrx_word' id='word_1_5' title='bbox 1461 101 1841 144; x_wconf 70' lang='lat' dir='ltr'>THBOtOGlcls.</span> 
     </span>
    </p>
   </div>
   <div class='ocr_carea' id='block_1_3' title="bbox 303 245 2449 815">
    <p class='ocr_par' dir='ltr' id='par_1_3' title="bbox 303 245 2449 815">
     <span class='ocr_line' id='line_1_3' title="bbox 387 245 2445 334; baseline -0 -23"><span class='ocrx_word' id='word_1_6' title='bbox 387 253 530 310; x_wconf 75' lang='lat'>212.</span> <span class='ocrx_word' id='word_1_7' title='bbox 584 248 671 307; x_wconf 78' lang='lat' dir='ltr'>Ad</span> <span class='ocrx_word' id='word_1_8' title='bbox 717 248 819 323; x_wconf 81' lang='lat'>6¹1¹,</span> <span class='ocrx_word' id='word_1_9' title='bbox 862 247 1021 306; x_wconf 79' lang='lat' dir='ltr'>Dist.</span> <span class='ocrx_word' id='word_1_10' title='bbox 1077 245 1370 306; x_wconf 83' lang='lat' dir='ltr'>credendi</span> <span class='ocrx_word' id='word_1_11' title='bbox 1410 247 1665 318; x_wconf 63' lang='lat' dir='ltr'>motiva„</span> <span class='ocrx_word' id='word_1_12' title='bbox 1721 260 1895 329; x_wconf 84' lang='lat' dir='ltr'>prout</span> <span class='ocrx_word' id='word_1_13' title='bbox 1938 252 2445 334; x_wconf 74' lang='lat' dir='ltr'>praerequisitum‚</span> 
     </span>
     <span class='ocr_line' id='line_1_4' title="bbox 305 340 2449 431; baseline 0 -25"><span class='ocrx_word' id='word_1_14' title='bbox 305 342 731 431; x_wconf 62' lang='lat' dir='ltr'>praeambulum</span> <span class='ocrx_word' id='word_1_15' title='bbox 775 353 877 401; x_wconf 86' lang='lat' dir='ltr'>aut</span> <span class='ocrx_word' id='word_1_16' title='bbox 904 340 1307 401; x_wconf 87' lang='lat' dir='ltr'>conditionem</span> <span class='ocrx_word' id='word_1_17' title='bbox 1338 342 1629 402; x_wconf 88' lang='lat' dir='ltr'>denotant</span> <span class='ocrx_word' id='word_1_18' title='bbox 1664 342 1740 402; x_wconf 90' lang='lat' dir='ltr'>ad</span> <span class='ocrx_word' id='word_1_19' title='bbox 1765 343 2089 423; x_wconf 74' lang='lat' dir='ltr'><strong>prudenter</strong></span> <span class='ocrx_word' id='word_1_20' title='bbox 2117 349 2449 408; x_wconf 81' lang='lat' dir='ltr'>assentien-</span> 
     </span>
     <span class='ocr_line' id='line_1_5' title="bbox 305 436 2449 520; baseline 0 -19"><span class='ocrx_word' id='word_1_21' title='bbox 305 443 449 501; x_wconf 90' lang='lat' dir='ltr'>dum</span> <span class='ocrx_word' id='word_1_22' title='bbox 489 437 838 499; x_wconf 83' lang='lat' dir='ltr'>revelationi</span> <span class='ocrx_word' id='word_1_23' title='bbox 886 450 1172 520; x_wconf 81' lang='lat' dir='ltr'><strong>tanquam</strong></span> <span class='ocrx_word' id='word_1_24' title='bbox 1213 436 1498 498; x_wconf 87' lang='lat' dir='ltr'>divinitus</span> <span class='ocrx_word' id='word_1_25' title='bbox 1532 437 1721 512; x_wconf 62' lang='lat' dir='ltr'>datae,</span> <span class='ocrx_word' id='word_1_26' title='bbox 1761 439 2099 501; x_wconf 89' lang='lat' dir='ltr'>innituntur</span> <span class='ocrx_word' id='word_1_27' title='bbox 2121 443 2449 503; x_wconf 83' lang='lat' dir='ltr'>auctoritati</span> 
     </span>
     <span class='ocr_line' id='line_1_6' title="bbox 303 531 2449 617; baseline 0.001 -21"><span class='ocrx_word' id='word_1_28' title='bbox 303 539 580 596; x_wconf 82' lang='lat' dir='ltr'>humanae</span> <span class='ocrx_word' id='word_1_29' title='bbox 604 582 619 609; x_wconf 57' lang='lat'>7</span> <span class='ocrx_word' id='word_1_30' title='bbox 663 556 858 601; x_wconf 79' lang='lat' dir='ltr'>eono.;</span> <span class='ocrx_word' id='word_1_31' title='bbox 892 535 954 593; x_wconf 88' lang='lat' dir='ltr'>in</span> <span class='ocrx_word' id='word_1_32' title='bbox 985 534 1085 592; x_wconf 83' lang='lat' dir='ltr'>illa</span> <span class='ocrx_word' id='word_1_33' title='bbox 1124 531 1442 593; x_wconf 86' lang='lat' dir='ltr'>resolvitur</span> <span class='ocrx_word' id='word_1_34' title='bbox 1463 534 1607 594; x_wconf 85' lang='lat' dir='ltr'>fides</span> <span class='ocrx_word' id='word_1_35' title='bbox 1633 545 1830 593; x_wconf 88' lang='lat' dir='ltr'>nostra</span> <span class='ocrx_word' id='word_1_36' title='bbox 1871 545 2157 617; x_wconf 84' lang='lat' dir='ltr'>tanquam</span> <span class='ocrx_word' id='word_1_37' title='bbox 2178 539 2244 598; x_wconf 89' lang='lat' dir='ltr'>in</span> <span class='ocrx_word' id='word_1_38' title='bbox 2269 540 2449 598; x_wconf 89' lang='lat' dir='ltr'>moti-</span> 
     </span>
     <span class='ocr_line' id='line_1_7' title="bbox 305 630 2449 717; baseline 0.001 -26"><span class='ocrx_word' id='word_1_39' title='bbox 305 655 447 693; x_wconf 84' lang='lat' dir='ltr'>vum</span> <span class='ocrx_word' id='word_1_40' title='bbox 486 632 860 713; x_wconf 87' lang='lat' dir='ltr'>adaequatum</span> <span class='ocrx_word' id='word_1_41' title='bbox 900 631 1194 710; x_wconf 78' lang='lat' dir='ltr'>formale,</span> <span class='ocrx_word' id='word_1_42' title='bbox 1238 651 1369 711; x_wconf 66' lang='lat' dir='ltr'>wey.</span> <span class='ocrx_word' id='word_1_43' title='bbox 1415 630 1538 688; x_wconf 84' lang='lat' dir='ltr'>Nisi</span> <span class='ocrx_word' id='word_1_44' title='bbox 1578 631 1741 690; x_wconf 89' lang='lat' dir='ltr'>enim</span> <span class='ocrx_word' id='word_1_45' title='bbox 1787 631 1971 710; x_wconf 83' lang='lat' dir='ltr'>gratia</span> <span class='ocrx_word' id='word_1_46' title='bbox 2016 631 2284 709; x_wconf 71' lang='lat' dir='ltr'>accedat,</span> <span class='ocrx_word' id='word_1_47' title='bbox 2335 656 2449 717; x_wconf 84' lang='lat' dir='ltr'>qua</span> 
     </span>
     <span class='ocr_line' id='line_1_8' title="bbox 304 724 2446 815; baseline 0 -25"><span class='ocrx_word' id='word_1_48' title='bbox 304 750 761 815; x_wconf 79' lang='lat' dir='ltr'>permoveamur</span> <span class='ocrx_word' id='word_1_49' title='bbox 805 727 880 787; x_wconf 86' lang='lat' dir='ltr'>ad</span> <span class='ocrx_word' id='word_1_50' title='bbox 916 738 1113 788; x_wconf 88' lang='lat' dir='ltr'>actum</span> <span class='ocrx_word' id='word_1_51' title='bbox 1157 724 1293 786; x_wconf 90' lang='lat' dir='ltr'>fidei</span> <span class='ocrx_word' id='word_1_52' title='bbox 1342 725 1805 808; x_wconf 90' lang='lat' dir='ltr'>supernaturalis</span> <span class='ocrx_word' id='word_1_53' title='bbox 1853 726 2246 804; x_wconf 76' lang='lat' dir='ltr'>eliciendum,</span> <span class='ocrx_word' id='word_1_54' title='bbox 2289 751 2446 791; x_wconf 91' lang='lat' dir='ltr'>nun-</span> 
     </span>
    </p>
   </div>
   <div class='ocr_carea' id='block_1_4' title="bbox 243 960 1342 3677">
    <p class='ocr_par' dir='ltr' id='par_1_4' title="bbox 243 960 1342 3677">
     <span class='ocr_line' id='line_1_9' title="bbox 304 960 1335 1027; baseline -0.003 -15"><span class='ocrx_word' id='word_1_55' title='bbox 304 963 467 1012; x_wconf 75' lang='lat' dir='ltr'>aliena</span> <span class='ocrx_word' id='word_1_56' title='bbox 483 971 621 1020; x_wconf 75' lang='lat' dir='ltr'>sunt,</span> <span class='ocrx_word' id='word_1_57' title='bbox 640 970 782 1027; x_wconf 83' lang='lat' dir='ltr'>atque</span> <span class='ocrx_word' id='word_1_58' title='bbox 803 961 888 1010; x_wconf 79' lang='lat' dir='ltr'>hoc</span> <span class='ocrx_word' id='word_1_59' title='bbox 907 960 1068 1019; x_wconf 84' lang='lat' dir='ltr'>modo,</span> <span class='ocrx_word' id='word_1_60' title='bbox 1091 969 1335 1010; x_wconf 79' lang='lat' dir='ltr'>servantes</span> 
     </span>
     <span class='ocr_line' id='line_1_10' title="bbox 304 1043 1332 1109; baseline -0.002 -16"><span class='ocrx_word' id='word_1_61' title='bbox 304 1044 534 1094; x_wconf 80' lang='lat' dir='ltr'>mandata</span> <span class='ocrx_word' id='word_1_62' title='bbox 567 1044 740 1092; x_wconf 72' lang='lat' dir='ltr'>divina</span> <span class='ocrx_word' id='word_1_63' title='bbox 774 1057 954 1109; x_wconf 79' lang='lat' dir='ltr'>nosque</span> <span class='ocrx_word' id='word_1_64' title='bbox 990 1045 1056 1091; x_wconf 83' lang='lat' dir='ltr'>ad</span> <span class='ocrx_word' id='word_1_65' title='bbox 1094 1043 1332 1092; x_wconf 80' lang='lat' dir='ltr'>similitu-</span> 
     </span>
     <span class='ocr_line' id='line_1_11' title="bbox 302 1125 1336 1192; baseline -0.002 -17"><span class='ocrx_word' id='word_1_66' title='bbox 302 1128 468 1175; x_wconf 82' lang='lat' dir='ltr'>dinem</span> <span class='ocrx_word' id='word_1_67' title='bbox 501 1125 607 1175; x_wconf 88' lang='lat' dir='ltr'>Dei</span> <span class='ocrx_word' id='word_1_68' title='bbox 636 1125 784 1192; x_wconf 81' lang='lat' dir='ltr'>plane</span> <span class='ocrx_word' id='word_1_69' title='bbox 814 1126 1195 1191; x_wconf 71' lang='lat' dir='ltr'>conformantes,</span> <span class='ocrx_word' id='word_1_70' title='bbox 1235 1125 1336 1174; x_wconf 75' lang='lat' dir='ltr'>‹lis-</span> 
     </span>
     <span class='ocr_line' id='line_1_12' title="bbox 297 1208 1339 1277; baseline -0.003 -18"><span class='ocrx_word' id='word_1_71' title='bbox 297 1226 544 1277; x_wconf 80' lang='lat' dir='ltr'>ponamur</span> <span class='ocrx_word' id='word_1_72' title='bbox 560 1217 605 1258; x_wconf 89' lang='lat' dir='ltr'>et</span> <span class='ocrx_word' id='word_1_73' title='bbox 626 1211 733 1276; x_wconf 87' lang='lat' dir='ltr'>apti</span> <span class='ocrx_word' id='word_1_74' title='bbox 753 1210 935 1273; x_wconf 82' lang='lat' dir='ltr'>fiamus</span> <span class='ocrx_word' id='word_1_75' title='bbox 965 1209 1030 1257; x_wconf 81' lang='lat' dir='ltr'>ad</span> <span class='ocrx_word' id='word_1_76' title='bbox 1056 1208 1339 1275; x_wconf 80' lang='lat' dir='ltr'>adipiscen-</span> 
     </span>
     <span class='ocr_line' id='line_1_13' title="bbox 303 1291 1334 1342; baseline 0 0"><span class='ocrx_word' id='word_1_77' title='bbox 303 1293 416 1342; x_wconf 82' lang='lat' dir='ltr'>dam</span> <span class='ocrx_word' id='word_1_78' title='bbox 442 1291 646 1340; x_wconf 81' lang='lat' dir='ltr'>salutem</span> <span class='ocrx_word' id='word_1_79' title='bbox 675 1309 760 1340; x_wconf 76' lang='lat' dir='ltr'>sea</span> <span class='ocrx_word' id='word_1_80' title='bbox 787 1292 1063 1341; x_wconf 76' lang='lat' dir='ltr'>beatitatem</span> <span class='ocrx_word' id='word_1_81' title='bbox 1086 1299 1334 1342; x_wconf 70' lang='lat' dir='ltr'>(eternam.</span> 
     </span>
     <span class='ocr_line' id='line_1_14' title="bbox 304 1373 1339 1441; baseline -0.005 -16"><span class='ocrx_word' id='word_1_82' title='bbox 304 1374 388 1426; x_wconf 73' lang='lat' dir='ltr'>Ea·</span> <span class='ocrx_word' id='word_1_83' title='bbox 420 1375 498 1423; x_wconf 73' lang='lat' dir='ltr'>liis</span> <span class='ocrx_word' id='word_1_84' title='bbox 515 1377 628 1440; x_wconf 83' lang='lat' dir='ltr'>jam</span> <span class='ocrx_word' id='word_1_85' title='bbox 656 1374 806 1439; x_wconf 81' lang='lat' dir='ltr'>facile</span> <span class='ocrx_word' id='word_1_86' title='bbox 836 1383 1069 1441; x_wconf 86' lang='lat' dir='ltr'>apparet,</span> <span class='ocrx_word' id='word_1_87' title='bbox 1107 1373 1229 1438; x_wconf 77' lang='lat' dir='ltr'>qaid</span> <span class='ocrx_word' id='word_1_88' title='bbox 1245 1391 1339 1439; x_wconf 86' lang='lat' dir='ltr'>per</span> 
     </span>
     <span class='ocr_line' id='line_1_15' title="bbox 304 1458 1336 1524; baseline -0.004 -16"><span class='ocrx_word' id='word_1_89' title='bbox 304 1468 441 1508; x_wconf 84' lang='lat' dir='ltr'>actus</span> <span class='ocrx_word' id='word_1_90' title='bbox 469 1458 730 1518; x_wconf 78' lang='lat' dir='ltr'>salutares,</span> <span class='ocrx_word' id='word_1_91' title='bbox 763 1461 967 1523; x_wconf 77' lang='lat' dir='ltr'>itemque</span> <span class='ocrx_word' id='word_1_92' title='bbox 984 1474 1078 1524; x_wconf 87' lang='lat' dir='ltr'>per</span> <span class='ocrx_word' id='word_1_93' title='bbox 1096 1474 1241 1523; x_wconf 88' lang='lat' dir='ltr'>opera</span> <span class='ocrx_word' id='word_1_94' title='bbox 1259 1474 1336 1504; x_wconf 86' lang='lat' dir='ltr'>sa-</span> 
     </span>
     <span class='ocr_line' id='line_1_16' title="bbox 304 1537 1342 1606; baseline -0.005 -15"><span class='ocrx_word' id='word_1_95' title='bbox 304 1543 488 1591; x_wconf 80' lang='lat' dir='ltr'>lutaria</span> <span class='ocrx_word' id='word_1_96' title='bbox 536 1540 905 1606; x_wconf 76' lang='lat' dir='ltr'>intelliqendam</span> <span class='ocrx_word' id='word_1_97' title='bbox 959 1542 1042 1589; x_wconf 87' lang='lat' dir='ltr'>sit.</span> <span class='ocrx_word' id='word_1_98' title='bbox 1098 1537 1342 1587; x_wconf 79' lang='lat' dir='ltr'>Videlicet</span> 
     </span>
     <span class='ocr_line' id='line_1_17' title="bbox 303 1622 1341 1687; baseline -0.007 -13"><span class='ocrx_word' id='word_1_99' title='bbox 303 1636 440 1674; x_wconf 83' lang='lat' dir='ltr'>actas</span> <span class='ocrx_word' id='word_1_100' title='bbox 457 1622 690 1673; x_wconf 79' lang='lat' dir='ltr'>salutaris</span> <span class='ocrx_word' id='word_1_101' title='bbox 706 1625 751 1671; x_wconf 87' lang='lat' dir='ltr'>is</span> <span class='ocrx_word' id='word_1_102' title='bbox 766 1632 834 1670; x_wconf 84' lang='lat' dir='ltr'>est</span> <span class='ocrx_word' id='word_1_103' title='bbox 851 1661 864 1680; x_wconf 93' lang='lat'>,</span> <span class='ocrx_word' id='word_1_104' title='bbox 895 1639 987 1687; x_wconf 80' lang='lat' dir='ltr'>quo</span> <span class='ocrx_word' id='word_1_105' title='bbox 1006 1623 1108 1670; x_wconf 81' lang='lat' dir='ltr'>sive</span> <span class='ocrx_word' id='word_1_106' title='bbox 1113 1622 1341 1687; x_wconf 68' lang='lat' dir='ltr'>proxime</span> 
     </span>
     <span class='ocr_line' id='line_1_18' title="bbox 302 1703 1340 1772; baseline -0.007 -14"><span class='ocrx_word' id='word_1_107' title='bbox 302 1711 407 1758; x_wconf 84' lang='lat' dir='ltr'>sive</span> <span class='ocrx_word' id='word_1_108' title='bbox 427 1716 600 1756; x_wconf 88' lang='lat' dir='ltr'>remote</span> <span class='ocrx_word' id='word_1_109' title='bbox 613 1707 844 1772; x_wconf 79' lang='lat' dir='ltr'>efficitur,</span> <span class='ocrx_word' id='word_1_110' title='bbox 874 1714 930 1753; x_wconf 75' lang='lat' dir='ltr'>at</span> <span class='ocrx_word' id='word_1_111' title='bbox 958 1704 1038 1754; x_wconf 68' lang='lat' dir='ltr'>lea·</span> <span class='ocrx_word' id='word_1_112' title='bbox 1063 1703 1340 1770; x_wconf 78' lang='lat' dir='ltr'>spiritualis</span> 
     </span>
     <span class='ocr_line' id='line_1_19' title="bbox 243 1788 1337 1857; baseline -0.006 -17"><span class='ocrx_word' id='word_1_113' title='bbox 243 1823 247 1827; x_wconf 75' lang='lat'>,</span> <span class='ocrx_word' id='word_1_114' title='bbox 305 1791 527 1857; x_wconf 75' lang='lat' dir='ltr'>superior</span> <span class='ocrx_word' id='word_1_115' title='bbox 534 1790 632 1854; x_wconf 83' lang='lat' dir='ltr'>fiat</span> <span class='ocrx_word' id='word_1_116' title='bbox 646 1788 720 1838; x_wconf 79' lang='lat' dir='ltr'>oel</span> <span class='ocrx_word' id='word_1_117' title='bbox 731 1790 877 1837; x_wconf 87' lang='lat' dir='ltr'>etiam</span> <span class='ocrx_word' id='word_1_118' title='bbox 892 1788 1113 1853; x_wconf 73' lang='lat' dir='ltr'><strong><em>superior</em></strong></span> <span class='ocrx_word' id='word_1_119' title='bbox 1125 1794 1337 1844; x_wconf 78' lang='lat' dir='ltr'>maneat,</span> 
     </span>
     <span class='ocr_line' id='line_1_20' title="bbox 304 1869 1337 1938; baseline -0.006 -17"><span class='ocrx_word' id='word_1_120' title='bbox 304 1876 628 1938; x_wconf 79' lang='lat' dir='ltr'>majoremque</span> <span class='ocrx_word' id='word_1_121' title='bbox 665 1873 767 1920; x_wconf 83' lang='lat' dir='ltr'>vim</span> <span class='ocrx_word' id='word_1_122' title='bbox 805 1871 1051 1936; x_wconf 81' lang='lat' dir='ltr'>accipiat,</span> <span class='ocrx_word' id='word_1_123' title='bbox 1091 1877 1231 1933; x_wconf 82' lang='lat' dir='ltr'>atque</span> <span class='ocrx_word' id='word_1_124' title='bbox 1267 1869 1337 1915; x_wconf 87' lang='lat' dir='ltr'>ita</span> 
     </span>
     <span class='ocr_line' id='line_1_21' title="bbox 302 1950 1339 2022; baseline -0.006 -18"><span class='ocrx_word' id='word_1_125' title='bbox 302 1956 531 2022; x_wconf 79' lang='lat' dir='ltr'>disponat</span> <span class='ocrx_word' id='word_1_126' title='bbox 560 1971 650 2002; x_wconf 76' lang='lat' dir='ltr'>nos</span> <span class='ocrx_word' id='word_1_127' title='bbox 681 1954 746 2002; x_wconf 81' lang='lat' dir='ltr'>ad</span> <span class='ocrx_word' id='word_1_128' title='bbox 777 1952 999 2001; x_wconf 83' lang='lat' dir='ltr'>salutem.</span> <span class='ocrx_word' id='word_1_129' title='bbox 1033 1950 1137 1999; x_wconf 87' lang='lat' dir='ltr'>His</span> <span class='ocrx_word' id='word_1_130' title='bbox 1162 1968 1339 2017; x_wconf 85' lang='lat' dir='ltr'>propo-</span> 
     </span>
     <span class='ocr_line' id='line_1_22' title="bbox 303 2034 1335 2102; baseline -0.006 -15"><span class='ocrx_word' id='word_1_131' title='bbox 303 2040 413 2087; x_wconf 82' lang='lat' dir='ltr'>sitis</span> <span class='ocrx_word' id='word_1_132' title='bbox 460 2036 858 2102; x_wconf 76' lang='lat' dir='ltr'>definitionibus,</span> <span class='ocrx_word' id='word_1_133' title='bbox 905 2034 1191 2083; x_wconf 83' lang='lat' dir='ltr'>Hermesias</span> <span class='ocrx_word' id='word_1_134' title='bbox 1223 2035 1335 2100; x_wconf 87' lang='lat' dir='ltr'>pri-</span> 
     </span>
     <span class='ocr_line' id='line_1_23' title="bbox 305 2115 1340 2188; baseline -0.004 -18"><span class='ocrx_word' id='word_1_135' title='bbox 305 2140 439 2170; x_wconf 80' lang='lat' dir='ltr'>mum</span> <span class='ocrx_word' id='word_1_136' title='bbox 463 2122 732 2188; x_wconf 76' lang='lat' dir='ltr'>qeneratim</span> <span class='ocrx_word' id='word_1_137' title='bbox 757 2120 1048 2168; x_wconf 72' lang='lat' dir='ltr'>demonstrat</span> <span class='ocrx_word' id='word_1_138' title='bbox 1077 2120 1219 2183; x_wconf 85' lang='lat' dir='ltr'>(pag.</span> <span class='ocrx_word' id='word_1_139' title='bbox 1237 2115 1340 2184; x_wconf 74' lang='grc'>449</span> 
     </span>
     <span class='ocr_line' id='line_1_24' title="bbox 305 2201 1337 2271; baseline -0.007 -17"><span class='ocrx_word' id='word_1_140' title='bbox 305 2216 350 2255; x_wconf 87' lang='lat' dir='ltr'>et</span> <span class='ocrx_word' id='word_1_141' title='bbox 376 2206 540 2271; x_wconf 86' lang='lat' dir='ltr'>seqq.)</span> <span class='ocrx_word' id='word_1_142' title='bbox 566 2204 777 2268; x_wconf 75' lang='lat' dir='ltr'>qratiam</span> <span class='ocrx_word' id='word_1_143' title='bbox 809 2201 1072 2262; x_wconf 75' lang='lat' dir='ltr'>actualem,</span> <span class='ocrx_word' id='word_1_144' title='bbox 1101 2216 1337 2267; x_wconf 77' lang='lat' dir='ltr'>superna-</span> 
     </span>
     <span class='ocr_line' id='line_1_25' title="bbox 303 2285 1339 2350; baseline -0.001 -18"><span class='ocrx_word' id='word_1_145' title='bbox 303 2286 507 2336; x_wconf 77' lang='lat' dir='ltr'>turalem</span> <span class='ocrx_word' id='word_1_146' title='bbox 535 2294 582 2334; x_wconf 81' lang='lat' dir='ltr'>et</span> <span class='ocrx_word' id='word_1_147' title='bbox 610 2288 856 2334; x_wconf 78' lang='lat' dir='ltr'>internam</span> <span class='ocrx_word' id='word_1_148' title='bbox 886 2286 1031 2332; x_wconf 85' lang='lat' dir='ltr'>etiam</span> <span class='ocrx_word' id='word_1_149' title='bbox 1042 2285 1339 2350; x_wconf 80' lang='lat' dir='ltr'>justificatis</span> 
     </span>
     <span class='ocr_line' id='line_1_26' title="bbox 305 2365 1336 2419; baseline -0.007 0"><span class='ocrx_word' id='word_1_150' title='bbox 305 2371 502 2419; x_wconf 78' lang='lat' dir='ltr'>omnino</span> <span class='ocrx_word' id='word_1_151' title='bbox 539 2369 865 2417; x_wconf 78' lang='lat' dir='ltr'>neeessariam</span> <span class='ocrx_word' id='word_1_152' title='bbox 903 2383 1001 2415; x_wconf 85' lang='lat' dir='ltr'>esse</span> <span class='ocrx_word' id='word_1_153' title='bbox 1035 2367 1102 2414; x_wconf 87' lang='lat' dir='ltr'>ad</span> <span class='ocrx_word' id='word_1_154' title='bbox 1137 2365 1336 2414; x_wconf 76' lang='lat' dir='ltr'>salutem</span> 
     </span>
     <span class='ocr_line' id='line_1_27' title="bbox 301 2448 1339 2519; baseline -0.006 -18"><span class='ocrx_word' id='word_1_155' title='bbox 301 2452 628 2519; x_wconf 80' lang='lat' dir='ltr'>operandam,</span> <span class='ocrx_word' id='word_1_156' title='bbox 676 2459 721 2499; x_wconf 88' lang='lat' dir='ltr'>et</span> <span class='ocrx_word' id='word_1_157' title='bbox 762 2450 956 2515; x_wconf 81' lang='lat' dir='ltr'>quidem</span> <span class='ocrx_word' id='word_1_158' title='bbox 991 2467 1042 2498; x_wconf 93' lang='lat' dir='ltr'>eo</span> <span class='ocrx_word' id='word_1_159' title='bbox 1080 2448 1251 2507; x_wconf 84' lang='lat' dir='ltr'>modo,</span> <span class='ocrx_word' id='word_1_160' title='bbox 1286 2457 1339 2495; x_wconf 74' lang='lat' dir='ltr'>at</span> 
     </span>
     <span class='ocr_line' id='line_1_28' title="bbox 304 2532 1336 2602; baseline -0.006 -16"><span class='ocrx_word' id='word_1_161' title='bbox 304 2539 409 2589; x_wconf 68' lang='lat' dir='ltr'>luoee</span> <span class='ocrx_word' id='word_1_162' title='bbox 448 2537 622 2586; x_wconf 79' lang='lat' dir='ltr'>salutis</span> <span class='ocrx_word' id='word_1_163' title='bbox 658 2537 876 2602; x_wconf 84' lang='lat' dir='ltr'>operatio</span> <span class='ocrx_word' id='word_1_164' title='bbox 907 2538 1013 2584; x_wconf 82' lang='lat' dir='ltr'>sine</span> <span class='ocrx_word' id='word_1_165' title='bbox 1046 2536 1209 2600; x_wconf 72' lang='lat' dir='ltr'>qratia</span> <span class='ocrx_word' id='word_1_166' title='bbox 1249 2532 1336 2581; x_wconf 89' lang='lat' dir='ltr'>illa</span> 
     </span>
     <span class='ocr_line' id='line_1_29' title="bbox 304 2619 1331 2687; baseline -0.006 -17"><span class='ocrx_word' id='word_1_167' title='bbox 304 2639 456 2687; x_wconf 74' lang='lat' dir='ltr'>neque</span> <span class='ocrx_word' id='word_1_168' title='bbox 499 2620 759 2679; x_wconf 77' lang='lat' dir='ltr'>inchoari,</span> <span class='ocrx_word' id='word_1_169' title='bbox 813 2636 964 2684; x_wconf 76' lang='lat' dir='ltr'>neque</span> <span class='ocrx_word' id='word_1_170' title='bbox 1011 2619 1331 2678; x_wconf 74' lang='lat' dir='ltr'>continuari,</span> 
     </span>
     <span class='ocr_line' id='line_1_30' title="bbox 302 2699 1336 2770; baseline -0.007 -17"><span class='ocrx_word' id='word_1_171' title='bbox 302 2721 454 2770; x_wconf 77' lang='lat' dir='ltr'>neque</span> <span class='ocrx_word' id='word_1_172' title='bbox 463 2702 646 2770; x_wconf 79' lang='lat' dir='ltr'>perfici</span> <span class='ocrx_word' id='word_1_173' title='bbox 659 2711 823 2767; x_wconf 78' lang='lat' dir='ltr'>queat,</span> <span class='ocrx_word' id='word_1_174' title='bbox 847 2701 901 2749; x_wconf 83' lang='lat' dir='ltr'>id</span> <span class='ocrx_word' id='word_1_175' title='bbox 917 2710 985 2749; x_wconf 86' lang='lat' dir='ltr'>est</span> <span class='ocrx_word' id='word_1_176' title='bbox 999 2736 1017 2761; x_wconf 89' lang='lat'>,</span> <span class='ocrx_word' id='word_1_177' title='bbox 1053 2709 1108 2747; x_wconf 75' lang='lat' dir='ltr'>ut</span> <span class='ocrx_word' id='word_1_178' title='bbox 1136 2699 1213 2747; x_wconf 72' lang='lat' dir='ltr'>lea·</span> <span class='ocrx_word' id='word_1_179' title='bbox 1230 2700 1336 2764; x_wconf 84' lang='lat' dir='ltr'>spi-</span> 
     </span>
     <span class='ocr_line' id='line_1_31' title="bbox 305 2782 1336 2850; baseline -0.006 -15"><span class='ocrx_word' id='word_1_180' title='bbox 305 2786 501 2835; x_wconf 81' lang='lat' dir='ltr'>ritualis</span> <span class='ocrx_word' id='word_1_181' title='bbox 535 2786 643 2833; x_wconf 83' lang='lat' dir='ltr'>sine</span> <span class='ocrx_word' id='word_1_182' title='bbox 681 2785 846 2850; x_wconf 78' lang='lat' dir='ltr'>qratia</span> <span class='ocrx_word' id='word_1_183' title='bbox 882 2782 968 2831; x_wconf 89' lang='lat' dir='ltr'>illa</span> <span class='ocrx_word' id='word_1_184' title='bbox 997 2800 1150 2848; x_wconf 77' lang='lat' dir='ltr'>neque</span> <span class='ocrx_word' id='word_1_185' title='bbox 1182 2783 1336 2848; x_wconf 83' lang='lat' dir='ltr'>impe·</span> 
     </span>
     <span class='ocr_line' id='line_1_32' title="bbox 307 2869 1340 2934; baseline -0.004 -18"><span class='ocrx_word' id='word_1_186' title='bbox 307 2878 441 2916; x_wconf 90' lang='lat' dir='ltr'>trare</span> <span class='ocrx_word' id='word_1_187' title='bbox 465 2869 841 2934; x_wconf 78' lang='lat' dir='ltr'>principatum,</span> <span class='ocrx_word' id='word_1_188' title='bbox 878 2883 1031 2931; x_wconf 80' lang='lat' dir='ltr'>neque</span> <span class='ocrx_word' id='word_1_189' title='bbox 1066 2873 1340 2913; x_wconf 79' lang='lat' dir='ltr'>constanter</span> 
     </span>
     <span class='ocr_line' id='line_1_33' title="bbox 306 2946 1339 3015; baseline -0.004 -16"><span class='ocrx_word' id='word_1_190' title='bbox 306 2951 517 2999; x_wconf 80' lang='lat' dir='ltr'>obtinere</span> <span class='ocrx_word' id='word_1_191' title='bbox 553 2960 598 2998; x_wconf 92' lang='lat' dir='ltr'>et</span> <span class='ocrx_word' id='word_1_192' title='bbox 634 2946 850 2998; x_wconf 73' lang='lat' dir='ltr'>exercer&#39;e</span> <span class='ocrx_word' id='word_1_193' title='bbox 882 2950 1058 3015; x_wconf 85' lang='lat' dir='ltr'>possit.</span> <span class='ocrx_word' id='word_1_194' title='bbox 1105 2948 1244 2997; x_wconf 90' lang='lat' dir='ltr'>Porro</span> <span class='ocrx_word' id='word_1_195' title='bbox 1287 2958 1339 2996; x_wconf 88' lang='lat' dir='ltr'>ut</span> 
     </span>
     <span class='ocr_line' id='line_1_34' title="bbox 307 3031 1337 3100; baseline -0.002 -18"><span class='ocrx_word' id='word_1_196' title='bbox 307 3043 464 3097; x_wconf 83' lang='lat' dir='ltr'>patet,</span> <span class='ocrx_word' id='word_1_197' title='bbox 492 3036 622 3100; x_wconf 84' lang='lat' dir='ltr'>juxta</span> <span class='ocrx_word' id='word_1_198' title='bbox 654 3032 883 3082; x_wconf 87' lang='lat' dir='ltr'>Hermesii</span> <span class='ocrx_word' id='word_1_199' title='bbox 910 3031 1337 3082; x_wconf 86' lang='lat' dir='ltr'>hermesianorum-</span> 
     </span>
     <span class='ocr_line' id='line_1_35' title="bbox 309 3116 1334 3182; baseline -0.004 -17"><span class='ocrx_word' id='word_1_200' title='bbox 309 3134 400 3182; x_wconf 89' lang='lat' dir='ltr'>que</span> <span class='ocrx_word' id='word_1_201' title='bbox 428 3119 622 3165; x_wconf 81' lang='lat' dir='ltr'>istorum</span> <span class='ocrx_word' id='word_1_202' title='bbox 642 3116 702 3165; x_wconf 89' lang='lat' dir='ltr'>de</span> <span class='ocrx_word' id='word_1_203' title='bbox 723 3118 863 3180; x_wconf 86' lang='lat' dir='ltr'>gratia</span> <span class='ocrx_word' id='word_1_204' title='bbox 884 3116 1111 3164; x_wconf 85' lang='lat' dir='ltr'>theoriam</span> <span class='ocrx_word' id='word_1_205' title='bbox 1127 3152 1140 3174; x_wconf 89' lang='lat'>‚</span> <span class='ocrx_word' id='word_1_206' title='bbox 1167 3122 1215 3162; x_wconf 79' lang='lat'>1⁰</span> <span class='ocrx_word' id='word_1_207' title='bbox 1232 3131 1334 3179; x_wconf 84' lang='lat' dir='ltr'>gra·</span> 
     </span>
     <span class='ocr_line' id='line_1_36' title="bbox 308 3197 1336 3250; baseline -0.002 -4"><span class='ocrx_word' id='word_1_208' title='bbox 308 3201 369 3248; x_wconf 84' lang='lat' dir='ltr'>tia</span> <span class='ocrx_word' id='word_1_209' title='bbox 415 3197 565 3246; x_wconf 88' lang='lat' dir='ltr'>solum</span> <span class='ocrx_word' id='word_1_210' title='bbox 610 3198 814 3247; x_wconf 86' lang='lat' dir='ltr'>afficeret</span> <span class='ocrx_word' id='word_1_211' title='bbox 861 3197 1151 3246; x_wconf 78' lang='lat' dir='ltr'>volantatem</span> <span class='ocrx_word' id='word_1_212' title='bbox 1172 3230 1187 3250; x_wconf 85' lang='lat'>‚</span> <span class='ocrx_word' id='word_1_213' title='bbox 1239 3213 1336 3245; x_wconf 91' lang='lat' dir='ltr'>non</span> 
     </span>
     <span class='ocr_line' id='line_1_37' title="bbox 307 3279 1337 3347; baseline -0.001 -18"><span class='ocrx_word' id='word_1_214' title='bbox 307 3290 466 3329; x_wconf 87' lang='lat' dir='ltr'>autem</span> <span class='ocrx_word' id='word_1_215' title='bbox 491 3279 776 3329; x_wconf 75' lang='lat' dir='ltr'>intellectum</span> <span class='ocrx_word' id='word_1_216' title='bbox 785 3298 807 3342; x_wconf 93' lang='lat'>,·</span> <span class='ocrx_word' id='word_1_217' title='bbox 831 3293 899 3330; x_wconf 90' lang='lat' dir='ltr'>ast</span> <span class='ocrx_word' id='word_1_218' title='bbox 923 3283 1067 3347; x_wconf 83' lang='lat' dir='ltr'>gratia</span> <span class='ocrx_word' id='word_1_219' title='bbox 1083 3318 1095 3339; x_wconf 91' lang='lat'><strong>‚</strong></span> <span class='ocrx_word' id='word_1_220' title='bbox 1125 3298 1226 3347; x_wconf 85' lang='lat' dir='ltr'>quae</span> <span class='ocrx_word' id='word_1_221' title='bbox 1254 3298 1337 3328; x_wconf 88' lang='lat' dir='ltr'>ne·</span> 
     </span>
     <span class='ocr_line' id='line_1_38' title="bbox 309 3363 1332 3423; baseline 0 -11"><span class='ocrx_word' id='word_1_222' title='bbox 309 3365 505 3413; x_wconf 74' lang='lat' dir='ltr'>cessaria</span> <span class='ocrx_word' id='word_1_223' title='bbox 534 3374 599 3412; x_wconf 84' lang='lat' dir='ltr'>est</span> <span class='ocrx_word' id='word_1_224' title='bbox 629 3363 689 3411; x_wconf 91' lang='lat' dir='ltr'>ad</span> <span class='ocrx_word' id='word_1_225' title='bbox 721 3364 865 3413; x_wconf 83' lang='lat' dir='ltr'>fidem</span> <span class='ocrx_word' id='word_1_226' title='bbox 886 3401 899 3423; x_wconf 85' lang='lat'>‚</span> <span class='ocrx_word' id='word_1_227' title='bbox 938 3365 1083 3411; x_wconf 86' lang='lat' dir='ltr'>etiam</span> <span class='ocrx_word' id='word_1_228' title='bbox 1120 3363 1332 3412; x_wconf 86' lang='lat' dir='ltr'>intellec-</span> 
     </span>
     <span class='ocr_line' id='line_1_39' title="bbox 307 3445 1335 3511; baseline -0.001 -16"><span class='ocrx_word' id='word_1_229' title='bbox 307 3457 410 3496; x_wconf 89' lang='lat' dir='ltr'>tum</span> <span class='ocrx_word' id='word_1_230' title='bbox 424 3484 438 3506; x_wconf 89' lang='lat'><strong>‚</strong></span> <span class='ocrx_word' id='word_1_231' title='bbox 464 3447 559 3494; x_wconf 87' lang='lat' dir='ltr'>imo</span> <span class='ocrx_word' id='word_1_232' title='bbox 565 3447 816 3511; x_wconf 86' lang='lat' dir='ltr'>potissime</span> <span class='ocrx_word' id='word_1_233' title='bbox 838 3446 1018 3495; x_wconf 87' lang='lat' dir='ltr'>afficere</span> <span class='ocrx_word' id='word_1_234' title='bbox 1040 3445 1202 3506; x_wconf 85' lang='lat' dir='ltr'>debet,</span> <span class='ocrx_word' id='word_1_235' title='bbox 1226 3463 1335 3495; x_wconf 89' lang='lat' dir='ltr'>cum</span> 
     </span>
     <span class='ocr_line' id='line_1_40' title="bbox 309 3528 1336 3594; baseline -0.001 -17"><span class='ocrx_word' id='word_1_236' title='bbox 309 3529 420 3579; x_wconf 86' lang='lat' dir='ltr'>fidei</span> <span class='ocrx_word' id='word_1_237' title='bbox 450 3538 579 3577; x_wconf 85' lang='lat' dir='ltr'>actus</span> <span class='ocrx_word' id='word_1_238' title='bbox 613 3531 796 3594; x_wconf 87' lang='lat' dir='ltr'>proprie</span> <span class='ocrx_word' id='word_1_239' title='bbox 828 3529 888 3577; x_wconf 87' lang='lat' dir='ltr'>ad</span> <span class='ocrx_word' id='word_1_240' title='bbox 922 3546 1157 3578; x_wconf 82' lang='lat' dir='ltr'>assensum</span> <span class='ocrx_word' id='word_1_241' title='bbox 1199 3528 1336 3577; x_wconf 85' lang='lat' dir='ltr'>intel-</span> 
     </span>
     <span class='ocr_line' id='line_1_41' title="bbox 306 3612 1335 3677; baseline 0 -18"><span class='ocrx_word' id='word_1_242' title='bbox 306 3612 452 3660; x_wconf 83' lang='lat' dir='ltr'>lectus</span> <span class='ocrx_word' id='word_1_243' title='bbox 470 3612 724 3677; x_wconf 83' lang='lat' dir='ltr'>pertineat,</span> <span class='ocrx_word' id='word_1_244' title='bbox 760 3628 865 3677; x_wconf 88' lang='lat' dir='ltr'>quae</span> <span class='ocrx_word' id='word_1_245' title='bbox 901 3612 1088 3662; x_wconf 84' lang='lat' dir='ltr'>firmam</span> <span class='ocrx_word' id='word_1_246' title='bbox 1117 3614 1167 3659; x_wconf 90' lang='lat' dir='ltr'>in</span> <span class='ocrx_word' id='word_1_247' title='bbox 1198 3627 1254 3660; x_wconf 91' lang='lat' dir='ltr'>eo</span> <span class='ocrx_word' id='word_1_248' title='bbox 1282 3628 1335 3659; x_wconf 87' lang='lat' dir='ltr'>ac</span> 
     </span>
    </p>
   </div>
   <div class='ocr_carea' id='block_1_5' title="bbox 1410 963 2490 3514">
    <p class='ocr_par' dir='ltr' id='par_1_5' title="bbox 1410 963 2490 3514">
     <span class='ocr_line' id='line_1_42' title="bbox 1419 963 2450 1030; baseline 0.004 -20"><span class='ocrx_word' id='word_1_249' title='bbox 1419 963 1816 1028; x_wconf 80' lang='lat' dir='ltr'>supernaturalem</span> <span class='ocrx_word' id='word_1_250' title='bbox 1833 963 2160 1014; x_wconf 80' lang='lat' dir='ltr'>certitudinem</span> <span class='ocrx_word' id='word_1_251' title='bbox 2188 967 2450 1030; x_wconf 84' lang='lat' dir='ltr'>persuasio-</span> 
     </span>
     <span class='ocr_line' id='line_1_43' title="bbox 1420 1048 2452 1113; baseline 0.002 -19"><span class='ocrx_word' id='word_1_252' title='bbox 1420 1063 1624 1113; x_wconf 88' lang='lat' dir='ltr'>nemque</span> <span class='ocrx_word' id='word_1_253' title='bbox 1655 1049 1839 1112; x_wconf 84' lang='lat' dir='ltr'>gignat;</span> <span class='ocrx_word' id='word_1_254' title='bbox 1877 1055 1930 1094; x_wconf 79' lang='lat'>2⁰</span> <span class='ocrx_word' id='word_1_255' title='bbox 1960 1048 2265 1096; x_wconf 88' lang='lat' dir='ltr'>confunditur</span> <span class='ocrx_word' id='word_1_256' title='bbox 2298 1048 2377 1097; x_wconf 86' lang='lat' dir='ltr'>hic</span> <span class='ocrx_word' id='word_1_257' title='bbox 2405 1059 2452 1098; x_wconf 81' lang='lat' dir='ltr'>et</span> 
     </span>
     <span class='ocr_line' id='line_1_44' title="bbox 1420 1128 2450 1198; baseline 0.004 -22"><span class='ocrx_word' id='word_1_258' title='bbox 1420 1128 1597 1195; x_wconf 87' lang='lat' dir='ltr'>ubique</span> <span class='ocrx_word' id='word_1_259' title='bbox 1633 1129 1694 1176; x_wconf 88' lang='lat' dir='ltr'>ab</span> <span class='ocrx_word' id='word_1_260' title='bbox 1727 1129 1800 1178; x_wconf 84' lang='lat' dir='ltr'>his</span> <span class='ocrx_word' id='word_1_261' title='bbox 1831 1130 2101 1178; x_wconf 82' lang='lat' dir='ltr'>auctoribus</span> <span class='ocrx_word' id='word_1_262' title='bbox 2133 1131 2276 1196; x_wconf 77' lang='lat' dir='ltr'>gratia</span> <span class='ocrx_word' id='word_1_263' title='bbox 2296 1168 2309 1191; x_wconf 86' lang='lat'>‚</span> <span class='ocrx_word' id='word_1_264' title='bbox 2348 1147 2450 1198; x_wconf 82' lang='lat' dir='ltr'>quae</span> 
     </span>
     <span class='ocr_line' id='line_1_45' title="bbox 1421 1210 2452 1277; baseline 0.002 -18"><span class='ocrx_word' id='word_1_265' title='bbox 1421 1210 1703 1260; x_wconf 78' lang='lat' dir='ltr'>elevationis</span> <span class='ocrx_word' id='word_1_266' title='bbox 1726 1213 1896 1260; x_wconf 79' lang='lat' dir='ltr'>dicit-ur</span> <span class='ocrx_word' id='word_1_267' title='bbox 1916 1249 1929 1271; x_wconf 95' lang='lat'>,</span> <span class='ocrx_word' id='word_1_268' title='bbox 1960 1230 2071 1261; x_wconf 88' lang='lat' dir='ltr'>eum</span> <span class='ocrx_word' id='word_1_269' title='bbox 2088 1215 2233 1277; x_wconf 84' lang='lat' dir='ltr'>gratia</span> <span class='ocrx_word' id='word_1_270' title='bbox 2251 1211 2452 1261; x_wconf 84' lang='lat' dir='ltr'>medici-</span> 
     </span>
     <span class='ocr_line' id='line_1_46' title="bbox 1420 1293 2451 1363; baseline 0.004 -22"><span class='ocrx_word' id='word_1_271' title='bbox 1420 1293 1530 1341; x_wconf 78' lang='lat' dir='ltr'>nali</span> <span class='ocrx_word' id='word_1_272' title='bbox 1557 1312 1636 1343; x_wconf 88' lang='lat' dir='ltr'>seu</span> <span class='ocrx_word' id='word_1_273' title='bbox 1678 1299 2011 1360; x_wconf 85' lang='lat' dir='ltr'>reparationis;</span> <span class='ocrx_word' id='word_1_274' title='bbox 2057 1296 2113 1343; x_wconf 84' lang='lat'>3⁰</span> <span class='ocrx_word' id='word_1_275' title='bbox 2159 1299 2292 1363; x_wconf 85' lang='lat' dir='ltr'>juxta</span> <span class='ocrx_word' id='word_1_276' title='bbox 2329 1297 2451 1345; x_wconf 85' lang='lat' dir='ltr'>hanc</span> 
     </span>
     <span class='ocr_line' id='line_1_47' title="bbox 1420 1375 2446 1438; baseline 0.003 -15"><span class='ocrx_word' id='word_1_277' title='bbox 1420 1375 1677 1437; x_wconf 86' lang='lat' dir='ltr'>theoriam,</span> <span class='ocrx_word' id='word_1_278' title='bbox 1724 1377 1835 1425; x_wconf 83' lang='lat' dir='ltr'>Adae</span> <span class='ocrx_word' id='word_1_279' title='bbox 1877 1381 1927 1426; x_wconf 89' lang='lat' dir='ltr'>in</span> <span class='ocrx_word' id='word_1_280' title='bbox 1970 1389 2089 1427; x_wconf 87' lang='lat' dir='ltr'>statu</span> <span class='ocrx_word' id='word_1_281' title='bbox 2134 1381 2446 1438; x_wconf 73' lang='lat' dir='ltr'>innocenfiae,</span> 
     </span>
     <span class='ocr_line' id='line_1_48' title="bbox 1419 1459 2450 1526; baseline 0.003 -19"><span class='ocrx_word' id='word_1_282' title='bbox 1419 1461 1469 1507; x_wconf 91' lang='lat' dir='ltr'>in</span> <span class='ocrx_word' id='word_1_283' title='bbox 1495 1477 1589 1525; x_wconf 89' lang='lat' dir='ltr'>quo</span> <span class='ocrx_word' id='word_1_284' title='bbox 1614 1459 1794 1508; x_wconf 87' lang='lat' dir='ltr'>nullam</span> <span class='ocrx_word' id='word_1_285' title='bbox 1837 1459 1916 1509; x_wconf 89' lang='lat' dir='ltr'>ille</span> <span class='ocrx_word' id='word_1_286' title='bbox 1942 1463 2332 1526; x_wconf 81' lang='lat' dir='ltr'>concupiscentiae</span> <span class='ocrx_word' id='word_1_287' title='bbox 2375 1463 2450 1510; x_wconf 89' lang='lat' dir='ltr'>lu-</span> 
     </span>
     <span class='ocr_line' id='line_1_49' title="bbox 1424 1541 2445 1608; baseline 0.004 -20"><span class='ocrx_word' id='word_1_288' title='bbox 1424 1550 1547 1588; x_wconf 87' lang='lat' dir='ltr'>ctam</span> <span class='ocrx_word' id='word_1_289' title='bbox 1561 1541 1876 1606; x_wconf 86' lang='lat' dir='ltr'>experiebatur</span> <span class='ocrx_word' id='word_1_290' title='bbox 1893 1552 1972 1589; x_wconf 87' lang='lat' dir='ltr'>aut</span> <span class='ocrx_word' id='word_1_291' title='bbox 1989 1542 2077 1590; x_wconf 87' lang='lat' dir='ltr'>alia</span> <span class='ocrx_word' id='word_1_292' title='bbox 2095 1544 2445 1608; x_wconf 87' lang='lat' dir='ltr'>impedimenta,</span> 
     </span>
     <span class='ocr_line' id='line_1_50' title="bbox 1421 1623 2447 1686; baseline 0.005 -17"><span class='ocrx_word' id='word_1_293' title='bbox 1421 1625 1562 1686; x_wconf 82' lang='lat' dir='ltr'>gratia</span> <span class='ocrx_word' id='word_1_294' title='bbox 1603 1623 1662 1670; x_wconf 89' lang='lat' dir='ltr'>ad</span> <span class='ocrx_word' id='word_1_295' title='bbox 1704 1624 1988 1672; x_wconf 83' lang='lat' dir='ltr'>credendum</span> <span class='ocrx_word' id='word_1_296' title='bbox 2034 1623 2310 1674; x_wconf 81' lang='lat' dir='ltr'>salutariter</span> <span class='ocrx_word' id='word_1_297' title='bbox 2351 1645 2447 1674; x_wconf 90' lang='lat' dir='ltr'>non</span> 
     </span>
     <span class='ocr_line' id='line_1_51' title="bbox 1420 1704 2448 1770; baseline 0.007 -19"><span class='ocrx_word' id='word_1_298' title='bbox 1420 1704 1580 1753; x_wconf 82' lang='lat' dir='ltr'>fuisset</span> <span class='ocrx_word' id='word_1_299' title='bbox 1610 1708 1903 1768; x_wconf 78' lang='lat' dir='ltr'>necessaria3</span> <span class='ocrx_word' id='word_1_300' title='bbox 1935 1705 1991 1770; x_wconf 72' lang='lat'>4⁰</span> <span class='ocrx_word' id='word_1_301' title='bbox 2023 1707 2249 1769; x_wconf 88' lang='lat' dir='ltr'>demum,</span> <span class='ocrx_word' id='word_1_302' title='bbox 2286 1718 2339 1757; x_wconf 84' lang='lat' dir='ltr'>ut</span> <span class='ocrx_word' id='word_1_303' title='bbox 2372 1726 2448 1758; x_wconf 89' lang='lat' dir='ltr'>ce-</span> 
     </span>
     <span class='ocr_line' id='line_1_52' title="bbox 1420 1788 2449 1854; baseline 0.006 -21"><span class='ocrx_word' id='word_1_304' title='bbox 1420 1796 1515 1834; x_wconf 87' lang='lat' dir='ltr'>tera</span> <span class='ocrx_word' id='word_1_305' title='bbox 1541 1790 1979 1851; x_wconf 77' lang='lat' dir='ltr'>praetermittamus,</span> <span class='ocrx_word' id='word_1_306' title='bbox 2011 1788 2130 1854; x_wconf 89' lang='lat' dir='ltr'>quid</span> <span class='ocrx_word' id='word_1_307' title='bbox 2161 1789 2251 1837; x_wconf 89' lang='lat' dir='ltr'>sibi</span> <span class='ocrx_word' id='word_1_308' title='bbox 2283 1790 2449 1839; x_wconf 79' lang='lat' dir='ltr'>volunt</span> 
     </span>
     <span class='ocr_line' id='line_1_53' title="bbox 1422 1868 2446 1938; baseline 0.004 -22"><span class='ocrx_word' id='word_1_309' title='bbox 1422 1868 1501 1917; x_wconf 84' lang='lat' dir='ltr'>ille</span> <span class='ocrx_word' id='word_1_310' title='bbox 1528 1871 1816 1934; x_wconf 85' lang='lat' dir='ltr'>principatus</span> <span class='ocrx_word' id='word_1_311' title='bbox 1846 1871 2099 1936; x_wconf 77' lang='lat' dir='ltr'>superior,</span> <span class='ocrx_word' id='word_1_312' title='bbox 2137 1871 2209 1920; x_wconf 81' lang='lat' dir='ltr'>lex</span> <span class='ocrx_word' id='word_1_313' title='bbox 2241 1871 2319 1920; x_wconf 84' lang='lat' dir='ltr'>illa</span> <span class='ocrx_word' id='word_1_314' title='bbox 2349 1876 2446 1938; x_wconf 85' lang='lat' dir='ltr'>spi-</span> 
     </span>
     <span class='ocr_line' id='line_1_54' title="bbox 1420 1951 2448 2018; baseline 0.004 -19"><span class='ocrx_word' id='word_1_315' title='bbox 1420 1951 1596 2000; x_wconf 87' lang='lat' dir='ltr'>ritualis</span> <span class='ocrx_word' id='word_1_316' title='bbox 1612 1990 1625 2012; x_wconf 85' lang='lat'><strong><em>‚</em></strong></span> <span class='ocrx_word' id='word_1_317' title='bbox 1662 1968 1766 2018; x_wconf 82' lang='lat' dir='ltr'>quae</span> <span class='ocrx_word' id='word_1_318' title='bbox 1796 1954 2020 2018; x_wconf 76' lang='lat' dir='ltr'>superior</span> <span class='ocrx_word' id='word_1_319' title='bbox 2041 1952 2140 2002; x_wconf 85' lang='lat' dir='ltr'>fieri</span> <span class='ocrx_word' id='word_1_320' title='bbox 2158 1954 2324 2003; x_wconf 88' lang='lat' dir='ltr'>debeat</span> <span class='ocrx_word' id='word_1_321' title='bbox 2341 1971 2448 2003; x_wconf 87' lang='lat' dir='ltr'>car-</span> 
     </span>
     <span class='ocr_line' id='line_1_55' title="bbox 1420 2033 2443 2101; baseline 0.004 -20"><span class='ocrx_word' id='word_1_322' title='bbox 1420 2033 1554 2092; x_wconf 81' lang='lat' dir='ltr'>nali,</span> <span class='ocrx_word' id='word_1_323' title='bbox 1605 2045 1695 2083; x_wconf 89' lang='lat' dir='ltr'>etc.</span> <span class='ocrx_word' id='word_1_324' title='bbox 1743 2034 1801 2084; x_wconf 92' lang='lat' dir='ltr'>de</span> <span class='ocrx_word' id='word_1_325' title='bbox 1849 2035 2026 2101; x_wconf 85' lang='lat' dir='ltr'>quihus</span> <span class='ocrx_word' id='word_1_326' title='bbox 2071 2035 2149 2083; x_wconf 89' lang='lat' dir='ltr'>hic</span> <span class='ocrx_word' id='word_1_327' title='bbox 2182 2047 2443 2087; x_wconf 81' lang='lat' dir='ltr'>constanter</span> 
     </span>
     <span class='ocr_line' id='line_1_56' title="bbox 1421 2117 2443 2167; baseline 0.003 -3"><span class='ocrx_word' id='word_1_328' title='bbox 1421 2133 1571 2166; x_wconf 88' lang='lat' dir='ltr'>sermo</span> <span class='ocrx_word' id='word_1_329' title='bbox 1601 2127 1668 2165; x_wconf 87' lang='lat' dir='ltr'>est</span> <span class='ocrx_word' id='word_1_330' title='bbox 1694 2117 1749 2165; x_wconf 87' lang='lat' dir='ltr'>ad</span> <span class='ocrx_word' id='word_1_331' title='bbox 1783 2126 1988 2167; x_wconf 88' lang='lat' dir='ltr'>mentem</span> <span class='ocrx_word' id='word_1_332' title='bbox 2025 2117 2286 2167; x_wconf 82' lang='lat' dir='ltr'>Hermesii?</span> <span class='ocrx_word' id='word_1_333' title='bbox 2316 2118 2443 2167; x_wconf 86' lang='lat' dir='ltr'>Illud</span> 
     </span>
     <span class='ocr_line' id='line_1_57' title="bbox 1420 2202 2442 2269; baseline 0.004 -22"><span class='ocrx_word' id='word_1_334' title='bbox 1420 2217 1527 2248; x_wconf 85' lang='lat' dir='ltr'>vero</span> <span class='ocrx_word' id='word_1_335' title='bbox 1568 2202 1769 2250; x_wconf 82' lang='lat' dir='ltr'>maxime</span> <span class='ocrx_word' id='word_1_336' title='bbox 1809 2202 2130 2251; x_wconf 87' lang='lat' dir='ltr'>adnotandum</span> <span class='ocrx_word' id='word_1_337' title='bbox 2170 2214 2266 2262; x_wconf 86' lang='lat' dir='ltr'>est,</span> <span class='ocrx_word' id='word_1_338' title='bbox 2316 2202 2442 2269; x_wconf 92' lang='lat' dir='ltr'>quod</span> 
     </span>
     <span class='ocr_line' id='line_1_58' title="bbox 1419 2283 2440 2352; baseline 0.003 -20"><span class='ocrx_word' id='word_1_339' title='bbox 1419 2295 1579 2332; x_wconf 84' lang='lat' dir='ltr'>auctor</span> <span class='ocrx_word' id='word_1_340' title='bbox 1605 2287 1723 2345; x_wconf 71' lang='lat' dir='ltr'>iste,</span> <span class='ocrx_word' id='word_1_341' title='bbox 1762 2304 1863 2352; x_wconf 85' lang='lat' dir='ltr'>pag.</span> <span class='ocrx_word' id='word_1_342' title='bbox 1904 2283 2003 2346; x_wconf 85' lang='lat'>68,</span> <span class='ocrx_word' id='word_1_343' title='bbox 2041 2287 2337 2352; x_wconf 86' lang='lat' dir='ltr'>reprehendit</span> <span class='ocrx_word' id='word_1_344' title='bbox 2378 2288 2440 2336; x_wconf 85' lang='lat' dir='ltr'>cl.</span> 
     </span>
     <span class='ocr_line' id='line_1_59' title="bbox 1421 2366 2443 2435; baseline 0.003 -21"><span class='ocrx_word' id='word_1_345' title='bbox 1421 2366 1479 2414; x_wconf 92' lang='lat' dir='ltr'>D.</span> <span class='ocrx_word' id='word_1_346' title='bbox 1496 2367 1821 2428; x_wconf 82' lang='lat' dir='ltr'>Liebermann‚</span> <span class='ocrx_word' id='word_1_347' title='bbox 1839 2387 1893 2418; x_wconf 92' lang='lat' dir='ltr'>eo</span> <span class='ocrx_word' id='word_1_348' title='bbox 1908 2370 2033 2435; x_wconf 89' lang='lat' dir='ltr'>quod</span> <span class='ocrx_word' id='word_1_349' title='bbox 2050 2370 2216 2418; x_wconf 82' lang='lat' dir='ltr'>dixerit</span> <span class='ocrx_word' id='word_1_350' title='bbox 2231 2387 2245 2418; x_wconf 73' lang='grc' dir='ltr'><em>τ</em></span> <span class='ocrx_word' id='word_1_351' title='bbox 2260 2372 2443 2434; x_wconf 81' lang='lat' dir='ltr'>Quam-</span> 
     </span>
     <span class='ocr_line' id='line_1_60' title="bbox 1420 2450 2443 2513; baseline 0.001 -15"><span class='ocrx_word' id='word_1_352' title='bbox 1420 2451 1495 2498; x_wconf 82' lang='lat' dir='ltr'>vis</span> <span class='ocrx_word' id='word_1_353' title='bbox 1523 2450 1647 2513; x_wconf 78' lang='lat' dir='ltr'>fidei</span> <span class='ocrx_word' id='word_1_354' title='bbox 1674 2458 1847 2500; x_wconf 68' lang='lat' dir='ltr'>nostrai</span> <span class='ocrx_word' id='word_1_355' title='bbox 1875 2468 2102 2500; x_wconf 78' lang='lat' dir='ltr'>assensus</span> <span class='ocrx_word' id='word_1_356' title='bbox 2127 2454 2221 2501; x_wconf 74' lang='lat' dir='ltr'>uni</span> <span class='ocrx_word' id='word_1_357' title='bbox 2255 2455 2443 2501; x_wconf 77' lang='lat' dir='ltr'>nitatur</span> 
     </span>
     <span class='ocr_line' id='line_1_61' title="bbox 1419 2535 2444 2603; baseline 0.001 -21"><span class='ocrx_word' id='word_1_358' title='bbox 1419 2536 1701 2582; x_wconf 80' lang='lat' dir='ltr'>auctoritati</span> <span class='ocrx_word' id='word_1_359' title='bbox 1749 2535 1965 2600; x_wconf 81' lang='lat' dir='ltr'>divinae,</span> <span class='ocrx_word' id='word_1_360' title='bbox 2006 2545 2053 2584; x_wconf 91' lang='lat' dir='ltr'>et</span> <span class='ocrx_word' id='word_1_361' title='bbox 2086 2539 2290 2603; x_wconf 82' lang='lat' dir='ltr'>propria</span> <span class='ocrx_word' id='word_1_362' title='bbox 2324 2536 2444 2602; x_wconf 84' lang='lat' dir='ltr'>fidei</span> 
     </span>
     <span class='ocr_line' id='line_1_62' title="bbox 1419 2616 2438 2687; baseline 0.002 -23"><span class='ocrx_word' id='word_1_363' title='bbox 1419 2632 1568 2665; x_wconf 81' lang='lat' dir='ltr'>eausa</span> <span class='ocrx_word' id='word_1_364' title='bbox 1605 2618 1669 2664; x_wconf 84' lang='lat' dir='ltr'>sit</span> <span class='ocrx_word' id='word_1_365' title='bbox 1705 2619 1911 2666; x_wconf 80' lang='lat' dir='ltr'>interior</span> <span class='ocrx_word' id='word_1_366' title='bbox 1947 2616 2043 2668; x_wconf 83' lang='lat' dir='ltr'>Dei</span> <span class='ocrx_word' id='word_1_367' title='bbox 2081 2620 2302 2687; x_wconf 82' lang='lat' dir='ltr'>afflatus,</span> <span class='ocrx_word' id='word_1_368' title='bbox 2343 2634 2438 2683; x_wconf 80' lang='lat' dir='ltr'>qua</span> 
     </span>
     <span class='ocr_line' id='line_1_63' title="bbox 1419 2700 2439 2756; baseline 0.002 -11"><span class='ocrx_word' id='word_1_369' title='bbox 1419 2715 1669 2748; x_wconf 79' lang='lat' dir='ltr'>movemur</span> <span class='ocrx_word' id='word_1_370' title='bbox 1703 2700 1767 2748; x_wconf 83' lang='lat' dir='ltr'>ad</span> <span class='ocrx_word' id='word_1_371' title='bbox 1806 2702 2166 2750; x_wconf 78' lang='lat' dir='ltr'>assentiendum</span> <span class='ocrx_word' id='word_1_372' title='bbox 2204 2700 2334 2756; x_wconf 87' lang='lat' dir='ltr'>Deo,</span> <span class='ocrx_word' id='word_1_373' title='bbox 2365 2717 2439 2747; x_wconf 86' lang='lat' dir='ltr'>re-</span> 
     </span>
     <span class='ocr_line' id='line_1_64' title="bbox 1418 2781 2433 2847; baseline 0 -18"><span class='ocrx_word' id='word_1_374' title='bbox 1418 2783 1688 2847; x_wconf 77' lang='lat' dir='ltr'>quirantur</span> <span class='ocrx_word' id='word_1_375' title='bbox 1703 2791 1866 2832; x_wconf 80' lang='lat' dir='ltr'>tamen</span> <span class='ocrx_word' id='word_1_376' title='bbox 1888 2793 2084 2833; x_wconf 67' lang='lat' dir='ltr'>esterna</span> <span class='ocrx_word' id='word_1_377' title='bbox 2103 2781 2404 2832; x_wconf 77' lang='lat' dir='ltr'>adminicula</span> <span class='ocrx_word' id='word_1_378' title='bbox 2418 2817 2433 2841; x_wconf 91' lang='lat'>,</span> 
     </span>
     <span class='ocr_line' id='line_1_65' title="bbox 1419 2863 2434 2931; baseline -0.001 -18"><span class='ocrx_word' id='word_1_379' title='bbox 1419 2874 1510 2914; x_wconf 88' lang='lat' dir='ltr'>etc.</span> <span class='ocrx_word' id='word_1_380' title='bbox 1532 2863 1605 2913; x_wconf 90' lang='lat' dir='ltr'>En</span> <span class='ocrx_word' id='word_1_381' title='bbox 1626 2883 1761 2931; x_wconf 89' lang='lat' dir='ltr'>porro</span> <span class='ocrx_word' id='word_1_382' title='bbox 1787 2884 2030 2916; x_wconf 88' lang='lat' dir='ltr'>censuram</span> <span class='ocrx_word' id='word_1_383' title='bbox 2055 2867 2393 2915; x_wconf 86' lang='lat' dir='ltr'>hermesianam</span> <span class='ocrx_word' id='word_1_384' title='bbox 2421 2883 2434 2912; x_wconf 72' lang='grc' dir='ltr'><strong><em>ε</em></strong></span> 
     </span>
     <span class='ocr_line' id='line_1_66' title="bbox 1419 2944 2439 3014; baseline -0.001 -19"><span class='ocrx_word' id='word_1_385' title='bbox 1419 2944 1545 2995; x_wconf 86' lang='lat' dir='ltr'>Nam</span> <span class='ocrx_word' id='word_1_386' title='bbox 1570 2948 1698 3012; x_wconf 82' lang='lat' dir='ltr'>quod</span> <span class='ocrx_word' id='word_1_387' title='bbox 1725 2949 1952 2999; x_wconf 84' lang='lat' dir='ltr'>credendi</span> <span class='ocrx_word' id='word_1_388' title='bbox 1965 2958 2124 2997; x_wconf 84' lang='lat' dir='ltr'>actum</span> <span class='ocrx_word' id='word_1_389' title='bbox 2153 2964 2439 3014; x_wconf 79' lang='lat' dir='ltr'>suspensam</span> 
     </span>
     <span class='ocr_line' id='line_1_67' title="bbox 1410 3028 2438 3099; baseline 0.001 -23"><span class='ocrx_word' id='word_1_390' title='bbox 1410 3028 1538 3093; x_wconf 76' lang='lat' dir='ltr'>facit</span> <span class='ocrx_word' id='word_1_391' title='bbox 1565 3029 1934 3099; x_wconf 87' lang='lat' dir='ltr'>(Liebermann)</span> <span class='ocrx_word' id='word_1_392' title='bbox 1962 3031 2023 3080; x_wconf 84' lang='lat' dir='ltr'>ab</span> <span class='ocrx_word' id='word_1_393' title='bbox 2052 3033 2333 3079; x_wconf 78' lang='lat' dir='ltr'>auctoritate</span> <span class='ocrx_word' id='word_1_394' title='bbox 2361 3031 2438 3077; x_wconf 84' lang='lat' dir='ltr'>di-</span> 
     </span>
     <span class='ocr_line' id='line_1_68' title="bbox 1418 3113 2438 3182; baseline 0.001 -21"><span class='ocrx_word' id='word_1_395' title='bbox 1418 3114 1537 3161; x_wconf 80' lang='lat' dir='ltr'>vina</span> <span class='ocrx_word' id='word_1_396' title='bbox 1552 3150 1568 3174; x_wconf 90' lang='lat'>,</span> <span class='ocrx_word' id='word_1_397' title='bbox 1602 3124 1647 3162; x_wconf 88' lang='lat' dir='ltr'>et</span> <span class='ocrx_word' id='word_1_398' title='bbox 1661 3117 1918 3182; x_wconf 83' lang='lat' dir='ltr'>propriam</span> <span class='ocrx_word' id='word_1_399' title='bbox 1936 3113 2057 3180; x_wconf 83' lang='lat' dir='ltr'>fidei</span> <span class='ocrx_word' id='word_1_400' title='bbox 2068 3130 2267 3163; x_wconf 77' lang='lat' dir='ltr'>eausam</span> <span class='ocrx_word' id='word_1_401' title='bbox 2284 3115 2341 3162; x_wconf 77' lang='lat' dir='ltr'>in</span> <span class='ocrx_word' id='word_1_402' title='bbox 2362 3114 2438 3162; x_wconf 79' lang='lat' dir='ltr'>in-</span> 
     </span>
     <span class='ocr_line' id='line_1_69' title="bbox 1418 3195 2440 3264; baseline 0.001 -22"><span class='ocrx_word' id='word_1_403' title='bbox 1418 3198 1588 3244; x_wconf 85' lang='lat' dir='ltr'>teriore</span> <span class='ocrx_word' id='word_1_404' title='bbox 1605 3197 1810 3262; x_wconf 83' lang='lat' dir='ltr'>quodam</span> <span class='ocrx_word' id='word_1_405' title='bbox 1833 3195 1924 3245; x_wconf 85' lang='lat' dir='ltr'>Dei</span> <span class='ocrx_word' id='word_1_406' title='bbox 1936 3197 2105 3264; x_wconf 80' lang='lat' dir='ltr'>afflata</span> <span class='ocrx_word' id='word_1_407' title='bbox 2115 3198 2327 3263; x_wconf 87' lang='lat' dir='ltr'>positam</span> <span class='ocrx_word' id='word_1_408' title='bbox 2343 3212 2440 3244; x_wconf 81' lang='lat' dir='ltr'>esse</span> 
     </span>
     <span class='ocr_line' id='line_1_70' title="bbox 1418 3279 2435 3349; baseline 0.001 -23"><span class='ocrx_word' id='word_1_409' title='bbox 1418 3279 1657 3343; x_wconf 85' lang='lat' dir='ltr'>declarat,</span> <span class='ocrx_word' id='word_1_410' title='bbox 1687 3283 1743 3328; x_wconf 80' lang='lat' dir='ltr'>in</span> <span class='ocrx_word' id='word_1_411' title='bbox 1771 3297 1822 3330; x_wconf 91' lang='lat' dir='ltr'>eo</span> <span class='ocrx_word' id='word_1_412' title='bbox 1848 3279 2031 3329; x_wconf 86' lang='lat' dir='ltr'>scilicet</span> <span class='ocrx_word' id='word_1_413' title='bbox 2056 3298 2088 3330; x_wconf 92' lang='lat' dir='ltr'>a</span> <span class='ocrx_word' id='word_1_414' title='bbox 2117 3298 2164 3330; x_wconf 88' lang='lat' dir='ltr'>se</span> <span class='ocrx_word' id='word_1_415' title='bbox 2194 3283 2299 3349; x_wconf 81' lang='lat' dir='ltr'>ipso</span> <span class='ocrx_word' id='word_1_416' title='bbox 2327 3279 2435 3328; x_wconf 83' lang='lat' dir='ltr'>des-</span> 
     </span>
     <span class='ocr_line' id='line_1_71' title="bbox 1417 3363 2435 3431; baseline 0.004 -21"><span class='ocrx_word' id='word_1_417' title='bbox 1417 3364 1582 3419; x_wconf 89' lang='lat' dir='ltr'>ciscit,</span> <span class='ocrx_word' id='word_1_418' title='bbox 1611 3373 1655 3411; x_wconf 89' lang='lat' dir='ltr'>et</span> <span class='ocrx_word' id='word_1_419' title='bbox 1672 3373 1758 3411; x_wconf 80' lang='lat' dir='ltr'>aut</span> <span class='ocrx_word' id='word_1_420' title='bbox 1779 3363 2023 3428; x_wconf 83' lang='lat' dir='ltr'>fallaciter</span> <span class='ocrx_word' id='word_1_421' title='bbox 2045 3381 2184 3430; x_wconf 76' lang='lat' dir='ltr'>aqere</span> <span class='ocrx_word' id='word_1_422' title='bbox 2202 3404 2214 3427; x_wconf 86' lang='lat'>,</span> <span class='ocrx_word' id='word_1_423' title='bbox 2243 3373 2330 3413; x_wconf 82' lang='lat' dir='ltr'>aut</span> <span class='ocrx_word' id='word_1_424' title='bbox 2340 3382 2435 3431; x_wconf 79' lang='lat' dir='ltr'>pa-</span> 
     </span>
     <span class='ocr_line' id='line_1_72' title="bbox 1417 3445 2490 3514; baseline 0.003 -22"><span class='ocrx_word' id='word_1_425' title='bbox 1417 3462 1527 3493; x_wconf 81' lang='lat' dir='ltr'>rum</span> <span class='ocrx_word' id='word_1_426' title='bbox 1552 3445 1846 3495; x_wconf 79' lang='lat' dir='ltr'>considerate</span> <span class='ocrx_word' id='word_1_427' title='bbox 1863 3448 2173 3514; x_wconf 80' lang='lat' dir='ltr'>judicandus</span> <span class='ocrx_word' id='word_1_428' title='bbox 2203 3455 2286 3498; x_wconf 86' lang='lat' dir='ltr'>est.</span> <span class='ocrx_word' id='word_1_429' title='bbox 2311 3446 2436 3496; x_wconf 89' lang='lat' dir='ltr'>Itane</span> <span class='ocrx_word' id='word_1_430' title='bbox 2488 3512 2490 3514; x_wconf 21' lang='grc' dir='ltr'>Ι</span> 
     </span>
    </p>
   </div>
   <div class='ocr_carea' id='block_1_6' title="bbox 1418 3527 2436 3659">
    <p class='ocr_par' dir='ltr' id='par_1_6' title="bbox 1418 3527 2436 3659">
     <span class='ocr_line' id='line_1_73' title="bbox 1418 3527 2436 3596; baseline 0.001 -21"><span class='ocrx_word' id='word_1_431' title='bbox 1418 3530 1467 3575; x_wconf 89' lang='lat' dir='ltr'>in</span> <span class='ocrx_word' id='word_1_432' title='bbox 1508 3527 1737 3577; x_wconf 87' lang='lat' dir='ltr'>Hermesii</span> <span class='ocrx_word' id='word_1_433' title='bbox 1780 3530 1934 3579; x_wconf 88' lang='lat' dir='ltr'>schola</span> <span class='ocrx_word' id='word_1_434' title='bbox 1975 3533 2235 3596; x_wconf 88' lang='lat' dir='ltr'>concipitur</span> <span class='ocrx_word' id='word_1_435' title='bbox 2275 3539 2436 3579; x_wconf 80' lang='lat' dir='ltr'>natura</span> 
     </span>
     <span class='ocr_line' id='line_1_74' title="bbox 1420 3607 1759 3659; baseline 0.009 -3"><span class='ocrx_word' id='word_1_436' title='bbox 1420 3607 1528 3656; x_wconf 83' lang='lat' dir='ltr'>fidei</span> <span class='ocrx_word' id='word_1_437' title='bbox 1558 3607 1759 3659; x_wconf 81' lang='lat' dir='ltr'>divinae?</span> 
     </span>
    </p>
   </div>
  </div>
 </body>
</html>
