2502 4134
310 176 471 219 mar.
514 179 598 218 111.
646 180 796 218 secr.
842 181 887 218 1.
935 179 1065 218 cu.
1110 181 1153 219 1.
1200 179 1268 217 nn
1302 178 1431 217 nar.
1475 177 1604 218 ΑΜ.
1654 178 1764 216 Fu).
1808 175 1990 216 spncr.
2089 155 2203 216 341

179 321 276 380 19.
325 322 480 380 Item·
507 341 579 379 ex
615 320 725 379 hoc
758 322 1042 381 factorum
1083 322 1511 403 empyricorum
1550 320 1754 380 ordine
1794 341 2029 379 sensum
2065 319 2208 379 inti-

100 439 264 476 mum
296 437 396 475 seu
430 416 843 475 conscientiam
876 417 1160 476 habemus
1202 438 1402 475 earum
1427 462 1443 487 .,
1478 437 1604 496 quae
1646 417 1710 474 in
1742 414 1911 474 nobis
1940 413 2208 474 accidunt

99 511 507 583 affectionum,
543 522 668 568 tum
713 512 927 570 scilicet
971 511 1239 587 illarum,
1285 532 1426 591 quas
1466 511 1526 567 in
1570 509 1739 568 nobis
1784 532 1815 568 a
1859 509 2024 568 nobis
2067 509 2208 590 ipsis

95 605 328 665 excitari
360 626 423 662 ac
458 605 581 663 fieri
620 605 900 663 sentimus
922 650 939 678 ,
986 625 1348 686 quarumque
1389 603 1635 684 proinde
1666 625 1769 661 nos
1795 604 1949 684 ipsos
1988 604 2207 685 princi-

93 700 258 783 pium
294 720 466 778 agens
499 720 623 758 esse
654 700 987 773 intuemur,
1018 711 1145 763 tum
1178 698 1415 756 illarum
1435 742 1451 770 ,
1490 719 1618 777 quae
1648 697 1709 754 in
1741 697 1908 756 nobis
1935 698 2202 778 quidem,

95 792 197 853 sed
238 816 358 851 non
397 815 427 851 a
461 792 627 851 nobis
650 838 665 867 ,
704 793 884 851 immo
916 791 1083 851 nobis
1111 793 1302 858 etiam,
1324 791 1557 862 invitis,
1606 791 1728 849 fieri
1774 795 2201 870 persentimUS,

95 889 174 946 sic
196 898 261 945 ut
284 889 345 945 in
368 888 433 945 iis
459 888 810 969 principium
838 898 1064 945 tantum
1091 887 1320 968 patiens
1354 906 1460 943 nos
1486 904 1608 943 esse
1631 883 1936 944 evidenter
1964 906 2206 964 cognos-

97 1003 312 1042 camuS.
334 984 433 1042 Hae
458 1004 630 1064 porro
659 1003 860 1041 omnes
885 992 1024 1039 sunt
1051 981 1324 1042 veritates
1344 980 1606 1038 factiseu
1631 979 2001 1059 experientiae
2018 1024 2034 1052 .,
2063 1001 2204 1060 quas

95 1079 328 1159 propria
362 1078 567 1157 cuique
609 1075 955 1134 conscientia
992 1075 1330 1133 immediate
1363 1072 1620 1146 revelat,
1660 1084 1719 1130 et
1755 1073 1829 1131 de
1871 1072 2078 1153 quibus
2103 1094 2204 1132 ne-

95 1172 240 1230 mini
270 1170 539 1253 possibile
567 1180 655 1228 est
683 1167 970 1227 dubitare.
995 1170 1145 1226 Sunt
1185 1169 1460 1227 veritates
1496 1166 1784 1246 objective
1820 1166 2038 1241 realeS,
2071 1188 2205 1226 eum

96 1266 240 1326 ordo
266 1263 547 1325 sensibilis
572 1264 646 1321 sit
670 1263 910 1320 omnino
937 1261 1106 1321 realis
1137 1272 1197 1320 et
1218 1273 1520 1320 concretus
1539 1307 1556 1337 .,
1583 1261 1726 1320 ordo
1753 1261 1827 1319 sit
1856 1263 2200 1338 existentiae3

93 1381 318 1441 neque,
361 1358 500 1415 dum
540 1357 717 1416 sentit
752 1356 981 1414 animus
1003 1402 1019 1431 .,
1065 1356 1189 1414 fieri
1224 1343 1452 1436 potest,
1494 1366 1562 1414 ut
1597 1378 1715 1413 non
1762 1356 1993 1414 sentiat.

171 1453 274 1510 20.
321 1453 396 1522 At
436 1450 595 1510 enim
633 1450 904 1526 veritates
942 1448 1266 1527 ejusmodi,
1314 1460 1514 1531 utpote
1553 1450 1615 1508 in
1648 1449 1798 1508 facto
1832 1448 2107 1528 singulari
2144 1460 2204 1509 et

93 1545 453 1625 contingenti
478 1545 679 1625 positae
701 1590 718 1620 ,
758 1547 1156 1604 necessitatem
1197 1543 1435 1625 quidem
1469 1544 1728 1619 habent,
1766 1544 2202 1625 hypotheticam

91 1653 325 1715 tamen3
374 1651 677 1721 nequeunt
717 1639 964 1721 proinde
996 1660 1101 1720 per
1135 1661 1195 1698 se
1226 1638 1555 1698 absolutam
1598 1639 1760 1697 illam
1797 1639 2203 1698 necessitatem

92 1747 264 1816 atque
308 1734 805 1811 universalitatem
846 1734 1120 1792 humanae
1165 1734 1505 1813 cognitionis
1556 1735 1827 1813 gignere,
1881 1754 1952 1792 ex
1996 1731 2205 1813 quibus

92 1825 327 1888 scientia
366 1851 502 1890 vere
533 1850 595 1887 ac
630 1829 863 1910 proprie
890 1829 1214 1887 conficitur.
1259 1830 1394 1886 Haec
1425 1829 1598 1906 igitur
1627 1827 1963 1886 sublimiora
2000 1826 2203 1904 cogni-
2246 1852 2248 1854 ·

92 1924 263 1982 tionis
287 1923 575 1982 elementa
599 1922 671 1980 ab
699 1923 902 1981 altiore
927 1922 1129 1981 ordine
1147 1967 1163 1996 .,
1191 1922 1471 1980 nimirum
1497 1922 1767 1980 rationali
1792 1934 1966 2002 atque
1995 1920 2202 1997 ideali,

92 2029 230 2076 sunt
271 2017 613 2098 repetenda.
665 2017 755 2076 Ad
789 2016 948 2075 hunc
992 2038 1166 2098 porro
1211 2025 1476 2098 spectant
1523 2016 1826 2075 abstractae
1869 2015 1982 2074 illae
2027 2026 2204 2095 atque

91 2111 445 2172 universales
495 2111 799 2186 notioneS,
858 2133 988 2192 quae
1042 2113 1105 2168 in
1157 2110 1428 2169 omnibus
1472 2111 1784 2170 ratiociniis
1826 2110 2205 2169 inveniant-ur

97 2216 326 2286 oportet
346 2250 362 2278 ,
395 2216 455 2264 et
492 2206 615 2264 sine
649 2204 857 2285 quibus
893 2205 1124 2263 nullum
1150 2226 1408 2286 unquam
1433 2216 1628 2286 posset
1658 2204 2026 2263 ratiocinium
2061 2223 2204 2260 con-

97 2297 271 2357 cludi.
303 2298 392 2357 Ad
425 2298 582 2357 hunc
615 2299 916 2378 pertinent
952 2321 1221 2379 suprema
1255 2297 1354 2357 illa
1384 2300 1623 2357 rationis
1656 2299 1966 2379 principia,
1995 2295 2204 2376 quibus

96 2414 262 2452 mens
304 2414 441 2453 vere
481 2393 810 2473 intelligens
850 2414 916 2451 ac
954 2392 1250 2452 rationalis
1285 2393 1686 2467 constituitur,
1736 2412 1863 2472 quae
1913 2391 2205 2452 evidentia

96 2509 196 2546 sua
226 2508 455 2567 semper
486 2486 734 2565 fulgent,
765 2499 940 2568 atque
974 2486 1298 2546 absolutam
1330 2487 1532 2546 ceteris
1562 2482 1985 2564 cognitionibus
2018 2482 2197 2541 firmi·-

96 2592 277 2642 tatem
310 2581 726 2663 impertiuntur
760 2581 872 2664 (l).
915 2583 1054 2641 Haec
1089 2603 1227 2644 vero
1266 2580 1548 2664 principia
1589 2578 2024 2641 evidentissima
2066 2598 2200 2636 cum

99 2830 178 2880 sed
214 2848 309 2879 non
345 2830 516 2879 idcirco
557 2830 683 2896 quod
714 2832 1005 2881 verissimum
1043 2840 1111 2879 est
1191 2845 1333 2892 rum,
1369 2830 1499 2878 circa
1526 2844 1631 2893 quoe
1659 2843 1758 2875 mon
1790 2826 2029 2892 decipitur
2058 2823 2122 2888 (ι.
2151 2843 2202 2890 p.

99 2912 233 2961 debet
265 2911 550 2977 improbari,
601 2922 740 2979 atque
778 2921 828 2961 ut
865 2911 1112 2960 christiana
1194 2930 1244 2979 q.
1284 2926 1372 2971 12,
1405 2920 1494 2960 art.
1524 2911 1604 2974 3).
1638 2909 1751 2972 Ea,
1782 2926 1888 2974 quae
1922 2907 2210 2956 naturaliter

74 3009 77 3011 ’
100 2991 273 3058 Religio
310 2994 571 3043 vindicetur
591 3030 605 3054 ‚
639 3012 665 3042 a
700 2994 976 3048 certitudine
1005 3011 1114 3058 pro-
1196 2994 1376 3042 rationi
1390 3001 1504 3040 sunt
1522 2994 1696 3052 imita,
1717 2993 1966 3040 verissima
1982 3007 2080 3039 esse
2093 3006 2212 3038 con-

103 3077 209 3138 priae
240 3078 310 3123 sui
339 3079 585 3124 existentiae
607 3113 620 3135 ‚
658 3076 783 3142 quod
812 3074 1018 3141 plerique
1045 3075 1114 3123 sa·
1197 3083 1320 3136 stat,
1352 3080 1410 3124 in
1436 3083 1621 3122 tantum
1637 3110 1654 3136 ,
1689 3083 1746 3121 ut
1771 3090 1856 3121 ‘nec
1887 3071 2016 3137 falsa
2034 3089 2130 3119 esse
2145 3072 2210 3118 sit

107 3170 207 3204 cere
234 3158 443 3206 videntur
461 3193 476 3219 ,
506 3158 784 3207 infirmanda
812 3160 998 3206 initium
1025 3158 1116 3206 du·
1189 3155 1417 3223 possibile
1448 3158 1655 3219 coqitare
1684 3155 1699 3217 (
1713 3153 1851 3203 Cone.
1885 3153 2028 3201 Gent.
2055 3154 2140 3201 lib.
2158 3167 2205 3213 1,

107 3250 231 3284 cere·
1196 3255 1300 3303 cap.
1337 3254 1392 3285 21
1419 3237 1452 3298 ).
1491 3238 1592 3285 Per
1625 3236 1784 3287 lumen
1820 3234 2038 3284 naturale
2065 3234 2209 3282 intel-

175 3316 244 3382 (l)
261 3316 499 3369 Certitmlo
514 3322 748 3380 scientiae,
766 3320 1114 3382 aitS.Thomas‚
1198 3319 1341 3368 lectus
1368 3319 1586 3368 redditur
1610 3308 1762 3366 certus
1790 3317 1846 3365 de
1869 3317 1967 3378 his,
1998 3334 2108 3381 quoe
2132 3316 2209 3363 lu·

108 3403 206 3444 tota
267 3401 420 3447 oritur
477 3419 535 3451 ea>
591 3403 877 3452 certitudine
931 3403 1121 3468 princi·
1200 3406 1330 3450 mine
1355 3401 1437 3449 illo
1461 3401 1720 3466 coquoscit,
1742 3408 1794 3448 ut
1814 3401 1867 3447 iu
1875 3401 2053 3465 primis
2063 3401 2207 3463 prfu-

101 3478 299 3543 piorum
347 3480 460 3542 (De
503 3486 640 3535 verit.
681 3503 730 3552 q.
795 3503 870 3546 xi,
918 3494 1004 3532 art.
1045 3485 1111 3546 ι).
1194 3485 1341 3549 cipiis
1379 3483 1523 3546 (ibid.
1557 3482 1644 3531 lib.
1674 3498 1755 3544 111,
1789 3498 1890 3547 cap.
1930 3479 2037 3544 15).
2065 3477 2208 3526 Inve-

107 3557 384 3607 Intellectus
407 3577 586 3628 semper
618 3576 687 3613 est
719 3573 904 3626 rectus,
943 3571 1115 3612 secun·
1196 3566 1335 3612 m'tur
1374 3563 1561 3629 ahquid
1600 3579 1796 3625 verum,
1853 3564 1907 3609 in
1950 3577 2038 3625 quo
2069 3558 2206 3607 nulla

110 3637 225 3687 dum
273 3641 397 3706 quod
436 3643 697 3697 intellectus
741 3654 812 3696 est
850 3647 1118 3715 principio·
1194 3645 1426 3713 falsitatis
1451 3645 1735 3712 apparentia
1755 3643 2010 3694 admisceri
2025 3649 2201 3709 potest,
