2502 4134
270 83 391 143 464

873 105 1072 144 ruam.
1115 107 1185 144 ΩΒ
1229 106 1382 146 Locts
1425 107 1806 150 rnnozoamls.

267 259 502 332 posset,
540 246 651 305 nisi
679 245 1020 305 indubitate
1062 247 1519 308 admitteremus
1539 269 1660 328 pro
1687 270 1825 309 vero
1843 295 1861 327 .‚
1902 251 2158 335 aliquem
2206 272 2420 312 revera

268 367 387 405 esse
423 353 771 411 mortuum,·
808 341 1046 402 aliunde
1087 364 1228 405 vero
1259 344 1578 403 theoretica
1615 344 1778 405 r'atio
1817 367 2125 431 nunquam
2164 348 2421 430 adigitur

268 439 598 502 necessario
634 437 711 497 ad
758 440 1087 499 tenendum
1121 461 1236 521 pro
1273 461 1439 511 vero,
1476 440 1635 523 quod
1666 463 1915 525 corpuS,
1964 457 2273 507 mortuum
2303 468 2420 531 ap-

254 557 522 618 parem,
552 538 780 594 iterum
809 538 1119 595 victurum
1152 558 1273 596 non
1310 539 1410 596 sit.
1443 538 1593 620 Ergo
1614 558 1684 597 ex
1710 537 1772 598 vi
1797 540 2045 599 moralis·
2069 544 2426 621 imperativi

266 644 547 692 tenemur
566 632 880 691 admittere
899 654 1022 712 pro
1058 654 1220 704 vero,
1265 631 1439 692 illum
1458 677 1475 709 ‚
1503 632 1607 715 qui
1640 644 1917 694 mortuus
1956 635 2232 709 videtur,
2253 659 2419 698 mor·-

266 738 446 788 tuum
482 749 687 787 revera
730 748 848 787 esse
886 727 999 809 (1).

354 824 490 884 178.
538 824 623 882 Ita
655 822 994 882 Hermesius
1024 823 1294 899 conficit,
1336 823 1630 885 rationem
1672 846 1840 885 suam
1866 830 2221 906 practicam
2263 846 2419 910 soepe

269 919 498 981 efficere
525 967 542 994 7
599 931 666 978 ut
710 940 785 979 ex
821 918 1031 978 morali
1067 919 1256 980 officio
1290 919 1612 981 debeamus
1651 923 1969 983 admittere
1996 946 2117 1005 pro
2159 945 2300 983 vera
2347 945 2422 984 ac

265 1018 425 1075 reali
474 1015 734 1098 aliquam
790 1018 1192 1096 cognitionem
1211 1061 1235 1089 ,
1281 1038 1461 1099 quam
1517 1018 1668 1077 ratio
1711 1019 2028 1079 theoretica
2067 1041 2191 1079 non
2226 1030 2422 1102 potest

266 1123 458 1172 tenere
516 1113 602 1171 uti
657 1133 863 1171 veram
909 1123 1086 1194 atque
1130 1114 1382 1186 realem,
1440 1113 1543 1174 sed
1588 1136 1823 1196 semper
1856 1117 1927 1175 de
1978 1118 2088 1176 illa
2137 1116 2419 1177 dubitare

256 1220 450 1291 potest
478 1210 592 1290 (2)
636 1210 854 1269 Verum
881 1254 896 1283 ,
929 1220 995 1267 ut
1027 1220 1216 1268 totam
1240 1209 1393 1269 hanc
1421 1209 1713 1271 theoriam
1741 1211 1920 1295 plene
1951 1224 2153 1274 teneas
2172 1259 2187 1289 ,
2215 1213 2414 1294 magni

263 1306 555 1367 momenti
595 1317 737 1365 sunt
772 1326 1025 1365 canones
1060 1305 1417 1366 hermesiani
1459 1307 1836 1390 insequentes
1861 1354 1876 1384 7
1926 1310 2088 1392 queis
2120 1310 2184 1369 in
2222 1309 2414 1388 subje-

267 1403 373 1463 ctis
405 1403 562 1463 notis
588 1401 895 1466 brevitatis
919 1402 1100 1482 gratia
1139 1402 1681 1464 animadversiones
1721 1416 1951 1464 nostras
1981 1406 2409 1466 interserimus,

352 1499 494 1559 179.
550 1500 612 1557 1⁰
649 1500 843 1558 Homo
885 1497 960 1557 de
1001 1496 1167 1557 nulla
1210 1519 1275 1557 re
1323 1501 1639 1558 moraliter
1670 1511 1869 1561 certus
1903 1512 2018 1574 est,
2049 1501 2161 1562 nisi
2196 1501 2270 1563 de
2303 1524 2409 1577 ρο,

269 1594 431 1676 quod
455 1596 605 1653 ratio
630 1595 882 1653 moralis
911 1594 1185 1673 obliyans
1215 1594 1472 1676 imperat
1502 1596 1754 1654 admitti
1765 1618 1882 1676 pro
1908 1618 2074 1671 ver0,
2106 1609 2172 1657 ut
2197 1617 2416 1680 nempe

266 1690 441 1751 detur
488 1690 652 1750 locus
698 1690 1103 1770 possibilitati
1154 1690 1458 1768 implendi
1509 1692 1763 1770 aliquod
1811 1694 1939 1771 ipsi
1987 1694 2416 1752 indeclinabile

265 1787 524 1865 officium
564 1787 809 1845 morale.
855 1785 969 1845 Ista
1003 1787 1285 1863 practica
1315 1785 1616 1865 persuasio
1643 1789 1948 1867 imperata
1985 1785 2184 1848 reddit
2216 1786 2416 1847 homi-

265 1903 404 1950 nem
434 1885 748 1941 moraliter
770 1891 1020 1940 certum.
1049 1878 1209 1940 Nihil
1239 1890 1523 1963 praeterea
1552 1879 1704 1962 (3)..

336 2075 405 2142 (l)
443 2074 517 2124 En
548 2066 897 2124 hermesianum
937 2075 1173 2123 criterium
1211 2091 1297 2140 pro

264 2161 488 2209 miraculo
530 2161 695 2226 quovis
740 2176 794 2207 ac
821 2160 1060 2224 speciatim
1094 2175 1299 2207 resurre-

263 2246 429 2293 ctionis
461 2262 487 2292 a
505 2246 701 2292 mortuis
719 2242 1046 2308 dijudicando.
1082 2240 1184 2290 Cfr.
1205 2239 1299 2288 In„

264 2327 387 2377 trod.
428 2326 571 2377 Phil.
617 2345 727 2394 pag.
771 2323 869 2394 587
917 2337 960 2375 et
1003 2343 1135 2392 seqq.
1176 2342 1190 2374 ε
1226 2324 1298 2374 Ita

262 2411 450 2477 probari
489 2410 631 2460 debet
654 2447 667 2468 ,
701 2409 929 2458 Lazarum
959 2408 1101 2458 fuisse
1138 2426 1296 2457 revera

263 2504 502 2543 mortuum
523 2530 536 2554 ,
572 2511 628 2542 ac
658 2503 814 2558 postea
845 2486 1114 2542 revocatum
1142 2491 1201 2540 ad
1230 2493 1298 2540 vi-

261 2587 377 2626 tam.
411 2575 518 2625 Non
556 2579 694 2642 igitur
733 2575 992 2624 theoretica
1035 2577 1150 2623 ratio
1193 2584 1293 2636 est,

262 2675 367 2727 quae
396 2670 520 2708 certa
549 2662 609 2707 sit
641 2677 696 2707 ex
729 2658 940 2707 indubiis
971 2668 1146 2707 naturae
1181 2657 1295 2723 legi-

260 2743 349 2791 bus
366 2779 380 2801 ,
417 2743 612 2791 cadaver
640 2741 1008 2808 quatriduanum
1037 2741 1294 2789 extinctum

260 2827 457 2875 omnino
482 2841 614 2885 esse3
647 2825 728 2873 sed
754 2827 869 2872 ratio
890 2824 1114 2889 practica
1143 2825 1295 2887 impe-

259 2918 330 2958 rat
362 2908 412 2957 id
451 2908 697 2957 admittere
726 2916 910 2973 propter
943 2905 1183 2970 publicam
1214 2907 1292 2953 in-

260 2992 596 3040 columitatem.
637 2986 727 3039 Sed
769 3007 886 3039 num
932 2991 1050 3037 ratio
1089 2990 1293 3054 practica

260 3077 506 3139 imperaret
549 3073 830 3123 cadaverum
879 3069 1205 3138 sepulturam,
1253 3074 1292 3120 si

260 3158 375 3204 ratio
397 3157 645 3206 theoretica
670 3173 767 3205 non
786 3155 977 3205 haberet
1001 3172 1051 3204 ea
1079 3169 1187 3203 vere
1208 3171 1291 3219 pro

261 3236 491 3289 mortuis?

330 3322 395 3388 (2)
436 3321 863 3371 Animadvertimus
885 3332 1069 3382 tamen,
1094 3319 1289 3369 Herme-

261 3411 380 3457 sium
431 3421 531 3455 non
576 3405 634 3454 de
682 3422 981 3472 quacumque
1024 3406 1290 3469 cognitione

260 3494 509 3543 theoretice
527 3492 789 3541 dubitabili
811 3494 902 3541 hoc
922 3491 1181 3551 affirmare,
1207 3490 1287 3540 sed

259 3584 444 3625 tantum
473 3576 531 3625 de
558 3577 615 3624 iis
643 3575 825 3624 casibus
845 3612 856 3633 ‚
889 3577 940 3622 in
963 3573 1136 3641 quibus
1160 3573 1288 3621 ratio

258 3658 520 3709 dubitandi
542 3656 789 3708 theoretice
813 3659 989 3723 exurgit
1013 3674 1068 3707 ex
1099 3656 1288 3706 motivis

1383 2073 1777 2137 universalibus,
1817 2076 1877 2125 ad
1913 2074 2063 2142 ipsam
2098 2078 2164 2126 rei
2196 2087 2414 2128 naturam

1383 2159 1636 2223 generatim
1676 2159 2049 2223 pertinentibus,
2093 2177 2191 2208 non
2230 2177 2338 2209 vero
2374 2162 2413 2209 si

1384 2242 1618 2289 exoriatur
1654 2259 1708 2291 ex
1749 2241 1912 2307 aliquo
1945 2240 2194 2307 peculiari
2239 2244 2411 2293 motivo

1383 2325 1783 2390 superaccedente.
1815 2325 1906 2375 Ex.
1934 2341 2005 2391 gr.
2041 2327 2081 2373 si
2109 2324 2303 2374 haberes
2319 2342 2414 2391 pe-

1381 2405 1615 2456 culiarem
1633 2408 1862 2457 rationem
1881 2407 2131 2457 dubitandi
2145 2446 2158 2468 ‚
2181 2408 2308 2475 quod
2327 2411 2412 2458 iste

1381 2491 1457 2540 vel
1487 2491 1565 2540 ille
1604 2490 1815 2541 medicus
1846 2483 1975 2541 cinni
2002 2494 2194 2541 scientia
2224 2501 2410 2554 careat,

1382 2584 1466 2623 aut
1491 2575 1613 2623 malo
1638 2576 1796 2623 animo
1825 2577 1883 2623 sit
1912 2585 2073 2624 contra
2099 2586 2143 2624 te
2168 2592 2413 2641 compara-

1381 2666 1490 2721 tus3
1526 2668 1639 2706 tunc
1673 2660 1800 2706 enim
1819 2656 2086 2707 Hermesius
2104 2669 2270 2723 negat,
2306 2675 2411 2706 mo·

1381 2741 1533 2790 raliter
1559 2756 1689 2806 posse
1712 2758 1737 2789 a
1761 2742 1939 2790 ratione
1961 2743 2162 2806 practica
2192 2739 2407 2805 imperari

1381 2824 1712 2872 admissionem
1748 2825 1953 2872 scientiae
1990 2833 2035 2872 et
2066 2822 2320 2871 honestatis
2355 2822 2407 2867 in

1379 2924 1432 2955 eo
1464 2905 1644 2955 medico
1669 2916 1830 2955 contra
1850 2905 1970 2955 illud
1997 2904 2196 2954 dubium
2225 2901 2405 2951 theore-

1378 2989 1548 3038 ticum.
1585 2987 1688 3037 Hoc
1717 3007 1854 3053 porro
1890 2997 2021 3038 vocat
2043 2987 2294 3034 criterium
2318 3003 2406 3050 qe·-

1377 3069 1543 3119 nerale
1566 3070 1863 3119 admittendi
1876 3086 1969 3136 pro
1994 3085 2133 3124 vero,
2167 3083 2279 3136 pag.
2303 3068 2403 3133 237

1379 3165 1424 3204 et
1451 3173 1584 3221 seqq.

1448 3237 1517 3301 (3)
1549 3236 1732 3286 Novum
1767 3233 1966 3284 moralis
1995 3235 2285 3283 certitudinis
2319 3250 2406 3301 ge-

1377 3339 1465 3369 nus
1485 3322 1662 3369 invehit
1677 3319 1943 3367 Hermesius
1958 3355 1970 3377 ,
1992 3318 2051 3365 ad
2073 3335 2212 3383 quam
2233 3333 2407 3382 nempe

1377 3403 1516 3451 debet
1544 3405 1641 3467 ipsa
1669 3399 1878 3467 physica
1907 3399 2133 3448 certitudo
2167 3402 2403 3462 revocari,

1377 3503 1572 3552 quasque
1598 3500 1695 3532 non
1723 3483 1881 3542 adest,
1920 3485 2005 3531 uisi
2037 3490 2210 3547 urqeat
2228 3479 2405 3530 morale

1365 3574 1695 3634 paeceptum,
1746 3582 1851 3632 quae
1898 3565 2022 3614 hanc
2059 3566 2404 3631 persuasionem

1374 3652 1585 3716 imperet.
1624 3647 1742 3713 Ergo
1784 3650 1966 3715 quoties
1991 3656 2279 3714 praeceptum
2312 3643 2403 3694 tale
