2502 4134
312 134 390 193 46

913 155 1108 193 TRAc‘r.
1152 157 1220 192 ΒΕ
1266 156 1418 193 LOCIS
1463 156 1842 195 THROLOGICIS.

273 317 277 322 ’
308 301 661 360 abutuntur
695 300 1088 370 testimoniis,
1127 281 1254 358 ἷηοπ
1287 293 1367 357 ἀι
1405 299 1710 359 interdum
1748 299 1819 358 de
1855 299 2218 378 apocryphis
2245 305 2447 380 facere

310 400 568 457 solent...
608 396 714 454 sed
743 399 927 474 quasi
961 400 1273 456 canonicis
1305 407 1362 454 et
1395 399 1807 457 ecelesiasticis
1844 396 1951 477 (1).

396 492 495 553 73.
547 491 632 551 Ad
677 491 784 566 311²,
820 493 976 553 Dist.
1019 493 1313 575 Sequioris
1347 493 1538 552 aetatis
1575 504 1637 552 et
1679 493 1875 575 quoad
1915 515 2126 553 verum
2180 498 2302 572 ejus
2341 517 2446 554 au-

312 601 573 661 ctorem,
614 609 817 657 conc.;
857 589 1039 648 aetatis
1079 588 1389 648 anterioris
1413 599 1473 647 et
1512 588 1706 668 quoad
1739 591 1864 666 ejus
1903 588 2167 650 divinam
2196 589 2450 672 inspira·

312 687 538 745 tionem
562 731 576 759 ,
605 706 736 764 neq.
776 685 1020 744 Certum
1059 685 1222 742 enim
1262 694 1354 743 est
1378 728 1394 756 .,
1437 679 1852 765 Apocalypsim
1887 684 2177 766 prioribus
2220 684 2448 744 duobus

316 780 522 841 seculis
545 781 723 839 etiam
745 779 820 838 ab
845 778 1231 839 orientalibus
1256 779 1345 837 uti
1368 778 1633 839 divinam
1660 775 1981 856 admissam
2000 780 2176 840 fuisse
2197 827 2212 855 ‚
2250 792 2448 863 postea

316 898 458 939 vero
485 875 743 935 dubitari
773 886 1040 957 coeptum
1065 874 1144 934 de
1175 875 1376 934 divina
1409 879 1533 954 ejus
1562 874 1786 954 origine
1822 895 1888 933 ac
1914 873 1990 935 de
2022 863 2147 953 ejus
2178 889 2411 936 auctore
2430 922 2446 952 ,

281 992 492 1057 ‘quem
541 971 639 1030 alii
686 973 984 1031 {Ioannem
1039 970 1473 1050 Evangelistam
1501 1016 1515 1043 a
1559 970 1656 1029 alii
1704 973 1999 1029 Joannem
2042 972 2452 1054 presbyterum

314 1091 437 1131 esse
477 1066 923 1128 contendebant
956 1066 1073 1146 (2).
1125 1069 1401 1126 Ceterum
1446 1067 1509 1124 in
1557 1066 1806 1127 Ecclesia
1845 1069 2108 1126 Romana
2145 1089 2453 1150 nunquam

312 1166 387 1227 de
425 1164 688 1243 ejusdem
735 1163 1121 1223 canonicitate
1166 1162 1413 1222 excitata
1455 1160 1754 1221 dubitatio
1797 1173 1886 1222 est
1922 1162 2040 1242 (3),
2081 1162 2242 1245 quod
2283 1163 2452 1224 nobis

313 1261 490 1346 plane
536 1260 773 1319 sufficit.

389 1359 490 1419 74.
539 1358 626 1418 Ad
646 1357 754 1430 4¹¹²,
779 1358 935 1416 Dist.
957 1356 1015 1414 Si
1038 1355 1230 1436 reipsa
1258 1352 1507 1413 Ecclesia
1523 1307 1888 1415 definivisset
1901 1353 2093 1414 seculo
2111 1355 2276 1429 XVI,
2295 1355 2454 1436 quod

312 1456 609 1539 ignoravit
640 1452 890 1514 Ecclesia
934 1463 1187 1534 quatuor
1216 1451 1481 1533 priorum
1510 1450 1874 1525 seculorum
1907 1462 2100 1511 tram.
2136 1449 2232 1513 v'el
2257 1471 2454 1510 conon
2434 1497 2451 1519 ,

314 1554 362 1611 si
394 1573 557 1611 secus
596 1549 746 1629 egit,
786 1570 918 1629 neq.
960 1549 1097 1607 Jam
1130 1547 1290 1607 enim
1324 1547 1729 1614 ostendimus..
1766 1546 2064 1629 quomodo
2102 1545 2177 1605 ab
2212 1558 2453 1628 aposto-

315 1648 437 1708 licis
462 1647 604 1707 inde
637 1643 1005 1728 temporibus
1037 1645 1101 1702 in
1133 1643 1383 1704 Ecclesia
1408 1645 1671 1703 Romana
1693 1644 1853 1705 idem
1876 1664 2067 1703 canon
2097 1641 2450 1719 obtinuerit,

315 1766 383 1804 ac
421 1744 607 1804 veluti
636 1764 742 1825 per
766 1763 978 1800 manus
1013 1740 1189 1800 fuerit
1213 1740 1332 1799 huc
1359 1743 1546 1822 *usque
1572 1742 1972 1800 transmissus,
1996 1738 2170 1800 Nulla
2202 1739 2453 1821 proinde

316 1840 576 1921 indiguit>
596 1861 750 1900 nova
787 1837 1150 1898 revelatione
1181 1837 1258 1896 ad
1284 1859 1577 1898 canonem
1611 1837 1997 1896 statuendum
2034 1834 2282 1895 Ecclesia
2302 1881 2317 1910 7
2346 1835 2455 1896 sed

314 1936 435 1995 solo
485 1936 690 1996 divino
736 1934 1038 2009 subsidi0‚
1085 1956 1160 1993 ne
1208 1955 1470 2015 unquam
1517 1932 1924 2016 deciperetur,
1973 1933 2171 2013 prouti
2207 1953 2272 1990 re
2317 1953 2454 1992 vera

314 2033 537 2092 factum
573 2043 680 2092 est.
726 2031 975 2091 Laborat
1009 2042 1321 2113 propterea
1379 2030 1689 2090 difficultas
1740 2029 1920 2104 falso,
1962 2040 2028 2087 ut
2069 2033 2270 2106 ajunt,
2309 2050 2453 2108 sup-

315 2130 506 2211 posito
549 2129 660 2210 (4).

387 2349 451 2412 (1)
490 2347 604 2396 Loc.
638 2349 719 2396 cit.
760 2333 974 2394 Notanda
1001 2363 1118 2404 vero
1138 2346 1217 2393 hic
1247 2355 1344 2405 est,

317 2433 367 2478 in
385 2429 435 2479 S.
456 2430 656 2479 Doctore
673 2431 943 2496 conjunctio
962 2431 1156 2477 istarum
1175 2446 1347 2478 vocum

315 2514 570 2562 canonicis
615 2520 662 2561 et
701 2511 1036 2560 ecclesiasticis
1053 2547 1070 2573 ,
1117 2528 1222 2578 quae
1265 2529 1348 2577 pro

314 2596 483 2643 eodem
503 2605 820 2660 usurpantur,
840 2612 972 2643 secus
987 2610 1043 2642 ac
1061 2594 1350 2680 contendant

320 2679 585 2725 adversarii.

390 2759 455 2823 (2)
491 2758 775 2807 Recolantur
817 2761 1026 2824 superius
1064 2758 1218 2820 dicta3
1258 2756 1346 2805 cfr.

319 2852 535 2908 praeterea
563 2840 812 2901 Callet-ier,
863 2859 942 2906 op.
976 2841 1053 2888 cit.
1089 2839 1229 2888 divis.
1260 2853 1314 2887 111
1335 2875 1347 2898 ‚

320 2936 432 2978 sect.
466 2924 515 2975 5.

391 3008 455 3073 (3)
494 3008 619 3056 Ibid.

389 3092 458 3155 (li)
497 3090 715 3156 Apposite
736 3091 795 3139 ad
822 3090 943 3138 hanc
967 3090 1116 3153 ipsam
1142 3084 1349 3134 difficul-

324 3184 467 3223 tatem
484 3173 795 3239 respondebat
808 3181 969 3221 auctor
985 3207 997 3230 ‚
1017 3180 1139 3219 certe
1156 3171 1350 3217 minime

323 3257 593 3306 adversariis
631 3262 901 3321 suspectus,
944 3254 1118 3304 scilicet
1156 3252 1347 3317 Dupin‚

325 3357 408 3405 op.
432 3342 512 3388 cit.
539 3339 629 3387 lib.
666 3356 713 3399 1,
745 3339 821 3389 ch.
857 3355 873 3385 1
895 3375 907 3399 ‚
937 3335 964 3403 §
991 3334 1025 3385 6
1056 3353 1069 3383 ε
1100 3333 1354 3402 Quoiqu’il

325 3442 386 3473 ne
403 3442 451 3472 se
463 3424 593 3489 fasse
609 3425 748 3489 point
776 3424 832 3470 de
861 3420 1075 3471 novacella
1092 3419 1352 3468 revelation

326 3510 358 3557 ὰ
398 3493 636 3572 I'quise,
680 3505 762 3554 elle
793 3513 915 3572 peut
958 3505 1097 3572 apres
1138 3503 1251 3551 bien
1287 3502 1354 3550 du

324 3602 479 3658 *temps
521 3592 618 3638 ecre
648 3588 762 3654 plus
795 3593 985 3636 assuree
1024 3587 1081 3635 de
1117 3585 1168 3633 vla
1208 3587 1353 3633 verite

328 3674 445 3722 d'un
470 3689 678 3737 ouvraqe
703 3671 871 3736 qu’elle
892 3688 952 3719 ne
975 3670 1128 3718 l'etait
1146 3687 1358 3735 anpara-

1428 2353 1571 2399 vam‚
1606 2343 1775 2409 quand
1793 2379 1805 2401 ‚
1844 2345 1982 2408 apres
2010 2342 2182 2391 l'avoir
2204 2342 2319 2390 bien
2338 2359 2453 2391 etca-

1429 2428 1588 2487 mine,
1625 2425 1709 2473 elle
1737 2442 1766 2472 a
1795 2429 1960 2473 trouve
1994 2442 2065 2473 un
2096 2425 2309 2490 leqitime
2339 2425 2452 2489 fon—

1429 2509 1618 2559 dament
1653 2509 1713 2557 de
1755 2509 1864 2557 n'en
1899 2508 2016 2574 plus
2049 2508 2250 2562 doum,
2280 2516 2325 2555 et
2360 2524 2456 2555 wne

1429 2591 1669 2639 tradition
1695 2591 1939 2656 snffisame
1967 2606 2096 2654 pour
2125 2588 2167 2636 le
2189 2593 2337 2655 juqer
2366 2607 2456 2637 au-

1427 2672 1689 2735 fhentique.
1713 2670 1843 2719 C'est
1861 2671 1908 2718 la
1923 2673 2092 2718 raison
2111 2689 2238 2736 pour
2257 2671 2457 2737 laquelle

1429 2755 1565 2801 saint
1588 2754 1784 2801 Jerome
1811 2753 1884 2799 dit
1909 2770 1999 2817 que
2025 2752 2212 2820 l’cpz‘tre
2241 2755 2298 2803 de
2322 2757 2457 2804 saint

1429 2836 1559 2885 Jude
1593 2838 1725 2884 avait
1771 2839 1941 2900 aequis
1986 2837 2042 2885 de
2082 2836 2325 2887 l'autorite
2357 2856 2458 2905 par

1428 2918 1702 2983 'I'antiquite
1732 2928 1777 2966 et
1809 2937 1905 2985 par
1944 2919 2155 2986 Ιάεαςε,
2201 2930 2247 2969 et
2290 2923 2455 2970 merite

1431 3003 1573 3051 d'etre
1601 3005 1721 3050 mise
1752 3021 1817 3050 au
1852 3021 1972 3069 ναοῖς
2003 3005 2082 3052 des
2119 3004 2266 3052 ’liores
2299 3008 2457 3052 sacres

1430 3087 1496 3134 du
1515 3086 1752 3134 Nouveau
1777 3086 2070 3135 Testament.
2085 3087 2237 3153 Atque
2252 3087 2334 3134 ‘hic
2353 3087 2430 3134 obi
2443 3114 2457 3122 ·

1426 3180 1500 3217 ter
1540 3169 1730 3218 observo
1756 3208 1768 3229 ‚
1819 3169 1858 3216 si
1904 3171 2106 3218 valerent
2147 3180 2417 3234 argumenta
2442 3207 2456 3231 ‚

1433 3253 1604 3320 quibus
1642 3261 1844 3300 utuntur
1874 3251 2141 3300 calviniani
2176 3262 2221 3300 et
2250 3251 2456 3300 Dombre

1430 3339 1554 3384 inter
1579 3337 1705 3400 ipsos
1736 3335 1792 3383 ad
1824 3331 2196 3399 impugnandam
2225 3337 2462 3382 canonici-

1436 3428 1574 3468 tatem
1622 3418 1847 3466 librorum
1891 3418 2456 3467 deutero-canonicorum

1435 3501 1538 3551 Vet.
1579 3501 1725 3562 Test„
1764 3501 1932 3549 debere
1965 3503 2134 3565 pariter
2176 3501 2360 3549 excludi
2397 3500 2455 3547 ab

1431 3586 1528 3635 'hoc
1558 3602 1700 3635 censu
1722 3585 2184 3634 deutero-canonicos
2201 3583 2320 3633 Novi
2341 3582 2455 3631 Tes-

1444 3672 1636 3718 tamenti
1651 3707 1663 3729 ‚
1698 3686 1815 3735 quos
1838 3678 1993 3718 tamen
2011 3671 2094 3734 ipsi
2121 3671 2188 3718 u'ti
2211 3667 2457 3717 canonicos
