2502 4134
298 193 458 235 mnr.
506 194 564 232 11.
612 193 761 231 sacr.
813 195 878 231 ιι.
929 192 1049 231 οη.
1095 195 1138 230 1.
1187 195 1255 231 nn
1297 194 1485 232 nuens.
1536 196 1602 231 Er
1645 194 1823 233 extsr.
1872 194 2038 233 rau).
2100 174 2220 233 245

118 337 369 417 allegatis
391 382 406 410 ‚
454 348 578 395 tum
617 337 737 395 Act.
782 337 854 394 Vl
876 381 890 408 .,
926 335 997 394 14
1018 381 1034 409 ,
1061 334 1248 397 Galat.
1275 338 1335 408 Ι,
1365 335 1469 409 14,
1512 346 1570 394 et
1591 335 1745 395 alibi.
1770 335 2062 395 Christum
2085 357 2226 417 prae-

116 444 273 491 terea
296 433 486 513 ipsum
511 443 570 490 et
605 431 900 512 Apostolos
923 429 1178 490 allusisse
1207 430 1520 511 aliquando
1547 430 1959 489 traditionibus
1987 431 2222 490 Judaeo-

118 549 247 585 rum
269 571 284 599 ,
330 525 594 608 pluribus
634 525 915 607 exemplis
937 571 952 599 .,
979 526 1062 583 uti
1096 524 1384 596 diximus,
1420 524 1676 583 ostendit
1709 524 2026 584 Richardus
2048 526 2229 584 Simo-

118 621 247 678 nius
286 620 398 701 (1).
447 621 596 678 Hinc
631 622 864 678 Grotius
894 640 1024 678 cum
1065 618 1347 698 Scaligero
1377 617 1628 676 affirmat
1662 640 1675 675 :
1708 621 1931 699 Siquis
1954 642 2010 679 se
2038 632 2230 699 speret

116 719 294 797 legem
320 718 505 775 Mosis
537 719 977 775 intellecturum
1008 720 1138 775 sine
1164 736 1267 794 ope
1300 715 1696 772 traditionum
1714 757 1734 786 ,
1761 737 1895 773 eum
1935 722 2227 796 impostu-

119 834 254 871 ram
276 815 475 889 facere
497 823 551 869 ot
580 813 704 869 sibi
726 823 779 869 et
805 813 945 869 aliis
967 810 1078 889 (2).

203 907 345 965 359.
402 906 484 964 Ad
502 906 613 978 2¹¹¹.
639 909 787 964 Dist.
817 906 881 964 ld
909 916 996 964 est
1016 950 1032 978 7
1065 914 1255 974 vetat,
1271 903 1582 985 quominus
1606 923 1764 963 sacer
1781 915 1972 965 textus
1992 906 2229 966 vitietur

120 1001 439 1084 quidquam
468 1000 738 1060 addendo
769 1012 868 1060 aut
905 998 1267 1059 detrahendo
1287 1044 1302 1072 a
1332 990 1517 1067 conca·
1550 999 1860 1080 quominus
1890 1001 2223 1060 custodian·-

120 1108 216 1155 tur
258 1095 632 1168 traditioneS‚
681 1116 823 1175 quas
850 1116 880 1152 a
912 1095 1032 1152 Deo
1067 1094 1195 1174 ipso
1237 1092 1436 1152 fideles
1490 1093 1817 1174 acceperint
1840 1138 1855 1167 ,
1902 1117 2025 1174 noy.
2059 1097 2225 1155 Vetat

119 1191 314 1271 itaque
340 1192 523 1249 Moses
546 1234 562 1263 „
599 1209 675 1247 ne
709 1187 913 1269 quavis
940 1187 1165 1245 ratione
1194 1185 1390 1248 divina
1415 1185 1507 1245 lex
1525 1230 1546 1258 ,
1578 1208 1750 1267 quam
1777 1186 2031 1248 Hebraeis
2050 1189 2230 1250 dede-

119 1295 246 1355 rat,
285 1283 359 1342 ab
400 1282 513 1340 illis
560 1302 818 1362 unquam
860 1281 1201 1353 vitiaretur3
1248 1279 1351 1339 sed
1392 1280 1687 1361 praecipit,
1730 1292 1798 1339 ut
1837 1303 2003 1356 eam,
2052 1296 2227 1363 prout

118 1388 455 1457 acceperant
476 1421 491 1449 .
521 1375 769 1435 fideliter
793 1375 1152 1434 custodirent
1178 1375 1587 1435 intemeratam
1611 1420 1626 1449 ,
1655 1387 1721 1434 ut
1752 1388 1916 1458 patet
1941 1398 2010 1436 ex
2033 1378 2224 1438 verbis

115 1472 447 1531 immediate
488 1470 944 1552 insequentibus,
976 1471 1124 1529 Cum
1152 1491 1290 1529 vero
1324 1472 1384 1528 in
1425 1470 1736 1552 hypothesi
1767 1471 2107 1532 traditiones
2124 1473 2213 1532 di-

115 1567 263 1626 vinae
289 1569 406 1624 sint
461 1567 652 1647 ipsum
702 1566 808 1625 Dei
863 1563 1144 1638 verbum,
1185 1563 1320 1624 licet
1364 1565 1589 1626 diversa
1621 1567 1851 1625 ratione
1902 1587 2080 1648 quam
2117 1589 2222 1648 per

118 1662 329 1743 scripta
351 1661 423 1719 ad
451 1683 556 1719 nos
585 1659 990 1719 transmissum
1016 1705 1032 1734 .,
1058 1659 1207 1719 nihil
1239 1682 1345 1742 per
1372 1661 1714 1721 traditiones
1746 1661 1934 1722 eidem
1960 1662 2226 1740 adjicitur

118 1756 222 1815 Dei
247 1755 425 1815 verbo
448 1801 464 1825 .
501 1756 603 1815 sed
629 1756 921 1835 integrum
946 1755 1139 1837 potius
1172 1755 1496 1814 custoditur
1516 1754 1627 1836 (3).
1657 1758 1777 1815 Nec
1806 1756 1951 1815 alius
1976 1768 2065 1816 est
2087 1779 2225 1817 sen-

120 1871 212 1910 sus
249 1849 458 1928 objecti
506 1850 616 1911 loci
664 1871 734 1908 ex
778 1849 1153 1932 Apocalypsi,
1195 1861 1260 1908 ut
1298 1850 1480 1932 liquet
1512 1871 1580 1910 ex
1625 1850 1816 1911 verbis
1861 1852 2018 1932 ipsiS.
2080 1853 2227 1933 Apo—

120 1943 299 2004 stolus
332 1956 525 2004 autem
547 1943 620 2003 ad
643 1944 873 2003 Galatas
898 1945 1208 2004 anathema
1223 1944 1365 2005 dicit
1379 1945 1464 2004 illi
1483 1991 1498 2021 a
1524 1946 1623 2027 qui
1648 1967 1742 2005 eos
1766 1946 1999 2006 doceret
2021 1957 2229 2006 contra

119 2059 217 2097 seu
266 2043 640 2099 contrarium
686 2038 905 2121 aliquid
938 2038 1011 2097 ab
1055 2062 1154 2114 e03
1204 2039 1360 2122 quod
1402 2041 1526 2122 ipse
1571 2061 1666 2099 eos
1705 2040 2014 2116 docuerat,
2054 2052 2229 2123 prout

120 2132 215 2191 vel
235 2133 359 2214 ipse
381 2136 619 2215 exponit
640 2133 1048 2193 Rosenmi'iller
1073 2134 1184 2215 (4).
1209 2137 1276 2193 In
1297 2135 1541 2215 epistola
1564 2157 1704 2196 vero
1728 2135 1802 2194 ad
1826 2136 2044 2195 Coloss,
2061 2141 2228 2215 juxta

122 2226 395 2285 eumdem
424 2229 806 2308 interpretem
840 2227 1054 2286 Paulus
1082 2250 1182 2287 eos
1224 2230 1604 2310 praemunivit
1632 2252 1662 2287 a
1690 2229 2018 2288 doctoribus
2036 2230 2231 2308 judai.-

124 2320 388 2380 zantibus
412 2366 428 2395 .,
475 2323 574 2403 qui
605 2322 803 2403 legum
847 2322 1144 2381 ritualium
1175 2335 1233 2381 et
1260 2323 1743 2382 consuetudinum
1781 2324 2231 2404 pharisaicarum

125 2414 539 2495 obligationem
561 2417 621 2474 in
640 2416 977 2496 religionem
995 2416 1372 2476 christianam
1395 2417 1671 2477 inducere
1688 2417 2103 2477 adnitebantur
2117 2418 2227 2499 (5).

191 2608 255 2672 (1)
274 2607 362 2673 Op.
379 2611 455 2658 cit.
466 2613 710 2674 praesertim
725 2610 860 2675 chap.
875 2628 951 2660 xx1
962 2620 1006 2660 et
1019 2628 1130 2661 xxn.

194 2690 258 2754 (2)
296 2690 364 2736 In
410 2691 732 2740 animadvers.
780 2693 943 2740 Riveti
959 2730 972 2754 ‚
1022 2710 1131 2758 opp.

134 2770 404 2836 Theoloqio.
447 2773 557 2821 edit.
602 2773 921 2822 Amstelaedam
972 2772 1099 2840 1679
1117 2812 1130 2835 ,

130 2861 243 2900 tom.
274 2870 325 2900 m
343 2888 358 2914 ‚
393 2871 498 2918 pag.
524 2851 643 2912 648.

199 2933 264 2999 (3)
291 2935 387 2984 Csr.
406 2934 589 2984 Calmet
605 2939 653 2984 iu
672 2936 798 2985 hunc
811 2937 898 2985 loc.
914 2940 994 3003 qui
1010 2937 1136 2986 hune

131 3025 301 3064 textum
342 3019 523 3082 exponit
557 3019 615 3066 de
648 3029 808 3067 exacta
846 3019 955 3084 legis
984 3019 1137 3068 obser-

133 3099 327 3146 vatione.
351 3097 561 3165 Idipsum
592 3103 729 3149 sentit
755 3099 958 3162 Grotius,
986 3104 1064 3167 qui
1086 3104 1135 3148 in

135 3175 316 3228 Annot.
351 3183 398 3228 in
429 3183 641 3231 eumdem
682 3183 773 3232 loc.
808 3182 963 3231 scribit
993 3200 1006 3231 ε
1033 3181 1137 3232 Hoc

137 3254 311 3306 dictum
351 3277 498 3327 neque
530 3264 871 3312 traditionibus
909 3266 1137 3330 scriptum

137 3339 578 3409 interpretantibus,
601 3363 748 3412 neque
771 3349 1023 3413 praeceptis
1046 3345 1136 3393 lm-

139 3423 297 3468 manis
311 3421 452 3488 leqem
464 3431 762 3495 sapientibus
776 3438 1027 3497 repuqnat.
1044 3429 1139 3477 Di-

139 3503 353 3552 minuere
378 3514 444 3553 est
466 3525 561 3557 non
583 3510 742 3575 facere
766 3512 891 3577 quod
902 3512 1137 3577 jubetur,-

138 3583 309 3632 addere
325 3622 338 3645 ‚
363 3585 503 3660 aliter
515 3595 855 3656 quamjassum
875 3593 1110 3658 estfacere
1119 3626 1135 3653 ,

139 3665 269 3729 infra
291 3682 367 3726 η,
389 3666 548 3718 32.1η
564 3670 762 3722 criticis
776 3677 947 3737 sacris,
966 3685 1076 3724 tom.
1090 3690 1139 3722 n.

1287 2613 1352 2675 (lt)
1387 2610 1457 2659 In
1484 2610 1630 2661 schol.
1667 2615 1716 2660 in
1752 2612 1879 2661 hunc
1910 2613 2000 2662 loc.
2037 2612 2109 2660 En
2137 2614 2235 2679 ejus

1218 2695 1376 2743 verba.
1406 2695 1514 2760 Haep'
1540 2690 1559 2743 ὲ
1588 2693 1674 2742 boo
1698 2692 1796 2742 loco
1826 2710 1926 2742 non
1949 2703 2045 2743 tam
2056 2702 2237 2760 praeter

1218 2776 1273 2824 id
1319 2776 1682 2840 (Evangelium)
1741 2794 1885 2841 quam
1933 2786 2098 2826 contra
2145 2777 2202 2825 id
2216 2811 2233 2837 ,

1219 2861 1514 2906 contrarium
1545 2860 1592 2906 ei
1600 2894 1618 2921 ,
1655 2858 1860 2907 hocloco
1884 2860 2154 2924 siynificat‚
2185 2866 2240 2906 ut

1224 2939 1358 2987 Rom.
1395 2956 1462 2987 ιιι
1483 2976 1497 2999 ,
1532 2940 1582 2988 3.

1288 3019 1354 3084 (5)
1392 3020 1463 3068 En
1485 3038 1665 3069 rursum
1693 3019 1794 3086 ejus
1825 3021 1960 3070 verba
1981 3037 1996 3070 ε
2015 3020 2126 3069 Hoc
2140 3019 2240 3069 loco

1223 3101 1471 3166 φιλοσοφία
1496 3110 1563 3150 est
1582 3102 1830 3168 profunda
1857 3103 2099 3169 sapientia
2115 3138 2134 3165 ,
2154 3119 2237 3150 ex-

1221 3185 1448 3248 qwisitior
1475 3187 1681 3232 scientia
1699 3221 1711 3244 ‚
1743 3185 1824 3232 sed
1850 3201 1974 3232 vana
1992 3193 2035 3233 et
2045 3183 2202 3249 fallax
2217 3220 2231 3247 7

1218 3266 1708 3332 qaoesalsoJ‘actatur.
1738 3263 2085 3331 Intelliquntur
2113 3284 2240 3315 orro-

1223 3364 1298 3396 res
1305 3349 1678 3414 judaizantium
1698 3348 1937 3397 doctorum
1954 3366 1973 3394 .·
2004 3346 2140 3398 xm}
2162 3345 2241 3404 τὺ

1226 3426 1700 3495 παράδοσιν-κριτήν.
1720 3432 1843 3495 Qwoe
1855 3432 2128 3479 continetur
2142 3438 2242 3478 tra-

1227 3511 1492 3560 ditionibus
1522 3512 1751 3560 bumanis
1767 3548 1784 3575 ,
1826 3521 1870 3560 et
1892 3514 2073 3578 primis
2099 3509 2238 3559 rudi-

1227 3595 1402 3642 mentis
1430 3592 1675 3658 reliqionis
1710 3610 1808 3642 non
1838 3593 2143 3648 christfflnae,
2173 3591 2248 3640 vel

1233 3674 1424 3725 Christo
1460 3676 1682 3741 diqnoe...
1725 3674 1946 3727 Doctores
1977 3673 2054 3723 illi
2069 3673 2243 3741 judai-
