2502 4134
273 114 394 173 296

895 127 1095 167 TnAc‘r.
1125 130 1194 167 ΒΕ
1238 130 1390 168 touls
1435 131 1807 187 THEOLOGIQIS.

275 288 537 362 ceptant.
586 279 654 336 In
684 274 866 357 priori
897 274 1054 333 enim
1082 294 1220 333 casu
1248 272 1643 336 ineluctabilis
1667 300 1905 361 prorsus
1934 291 2019 340 est
2056 302 2251 341 eorem
2276 304 2420 343 auc-

275 376 480 435 toritas
501 419 518 448 7
543 372 589 430 si
604 391 810 430 omnes
827 379 928 428 aut
940 369 1140 452 plures
1153 369 1326 429 etiam
1344 413 1362 444 7
1383 380 1482 428 aut
1493 372 1662 451 pauci
1676 374 2029 458 quandoque
2041 377 2415 452 conveniant,

275 470 502 553 quoties
549 466 747 548 plures
785 477 887 524 aut
920 466 1088 548 pauci
1131 465 1224 523 isti
1256 463 1518 525 Ecclesiae
1545 465 1884 547 suffragium
1909 493 2018 553 pro
2046 495 2108 533 se
2139 472 2420 534 obtinue-

272 567 394 626 rint
424 564 534 644 (l).
560 563 650 622 Sic
671 562 831 623 enim
861 561 1099 621 illorum
1124 562 1437 621 auctoritas
1452 562 1848 623 identificatur
1881 587 2017 626 cum
2041 569 2411 645 Traditione7

274 661 395 720 imo
433 670 492 719 et
543 679 679 718 cum
722 658 847 741 ipsa
894 657 1161 717 Ecclesiae
1208 658 1557 717 auctoritate
1595 657 1707 738 (2).
1745 662 1812 718 In
1858 663 2179 742 posteriore
2222 677 2420 726 autem

276 777 412 815 casu
430 800 447 831 7
508 776 627 836 quo
677 757 876 814 Patres
929 765 1215 835 tanquam
1262 752 1528 814 doctores
1575 758 1636 813 se
1674 768 1888 836 gerunt
1916 802 1932 830 7
1984 762 2421 822 venerationem

281 850 530 934 quidem
571 861 877 911 merentur
919 861 1157 909 tantum
1181 895 1198 924 7
1233 861 1515 931 quantam
1559 850 2015 935 uniuscujusque
2042 875 2244 914 eorum
2273 857 2424 916 anti-

279 948 472 1031 quitas
493 993 511 1022 7
565 945 832 1006 doctrina
868 967 934 1005 ac
968 945 1244 1004 sanctitas
1272 947 1569 1027 exposcit-3
1617 947 1749 1006 talis
1783 948 2167 1009 nihilominus
2195 973 2315 1010 non
2337 962 2426 1012 est

277 1042 516 1106 illorum
555 1042 867 1102 auctoritas
888 1087 903 1116 7
930 1053 995 1100 ut
1015 1087 1030 1117 7
1064 1042 1110 1100 si
1137 1063 1339 1121 graves
1363 1043 1687 1124 praesertim
1721 1044 1975 1104 rationes
2003 1045 2066 1104 id
2089 1046 2423 1128 postulent:7

284 1139 586 1223 piaculum
618 1138 693 1198 sit
715 1185 732 1215 7
773 1137 973 1198 debita
1004 1159 1237 1220 semper
1265 1159 1398 1197 cum
1434 1141 1765 1201 reverentia
1790 1186 1806 1216 7
1845 1140 1919 1199 ab
1958 1163 2163 1203 eorum
2199 1143 2427 1227 placitis

282 1235 582 1298 discedere
611 1235 725 1320 (3).
768 1237 919 1295 Sane
949 1233 1107 1295 haud
1140 1255 1339 1317 paucae
1370 1234 1755 1297 offenduntur
1790 1238 1852 1296 in
1891 1240 2132 1300 Patrum
2162 1240 2424 1323 scriptiS,

354 1484 425 1551 (1)
461 1483 597 1534 Tales
611 1486 844 1551 praecipue
860 1496 967 1533 sunt
983 1523 995 1543 ‚
1021 1501 1139 1551 quos
1154 1485 1314 1534 divina

284 1568 575 1634 providentia
608 1567 863 1617 identidem
897 1570 1111 1617 excitavit
1155 1569 1323 1617 adver-

284 1668 361 1700 sus
379 1650 634 1717 peculiares
645 1651 902 1712 haereticos,
919 1667 998 1699 ex.
1017 1668 1087 1715 gr.
1108 1650 1161 1699 S.
1174 1650 1318 1699 Atha—

287 1736 446 1782 nasius
461 1734 676 1801 adversus
685 1734 850 1782 Arium
863 1770 877 1795 7
893 1732 945 1782 S.
964 1732 1170 1799 Cyrillus
1185 1732 1318 1783 Alex.

290 1816 510 1865 adversus
540 1814 810 1866 Nestorium
828 1853 840 1875 ‚
869 1815 915 1864 S.
937 1815 1030 1864 Leo
1059 1815 1131 1864 M.
1160 1815 1323 1865 adver-

291 1917 371 1948 sus
401 1898 644 1966 Eutychen
662 1937 676 1960 ,
711 1897 760 1948 S.
783 1899 1072 1965 Epiphanius
1106 1899 1324 1948 adversus

290 1981 511 2044 Aeriam,
544 1982 598 2033 S.
631 1981 921 2049 Augustinus
946 1983 1164 2032 adversus
1195 1982 1327 2032 Pela-

291 2069 422 2132 gium
441 2102 457 2126 ,
486 2076 532 2114 et
556 2068 621 2115 ita
652 2083 811 2132 porro.

362 2148 437 2214 (2)
471 2147 575 2215 Quo
598 2167 739 2198 sensu
757 2151 920 2216 quinta
945 2148 1193 2215 Synodus,
1227 2148 1327 2198 col-

292 2228 382 2281 lat.
405 2242 458 2280 111
474 2269 487 2294 ,
521 2250 602 2281 seu
634 2242 688 2280 ut
705 2233 857 2297 placet
885 2231 1152 2291 Genmdio,
1172 2230 1327 2297 Syno-

295 2314 385 2363 dus
410 2331 457 2362 vl
480 2349 495 2373 ‚
529 2313 775 2363 constituit
794 2331 808 2363 :
827 2313 897 2361 In
915 2313 1142 2362 erunibus
1168 2315 1331 2378 sequi-

298 2413 414 2446 mur
436 2405 480 2445 et
500 2406 692 2446 sanctos
712 2414 773 2450 ac
791 2397 1001 2446 doctores
1023 2395 1224 2446 Sanctos
1238 2395 1335 2446 Dei

297 2479 601 2530 Ecclesiae...
644 2490 689 2528 et
725 2483 893 2530 onmia
910 2517 923 2537 ‚
964 2497 1069 2545 quoe
1094 2479 1169 2528 'ab
1209 2482 1334 2545 ipsis

296 2565 481 2630 scripta
512 2572 632 2613 sunt
660 2564 718 2613 de
749 2573 879 2612 recta
906 2564 1034 2628 fide,
1064 2571 1108 2610 et
1133 2563 1200 2611 ad
1228 2562 1332 2613 12oe-

297 2648 556 2695 reticorum
608 2646 1058 2695 condemnationem
1116 2646 1335 2695 admitti-

299 2745 428 2777 mus.
451 2728 587 2794 Apud
618 2728 842 2779 Gennad.
871 2747 971 2795 pag.
1005 2730 1123 2795 31‘7.
1145 2729 1263 2778 Item
1285 2731 1335 2777 in

300 2811 490 2878 Synodo
511 2829 578 2861 vn
596 2850 610 2872 ,
641 2814 731 2862 hoc
759 2813 998 2862 decretum
1033 2812 1209 2860 editum
1228 2821 1331 2860 est:

302 2894 435 2955 His,
466 2897 556 2959 qui
581 2896 816 2958 rejiciunt
833 2902 1110 2946 sanctorum
1128 2889 1335 2942 Puerum

302 2994 468 3038 voces,
504 2995 613 3044 quoe
644 2978 711 3026 ad
739 2978 1155 3043 confirmationem
1186 2984 1334 3025 recto-

304 3076 417 3108 rum
437 3059 717 3125 cloqmatum
730 3059 782 3108 E
782 3059 968 3131 cele-sice
993 3057 1092 3109 Dei
1109 3075 1335 3126 pronun-

303 3144 443 3190 ciatoe
463 3153 606 3206 sunt,
640 3144 949 3206 Athanasii,
987 3141 1186 3208 Cyrilli,
1209 3142 1336 3190 Am-

304 3223 516 3273 brosii...
537 3224 588 3274 A
593 3228 819 3290 uqustim'
836 3243 893 3274 ac
911 3235 1178 3274 ceterorum
1187 3242 1210 3287 ,ς
1231 3231 1336 3273 tum

305 3314 414 3359 acta
424 3303 736 3371 Synodorum
752 3310 1176 3368 oecumenicarum,
1188 3324 1337 3371 quar-

307 3395 397 3446 toe,
425 3391 654 3453 inquam,
681 3401 728 3437 et
746 3400 892 3440 sextoe
920 3408 1020 3440 non
1041 3389 1338 3456 amplectun-

307 3479 422 3532 tur,·
443 3470 612 3520 anath.
636 3473 718 3522 sit.
741 3473 865 3522 Ibid.
890 3492 998 3539 pag.
1023 3473 1120 3536 317
1144 3510 1157 3534 ,
1190 3471 1334 3522 Graec.

310 3552 454 3603 Conc.
485 3553 521 3602 F
524 3554 610 3603 lor.
634 3553 755 3603 Hinc
781 3554 986 3621 Cyrillus
1011 3557 1148 3606 Alex·
1168 3558 1219 3604 in
1233 3555 1339 3604 De-

300 3635 432 3699 fens.
462 3637 828 3686 anathematismi
856 3640 971 3698 vm,
993 3638 1223 3699 affirmat,
1252 3638 1337 3689 Pa-

1405 1495 1494 1536 tres
1540 1486 1815 1537 luminaria
1849 1488 2038 1554 fuisse,
2080 1490 2276 1538 verbum
2315 1491 2429 1540 vitoe

1403 1571 1698 1619 continentes
1713 1607 1730 1634 ,
1757 1582 1800 1620 et
1831 1572 1883 1620 in
1906 1571 2068 1640 Epist.
2096 1588 2112 1622 ι
2137 1573 2206 1623 ad
2228 1571 2430 1625 Succes-

1403 1668 1513 1699 sum
1528 1689 1545 1714 ,
1578 1654 1636 1701 de
1666 1654 2002 1704 incarnationis
2025 1656 2238 1723 dogmate
2263 1673 2316 1705 ac
2335 1657 2430 1706 fide

1405 1732 1561 1782 doctos
1590 1751 1709 1793 nos,
1743 1740 1839 1795 ait,
1871 1754 1902 1786 a
1937 1738 2108 1787 divina
2137 1736 2426 1805 Scriptura,

1406 1827 1452 1866 et
1482 1819 1666 1866 sanctis
1702 1817 1970 1877 Patribus,
2009 1829 2056 1870 et
2090 1823 2142 1869 in
2176 1821 2271 1870 fine
2303 1823 2431 1887 ejus·

1407 1900 1515 1950 dem
1543 1902 1744 1967 epistolas
1767 1919 1782 1951 :
1809 1902 2094 1968 Sequentes,
2116 1904 2276 1972 inquit
2291 1941 2305 1965 7
2322 1904 2434 1954 ubi-

1407 2000 1501 2050 que
1525 1983 1788 2034 orthodoxa
1814 1995 2090 2034 sanctorum
2115 1987 2327 2034 Patrum
2352 1986 2434 2034 de-

1409 2075 1558 2124 creta,
1591 2075 1756 2115 contra
1771 2065 1991 2118 Nestorii
2016 2068 2237 2134 doqmata
2256 2067 2436 2117 librum

1409 2150 1806 2216 conscripsimus.
1849 2149 2074 2216 Quocirca
2114 2147 2166 2200 S.
2207 2149 2439 2198 Martinus

1412 2249 1532 2296 papa
1560 2231 1612 2291 Ι,
1643 2235 1694 2280 in
1732 2232 1947 2281 Lateran.
1979 2233 2190 2283 Concilio
2210 2267 2226 2292 ‚
2258 2233 2439 2281 dictum

1413 2314 1532 2362 illud
1564 2317 1729 2363 merito
1766 2316 1992 2381 approbat
2018 2315 2215 2374 Victoris
2239 2314 2438 2363 Cartba-

1415 2398 1634 2462 giniensis
1656 2434 1669 2457 ‚
1703 2415 1796 2464 quo
1824 2397 2098 2447 hortabatur
2120 2415 2134 2447 ε
2162 2396 2313 2446 Nihil
2321 2413 2441 2465 per-

1416 2480 1601 2526 mittere
1627 2478 1732 2527 dici
1753 2481 1942 2528 noviter
1967 2497 1998 2528 a
2023 2480 2287 2546 quopiam,
2314 2479 2443 2545 quod

1418 2569 1695 2610 sanctorum
1743 2558 1953 2610 Patrum
1997 2562 2197 2611 traditio
2238 2563 2444 2611 minime

1416 2644 1657 2710 definivit.
1679 2645 1781 2695 Cfr.
1811 2647 1968 2697 Petav.
1985 2647 2074 2696 loc.
2093 2650 2174 2697 cit.
2189 2646 2287 2696 Cfr.
2301 2649 2442 2696 etiam

1417 2728 1593 2778 Natalis
1625 2729 1937 2794 Argonensis7
1972 2747 2052 2795 op.
2092 2733 2173 2780 cit.
2221 2740 2344 2796 part.
2383 2746 2400 2778 ι
2420 2765 2437 2788 ,

1417 2828 1553 2877 capp.
1587 2808 1621 2874 4
1645 2822 1690 2860 et
1717 2827 1851 2878 seqq.

1487 2893 1551 2957 (3)
1569 2893 1676 2942 Huc
1689 2894 1974 2955 referuntur,
1992 2911 2092 2960 quae
2109 2895 2278 2959 passim
2291 2889 2440 2940 S.Au-

1416 2979 1628 3043 gustinus
1679 2978 1930 3041 prudenter
1983 2976 2185 3024 inculcat
2207 3011 2222 3035 ‚
2281 2983 2336 3022 ut
2386 2975 2438 3022 in

1418 3058 1586 3126 Epist.
1628 3075 1791 3107 cxnvm
1817 3096 1829 3118 ‚
1877 3058 1943 3106 ad
1980 3057 2401 3106 Fortunatianum
2418 3090 2437 3113 ,

1418 3161 1470 3192 n.
1508 3139 1567 3191 15
1586 3178 1598 3201 ‚
1636 3140 1718 3189 ubi
1746 3141 1906 3189 scribit
1930 3156 1943 3191 :
1969 3138 2135 3205 Neque
2165 3139 2299 3187 enim
2325 3154 2442 3204 quo-

1420 3223 1645 3274 rumlihet
1682 3222 2061 3291 disputationes,
2102 3223 2325 3287 quamvis
2359 3237 2441 3271 ca-

1418 3307 1702 3358 tholicorum
1735 3314 1779 3354 et
1808 3305 2113 3354 laudatorum
2146 3305 2431 3364 hominum,

1420 3390 1550 3441 velut
1567 3387 1850 3456 Scripturas
1872 3389 2132 3436 canonicas
2160 3387 2332 3436 habere
2361 3386 2440 3434 de-

1419 3473 1582 3522 bemus
1601 3506 1618 3534 ,
1667 3479 1724 3520 ut
1766 3471 1904 3519 nobis
1946 3487 2043 3520 non
2086 3469 2256 3531 liceat,
2303 3467 2439 3517 salva

1419 3555 1816 3620 honorificentia,
1851 3571 1958 3619 quoe
1992 3553 2091 3601 illis
2127 3553 2323 3602 debetur
2355 3550 2439 3599 ho·

1419 3637 1665 3698 minibus,
1718 3636 1910 3702 aliquid
1947 3639 2003 3685 in
2039 3651 2204 3686 eorum
2243 3634 2438 3700 scriptis
