<?xml version="1.0" encoding="UTF-8"?>
<!DOCTYPE html PUBLIC "-//W3C//DTD XHTML 1.0 Transitional//EN"
    "http://www.w3.org/TR/xhtml1/DTD/xhtml1-transitional.dtd">
<html xmlns="http://www.w3.org/1999/xhtml" xml:lang="en" lang="en">
 <head>
  <title>
</title>
<meta http-equiv="Content-Type" content="text/html;charset=utf-8" />
  <meta name='ocr-system' content='tesseract 3.04.00' />
  <meta name='ocr-capabilities' content='ocr_page ocr_carea ocr_par ocr_line ocrx_word'/>
</head>
<body>
  <div class='ocr_page' id='page_1' title='image "a603693809perruoft_0153.png"; bbox 0 0 2502 4134; ppageno 0'>
   <div class='ocr_carea' id='block_1_1' title="bbox 425 158 2177 223">
    <p class='ocr_par' dir='ltr' id='par_1_1' title="bbox 425 158 2177 223">
     <span class='ocr_line' id='line_1_1' title="bbox 425 158 2177 223; baseline 0.001 -8"><span class='ocrx_word' id='word_1_1' title='bbox 425 174 585 216; x_wconf 71' lang='lat' dir='ltr'>PAR-1⁸.</span> <span class='ocrx_word' id='word_1_2' title='bbox 620 175 691 223; x_wconf 66' lang='grc' dir='ltr'>ιι.</span> <span class='ocrx_word' id='word_1_3' title='bbox 739 175 868 216; x_wconf 70' lang='lat' dir='ltr'>cn.</span> <span class='ocrx_word' id='word_1_4' title='bbox 913 176 1000 217; x_wconf 85' lang='lat'>111.</span> <span class='ocrx_word' id='word_1_5' title='bbox 1048 177 1117 216; x_wconf 71' lang='lat' dir='ltr'>nn</span> <span class='ocrx_word' id='word_1_6' title='bbox 1152 175 1310 218; x_wconf 75' lang='lat' dir='ltr'>sAcn.</span> <span class='ocrx_word' id='word_1_7' title='bbox 1358 175 1644 218; x_wconf 75' lang='lat' dir='ltr'>scam-un.</span> <span class='ocrx_word' id='word_1_8' title='bbox 1693 178 1880 217; x_wconf 65' lang='lat' dir='ltr'>ntum.</span> <span class='ocrx_word' id='word_1_9' title='bbox 2061 158 2177 218; x_wconf 78' lang='lat'>145</span> 
     </span>
    </p>
   </div>
   <div class='ocr_carea' id='block_1_2' title="bbox 50 316 2230 3055">
    <p class='ocr_par' dir='ltr' id='par_1_2' title="bbox 62 316 2183 947">
     <span class='ocr_line' id='line_1_2' title="bbox 65 316 2174 403; baseline 0.002 -25"><span class='ocrx_word' id='word_1_10' title='bbox 65 318 392 378; x_wconf 86' lang='lat' dir='ltr'>sensionem</span> <span class='ocrx_word' id='word_1_11' title='bbox 430 316 539 401; x_wconf 85' lang='grc' dir='ltr'>(Ι).</span> <span class='ocrx_word' id='word_1_12' title='bbox 579 318 804 401; x_wconf 87' lang='lat' dir='ltr'>Exinde</span> <span class='ocrx_word' id='word_1_13' title='bbox 842 340 1111 381; x_wconf 89' lang='lat' dir='ltr'>eruemus</span> <span class='ocrx_word' id='word_1_14' title='bbox 1152 319 1478 382; x_wconf 85' lang='lat' dir='ltr'><strong>essentialia</strong></span> <span class='ocrx_word' id='word_1_15' title='bbox 1501 321 1870 396; x_wconf 74' lang='lat' dir='ltr'>discrimina,</span> <span class='ocrx_word' id='word_1_16' title='bbox 1901 341 2032 403; x_wconf 82' lang='lat' dir='ltr'>quae</span> <span class='ocrx_word' id='word_1_17' title='bbox 2065 344 2174 383; x_wconf 81' lang='lat' dir='ltr'>ne-</span> 
     </span>
     <span class='ocr_line' id='line_1_3' title="bbox 64 413 2178 494; baseline 0.002 -22"><span class='ocrx_word' id='word_1_18' title='bbox 64 416 304 494; x_wconf 78' lang='lat' dir='ltr'>cessario</span> <span class='ocrx_word' id='word_1_19' title='bbox 328 413 625 494; x_wconf 83' lang='lat' dir='ltr'>interponi</span> <span class='ocrx_word' id='word_1_20' title='bbox 654 413 873 473; x_wconf 89' lang='lat' dir='ltr'>debent</span> <span class='ocrx_word' id='word_1_21' title='bbox 894 459 912 486; x_wconf 76' lang='grc'><em>,</em></span> <span class='ocrx_word' id='word_1_22' title='bbox 941 416 1094 474; x_wconf 89' lang='lat' dir='ltr'>inter</span> <span class='ocrx_word' id='word_1_23' title='bbox 1114 417 1374 476; x_wconf 77' lang='lat' dir='ltr'>criticam</span> <span class='ocrx_word' id='word_1_24' title='bbox 1393 463 1409 493; x_wconf 77' lang='grc'><em>,</em></span> <span class='ocrx_word' id='word_1_25' title='bbox 1434 416 1930 476; x_wconf 89' lang='lat' dir='ltr'>hermeneuticam</span> <span class='ocrx_word' id='word_1_26' title='bbox 1955 427 2015 475; x_wconf 88' lang='lat' dir='ltr'>et</span> <span class='ocrx_word' id='word_1_27' title='bbox 2038 437 2178 476; x_wconf 84' lang='lat' dir='ltr'>exe·</span> 
     </span>
     <span class='ocr_line' id='line_1_4' title="bbox 62 507 2178 592; baseline 0.003 -27"><span class='ocrx_word' id='word_1_28' title='bbox 62 508 303 587; x_wconf 80' lang='lat' dir='ltr'>geticam</span> <span class='ocrx_word' id='word_1_29' title='bbox 333 507 606 567; x_wconf 83' lang='lat' dir='ltr'>biblicam</span> <span class='ocrx_word' id='word_1_30' title='bbox 630 509 971 569; x_wconf 77' lang='lat' dir='ltr'>catholicam</span> <span class='ocrx_word' id='word_1_31' title='bbox 1006 522 1067 570; x_wconf 91' lang='lat' dir='ltr'>et</span> <span class='ocrx_word' id='word_1_32' title='bbox 1100 522 1548 592; x_wconf 83' lang='lat' dir='ltr'>protestantem.</span> <span class='ocrx_word' id='word_1_33' title='bbox 1583 514 1832 571; x_wconf 90' lang='lat' dir='ltr'>Demum</span> <span class='ocrx_word' id='word_1_34' title='bbox 1864 512 2178 571; x_wconf 86' lang='lat' dir='ltr'>nonnullas</span> 
     </span>
     <span class='ocr_line' id='line_1_5' title="bbox 64 601 2178 686; baseline 0.002 -25"><span class='ocrx_word' id='word_1_35' title='bbox 64 601 518 683; x_wconf 83' lang='lat' dir='ltr'>complectemur</span> <span class='ocrx_word' id='word_1_36' title='bbox 570 603 826 683; x_wconf 77' lang='lat' dir='ltr'>regulae,</span> <span class='ocrx_word' id='word_1_37' title='bbox 871 604 1081 686; x_wconf 87' lang='lat' dir='ltr'>quibus</span> <span class='ocrx_word' id='word_1_38' title='bbox 1133 627 1256 665; x_wconf 91' lang='lat' dir='ltr'>sese</span> <span class='ocrx_word' id='word_1_39' title='bbox 1310 617 1486 685; x_wconf 74' lang='lat' dir='ltr'>regat,</span> <span class='ocrx_word' id='word_1_40' title='bbox 1518 604 1834 664; x_wconf 82' lang='lat' dir='ltr'>catholicus</span> <span class='ocrx_word' id='word_1_41' title='bbox 1879 605 2178 686; x_wconf 81' lang='lat' dir='ltr'>theologus</span> 
     </span>
     <span class='ocr_line' id='line_1_6' title="bbox 62 699 2183 780; baseline 0.003 -25"><span class='ocrx_word' id='word_1_42' title='bbox 62 718 292 757; x_wconf 80' lang='lat' dir='ltr'>necesse</span> <span class='ocrx_word' id='word_1_43' title='bbox 328 709 450 772; x_wconf 69' lang='lat' dir='ltr'>est,</span> <span class='ocrx_word' id='word_1_44' title='bbox 487 700 533 756; x_wconf 87' lang='lat' dir='ltr'>si</span> <span class='ocrx_word' id='word_1_45' title='bbox 568 699 808 780; x_wconf 83' lang='lat' dir='ltr'>quidem</span> <span class='ocrx_word' id='word_1_46' title='bbox 838 722 870 758; x_wconf 85' lang='lat' dir='ltr'>a</span> <span class='ocrx_word' id='word_1_47' title='bbox 907 701 1129 763; x_wconf 85' lang='lat' dir='ltr'>sincera</span> <span class='ocrx_word' id='word_1_48' title='bbox 1169 701 1448 771; x_wconf 80' lang='lat' dir='ltr'>catholica</span> <span class='ocrx_word' id='word_1_49' title='bbox 1488 721 1692 758; x_wconf 86' lang='lat' dir='ltr'>norma</span> <span class='ocrx_word' id='word_1_50' title='bbox 1729 700 1790 757; x_wconf 90' lang='lat' dir='ltr'>in</span> <span class='ocrx_word' id='word_1_51' title='bbox 1824 703 2183 780; x_wconf 82' lang='lat' dir='ltr'>expositione</span> 
     </span>
     <span class='ocr_line' id='line_1_7' title="bbox 63 787 2179 875; baseline 0.002 -23"><span class='ocrx_word' id='word_1_52' title='bbox 63 802 123 852; x_wconf 87' lang='lat' dir='ltr'>et</span> <span class='ocrx_word' id='word_1_53' title='bbox 164 793 647 874; x_wconf 85' lang='lat' dir='ltr'>interpretatione</span> <span class='ocrx_word' id='word_1_54' title='bbox 674 815 785 853; x_wconf 89' lang='lat' dir='ltr'>sac.</span> <span class='ocrx_word' id='word_1_55' title='bbox 822 787 1134 875; x_wconf 83' lang='lat' dir='ltr'>Scripturae</span> <span class='ocrx_word' id='word_1_56' title='bbox 1171 818 1306 855; x_wconf 87' lang='lat' dir='ltr'>cum</span> <span class='ocrx_word' id='word_1_57' title='bbox 1338 817 1443 854; x_wconf 92' lang='lat' dir='ltr'>suo</span> <span class='ocrx_word' id='word_1_58' title='bbox 1477 805 1933 874; x_wconf 83' lang='lat' dir='ltr'>caeterorumque</span> <span class='ocrx_word' id='word_1_59' title='bbox 1961 795 2179 857; x_wconf 89' lang='lat' dir='ltr'>damno</span> 
     </span>
     <span class='ocr_line' id='line_1_8' title="bbox 63 887 1498 947; baseline 0.001 -2"><span class='ocrx_word' id='word_1_60' title='bbox 63 887 210 946; x_wconf 91' lang='lat' dir='ltr'>nolit</span> <span class='ocrx_word' id='word_1_61' title='bbox 236 888 569 947; x_wconf 85' lang='lat' dir='ltr'>desciscere.</span> <span class='ocrx_word' id='word_1_62' title='bbox 1496 945 1498 947; x_wconf 73' lang='grc'><strong>,</strong></span> 
     </span>
    </p>

    <p class='ocr_par' dir='ltr' id='par_1_3' title="bbox 50 982 2230 3055">
     <span class='ocr_line' id='line_1_9' title="bbox 143 982 2186 1066; baseline 0.004 -26"><span class='ocrx_word' id='word_1_63' title='bbox 143 982 284 1040; x_wconf 75' lang='grc'><strong>224.</strong></span> <span class='ocrx_word' id='word_1_64' title='bbox 337 985 381 1042; x_wconf 94' lang='grc' dir='ltr'>Ι.</span> <span class='ocrx_word' id='word_1_65' title='bbox 413 984 491 1041; x_wconf 86' lang='lat' dir='ltr'>Ac</span> <span class='ocrx_word' id='word_1_66' title='bbox 513 983 706 1065; x_wconf 91' lang='lat' dir='ltr'>primo</span> <span class='ocrx_word' id='word_1_67' title='bbox 728 983 968 1064; x_wconf 84' lang='lat' dir='ltr'>quidem</span> <span class='ocrx_word' id='word_1_68' title='bbox 989 1029 1008 1058; x_wconf 71' lang='grc'><em>,</em></span> <span class='ocrx_word' id='word_1_69' title='bbox 1031 1007 1209 1066; x_wconf 90' lang='lat' dir='ltr'>quam</span> <span class='ocrx_word' id='word_1_70' title='bbox 1237 986 1448 1062; x_wconf 87' lang='lat' dir='ltr'>injusta</span> <span class='ocrx_word' id='word_1_71' title='bbox 1488 984 1565 1042; x_wconf 91' lang='lat' dir='ltr'>sit</span> <span class='ocrx_word' id='word_1_72' title='bbox 1589 984 1873 1043; x_wconf 83' lang='lat' dir='ltr'>accusatio</span> <span class='ocrx_word' id='word_1_73' title='bbox 1900 985 1963 1043; x_wconf 90' lang='lat' dir='ltr'>in</span> <span class='ocrx_word' id='word_1_74' title='bbox 1987 986 2186 1049; x_wconf 86' lang='lat' dir='ltr'>Eccle-</span> 
     </span>
     <span class='ocr_line' id='line_1_10' title="bbox 63 1076 2181 1159; baseline 0.004 -24"><span class='ocrx_word' id='word_1_75' title='bbox 63 1078 208 1135; x_wconf 90' lang='lat' dir='ltr'>siam</span> <span class='ocrx_word' id='word_1_76' title='bbox 253 1076 594 1136; x_wconf 85' lang='lat' dir='ltr'>catholicam</span> <span class='ocrx_word' id='word_1_77' title='bbox 637 1099 743 1158; x_wconf 93' lang='lat' dir='ltr'>per</span> <span class='ocrx_word' id='word_1_78' title='bbox 769 1079 1161 1146; x_wconf 77' lang='lat' dir='ltr'>protestantes</span> <span class='ocrx_word' id='word_1_79' title='bbox 1188 1078 1444 1151; x_wconf 73' lang='lat' dir='ltr'>intorta7</span> <span class='ocrx_word' id='word_1_80' title='bbox 1484 1076 1649 1135; x_wconf 90' lang='lat' dir='ltr'>illam</span> <span class='ocrx_word' id='word_1_81' title='bbox 1668 1077 1988 1159; x_wconf 11' lang='lat' dir='ltr'>*Nvidelicet7</span> <span class='ocrx_word' id='word_1_82' title='bbox 2033 1083 2181 1143; x_wconf 89' lang='lat' dir='ltr'>dum</span> 
     </span>
     <span class='ocr_line' id='line_1_11' title="bbox 64 1170 2187 1244; baseline -0.002 -14"><span class='ocrx_word' id='word_1_83' title='bbox 64 1172 179 1230; x_wconf 86' lang='lat' dir='ltr'>tale</span> <span class='ocrx_word' id='word_1_84' title='bbox 210 1173 401 1231; x_wconf 82' lang='lat' dir='ltr'>sanxit</span> <span class='ocrx_word' id='word_1_85' title='bbox 444 1171 778 1243; x_wconf 71' lang='lat' dir='ltr'>decretum,</span> <span class='ocrx_word' id='word_1_86' title='bbox 825 1170 1153 1228; x_wconf 89' lang='lat' dir='ltr'>studiorum</span> <span class='ocrx_word' id='word_1_87' title='bbox 1198 1170 1550 1230; x_wconf 87' lang='lat' dir='ltr'>biblicorum</span> <span class='ocrx_word' id='word_1_88' title='bbox 1590 1171 1965 1244; x_wconf 85' lang='lat' dir='ltr'>incrementis</span> <span class='ocrx_word' id='word_1_89' title='bbox 2002 1176 2187 1237; x_wconf 73' lang='lat' dir='ltr'>detri-</span> 
     </span>
     <span class='ocr_line' id='line_1_12' title="bbox 64 1266 2190 1348; baseline 0.002 -23"><span class='ocrx_word' id='word_1_90' title='bbox 64 1279 331 1325; x_wconf 88' lang='lat' dir='ltr'>mentum</span> <span class='ocrx_word' id='word_1_91' title='bbox 366 1267 610 1348; x_wconf 71' lang='lat' dir='ltr'>inferre,</span> <span class='ocrx_word' id='word_1_92' title='bbox 646 1276 809 1346; x_wconf 82' lang='lat' dir='ltr'>patet</span> <span class='ocrx_word' id='word_1_93' title='bbox 842 1286 915 1323; x_wconf 83' lang='lat' dir='ltr'>ex</span> <span class='ocrx_word' id='word_1_94' title='bbox 946 1286 1014 1324; x_wconf 93' lang='lat' dir='ltr'>eo</span> <span class='ocrx_word' id='word_1_95' title='bbox 1032 1276 1050 1338; x_wconf 62' lang='lat'>3</span> <span class='ocrx_word' id='word_1_96' title='bbox 1079 1266 1238 1346; x_wconf 89' lang='lat' dir='ltr'>quod</span> <span class='ocrx_word' id='word_1_97' title='bbox 1281 1267 1403 1347; x_wconf 86' lang='lat' dir='ltr'>ipsa</span> <span class='ocrx_word' id='word_1_98' title='bbox 1439 1289 1563 1324; x_wconf 90' lang='lat' dir='ltr'>non</span> <span class='ocrx_word' id='word_1_99' title='bbox 1594 1278 1817 1325; x_wconf 87' lang='lat' dir='ltr'>rectum</span> <span class='ocrx_word' id='word_1_100' title='bbox 1850 1290 2018 1327; x_wconf 90' lang='lat' dir='ltr'>usum</span> <span class='ocrx_word' id='word_1_101' title='bbox 2038 1316 2053 1342; x_wconf 78' lang='grc'><em>,</em></span> <span class='ocrx_word' id='word_1_102' title='bbox 2085 1272 2190 1333; x_wconf 91' lang='lat' dir='ltr'>sed</span> 
     </span>
     <span class='ocr_line' id='line_1_13' title="bbox 62 1360 2188 1444; baseline 0.003 -25"><span class='ocrx_word' id='word_1_103' title='bbox 62 1361 308 1419; x_wconf 87' lang='lat' dir='ltr'>abusum</span> <span class='ocrx_word' id='word_1_104' title='bbox 335 1361 642 1420; x_wconf 82' lang='lat' dir='ltr'>dumtaxat</span> <span class='ocrx_word' id='word_1_105' title='bbox 677 1361 1179 1441; x_wconf 85' lang='lat' dir='ltr'>interpretationis</span> <span class='ocrx_word' id='word_1_106' title='bbox 1206 1361 1440 1420; x_wconf 91' lang='lat' dir='ltr'>decreto</span> <span class='ocrx_word' id='word_1_107' title='bbox 1472 1360 1575 1419; x_wconf 92' lang='lat' dir='ltr'>illo</span> <span class='ocrx_word' id='word_1_108' title='bbox 1603 1382 1866 1421; x_wconf 90' lang='lat' dir='ltr'>coercere</span> <span class='ocrx_word' id='word_1_109' title='bbox 1895 1364 2188 1444; x_wconf 88' lang='lat' dir='ltr'>sapienter</span> 
     </span>
     <span class='ocr_line' id='line_1_14' title="bbox 66 1454 2192 1538; baseline 0.003 -25"><span class='ocrx_word' id='word_1_110' title='bbox 66 1454 356 1513; x_wconf 87' lang='lat' dir='ltr'>intendat.</span> <span class='ocrx_word' id='word_1_111' title='bbox 385 1456 471 1512; x_wconf 86' lang='lat' dir='ltr'>En</span> <span class='ocrx_word' id='word_1_112' title='bbox 499 1455 621 1535; x_wconf 90' lang='lat' dir='ltr'>ipsa</span> <span class='ocrx_word' id='word_1_113' title='bbox 648 1455 867 1513; x_wconf 88' lang='lat' dir='ltr'>decreti</span> <span class='ocrx_word' id='word_1_114' title='bbox 891 1454 1067 1516; x_wconf 87' lang='lat' dir='ltr'>verba</span> <span class='ocrx_word' id='word_1_115' title='bbox 1095 1477 1110 1513; x_wconf 77' lang='lat' dir='ltr'><em>z</em></span> <span class='ocrx_word' id='word_1_116' title='bbox 1132 1457 1235 1515; x_wconf 78' lang='lat' dir='ltr'>Ad</span> <span class='ocrx_word' id='word_1_117' title='bbox 1246 1457 1564 1514; x_wconf 83' lang='lat' dir='ltr'>coercenda</span> <span class='ocrx_word' id='word_1_118' title='bbox 1579 1459 1926 1535; x_wconf 73' lang='lat' dir='ltr'>petulantia</span> <span class='ocrx_word' id='word_1_119' title='bbox 1944 1464 2192 1538; x_wconf 69' lang='lat' dir='ltr'>inqenia</span> 
     </span>
     <span class='ocr_line' id='line_1_15' title="bbox 60 1549 2189 1630; baseline 0.004 -22"><span class='ocrx_word' id='word_1_120' title='bbox 60 1551 322 1608; x_wconf 83' lang='lat' dir='ltr'>decernit</span> <span class='ocrx_word' id='word_1_121' title='bbox 353 1549 694 1629; x_wconf 82' lang='lat' dir='ltr'>(Synodus)</span> <span class='ocrx_word' id='word_1_122' title='bbox 715 1594 731 1622; x_wconf 74' lang='grc'><em>,</em></span> <span class='ocrx_word' id='word_1_123' title='bbox 760 1560 831 1607; x_wconf 76' lang='lat' dir='ltr'>vt</span> <span class='ocrx_word' id='word_1_124' title='bbox 856 1572 1026 1608; x_wconf 83' lang='lat' dir='ltr'>nemo</span> <span class='ocrx_word' id='word_1_125' title='bbox 1057 1573 1182 1610; x_wconf 81' lang='lat' dir='ltr'>suoe</span> <span class='ocrx_word' id='word_1_126' title='bbox 1203 1553 1550 1630; x_wconf 67' lang='lat' dir='ltr'>prudentiae</span> <span class='ocrx_word' id='word_1_127' title='bbox 1586 1555 1877 1622; x_wconf 50' lang='lat' dir='ltr'>innixam,</span> <span class='ocrx_word' id='word_1_128' title='bbox 1911 1559 1979 1612; x_wconf 83' lang='lat' dir='ltr'>in</span> <span class='ocrx_word' id='word_1_129' title='bbox 2008 1558 2189 1616; x_wconf 71' lang='lat' dir='ltr'>rebus</span> 
     </span>
     <span class='ocr_line' id='line_1_16' title="bbox 50 1646 2191 1726; baseline 0.003 -24"><span class='ocrx_word' id='word_1_130' title='bbox 50 1646 198 1722; x_wconf 84' lang='lat' dir='ltr'>fidei</span> <span class='ocrx_word' id='word_1_131' title='bbox 220 1656 274 1702; x_wconf 86' lang='lat' dir='ltr'>et</span> <span class='ocrx_word' id='word_1_132' title='bbox 295 1665 534 1702; x_wconf 78' lang='lat' dir='ltr'>morum</span> <span class='ocrx_word' id='word_1_133' title='bbox 552 1691 569 1714; x_wconf 93' lang='lat'>‚</span> <span class='ocrx_word' id='word_1_134' title='bbox 597 1646 682 1702; x_wconf 84' lang='lat' dir='ltr'>ad</span> <span class='ocrx_word' id='word_1_135' title='bbox 701 1646 1151 1723; x_wconf 68' lang='lat' dir='ltr'>(edificationem</span> <span class='ocrx_word' id='word_1_136' title='bbox 1177 1648 1463 1705; x_wconf 71' lang='lat' dir='ltr'>doctrinm</span> <span class='ocrx_word' id='word_1_137' title='bbox 1495 1646 1862 1705; x_wconf 73' lang='lat' dir='ltr'>Christianoe</span> <span class='ocrx_word' id='word_1_138' title='bbox 1883 1655 2191 1726; x_wconf 78' lang='lat' dir='ltr'>pertinen-</span> 
     </span>
     <span class='ocr_line' id='line_1_17' title="bbox 62 1739 2200 1820; baseline 0.003 -23"><span class='ocrx_word' id='word_1_139' title='bbox 62 1744 250 1814; x_wconf 76' lang='lat' dir='ltr'>tium,</span> <span class='ocrx_word' id='word_1_140' title='bbox 282 1739 537 1797; x_wconf 81' lang='lat' dir='ltr'>Sacram</span> <span class='ocrx_word' id='word_1_141' title='bbox 568 1740 957 1818; x_wconf 77' lang='lat' dir='ltr'>Scripturam</span> <span class='ocrx_word' id='word_1_142' title='bbox 991 1741 1074 1798; x_wconf 78' lang='lat' dir='ltr'>ad</span> <span class='ocrx_word' id='word_1_143' title='bbox 1105 1762 1242 1799; x_wconf 72' lang='lat' dir='ltr'>euos</span> <span class='ocrx_word' id='word_1_144' title='bbox 1279 1762 1484 1799; x_wconf 79' lang='lat' dir='ltr'>sensus</span> <span class='ocrx_word' id='word_1_145' title='bbox 1521 1752 1945 1820; x_wconf 75' lang='lat' dir='ltr'>contorquens,</span> <span class='ocrx_word' id='word_1_146' title='bbox 1978 1756 2200 1805; x_wconf 83' lang='lat' dir='ltr'>contra·</span> 
     </span>
     <span class='ocr_line' id='line_1_18' title="bbox 60 1830 2188 1918; baseline 0.004 -27"><span class='ocrx_word' id='word_1_147' title='bbox 60 1855 196 1891; x_wconf 80' lang='lat' dir='ltr'>eum</span> <span class='ocrx_word' id='word_1_148' title='bbox 223 1855 449 1893; x_wconf 77' lang='lat' dir='ltr'>sensum</span> <span class='ocrx_word' id='word_1_149' title='bbox 469 1877 490 1904; x_wconf 85' lang='lat'><em>,</em></span> <span class='ocrx_word' id='word_1_150' title='bbox 515 1856 688 1912; x_wconf 76' lang='lat' dir='ltr'>quem</span> <span class='ocrx_word' id='word_1_151' title='bbox 717 1837 913 1892; x_wconf 81' lang='lat' dir='ltr'>tenuit</span> <span class='ocrx_word' id='word_1_152' title='bbox 935 1847 991 1893; x_wconf 86' lang='lat' dir='ltr'>et</span> <span class='ocrx_word' id='word_1_153' title='bbox 1016 1845 1169 1893; x_wconf 85' lang='lat' dir='ltr'>tenet</span> <span class='ocrx_word' id='word_1_154' title='bbox 1197 1846 1409 1893; x_wconf 71' lang='lat' dir='ltr'>sancta</span> <span class='ocrx_word' id='word_1_155' title='bbox 1439 1846 1630 1893; x_wconf 82' lang='lat' dir='ltr'>mater</span> <span class='ocrx_word' id='word_1_156' title='bbox 1665 1837 1936 1896; x_wconf 74' lang='lat' dir='ltr'>Ecclesia</span> <span class='ocrx_word' id='word_1_157' title='bbox 1955 1881 1976 1909; x_wconf 84' lang='lat'><em>,</em></span> <span class='ocrx_word' id='word_1_158' title='bbox 2009 1830 2188 1918; x_wconf 75' lang='lat' dir='ltr'>cujus</span> 
     </span>
     <span class='ocr_line' id='line_1_19' title="bbox 62 1930 2191 2009; baseline 0.003 -23"><span class='ocrx_word' id='word_1_159' title='bbox 62 1939 145 1986; x_wconf 74' lang='lat' dir='ltr'>est</span> <span class='ocrx_word' id='word_1_160' title='bbox 154 1930 445 2006; x_wconf 79' lang='lat' dir='ltr'>judicare</span> <span class='ocrx_word' id='word_1_161' title='bbox 475 1930 544 1986; x_wconf 87' lang='lat' dir='ltr'>de</span> <span class='ocrx_word' id='word_1_162' title='bbox 574 1949 706 1987; x_wconf 73' lang='lat' dir='ltr'>vero</span> <span class='ocrx_word' id='word_1_163' title='bbox 741 1950 916 1987; x_wconf 76' lang='lat' dir='ltr'>sensu</span> <span class='ocrx_word' id='word_1_164' title='bbox 948 1940 1003 1987; x_wconf 83' lang='lat' dir='ltr'>et</span> <span class='ocrx_word' id='word_1_165' title='bbox 1023 1932 1511 2008; x_wconf 75' lang='lat' dir='ltr'>interpretatione</span> <span class='ocrx_word' id='word_1_166' title='bbox 1534 1931 2003 2009; x_wconf 62' lang='lat' dir='ltr'>Scriptzcrarum</span> <span class='ocrx_word' id='word_1_167' title='bbox 2021 1975 2045 2005; x_wconf 86' lang='lat'><em>,</em></span> <span class='ocrx_word' id='word_1_168' title='bbox 2077 1944 2191 1992; x_wconf 80' lang='lat' dir='ltr'>aut</span> 
     </span>
     <span class='ocr_line' id='line_1_20' title="bbox 61 2026 2187 2105; baseline 0.003 -25"><span class='ocrx_word' id='word_1_169' title='bbox 61 2026 242 2080; x_wconf 84' lang='lat' dir='ltr'>etiam</span> <span class='ocrx_word' id='word_1_170' title='bbox 265 2035 467 2083; x_wconf 84' lang='lat' dir='ltr'>contra</span> <span class='ocrx_word' id='word_1_171' title='bbox 489 2028 844 2081; x_wconf 75' lang='lat' dir='ltr'>unanimem</span> <span class='ocrx_word' id='word_1_172' title='bbox 869 2044 1219 2083; x_wconf 72' lang='lat' dir='ltr'>eonsensum</span> <span class='ocrx_word' id='word_1_173' title='bbox 1246 2026 1512 2083; x_wconf 78' lang='lat' dir='ltr'>Patrum</span> <span class='ocrx_word' id='word_1_174' title='bbox 1528 2068 1550 2096; x_wconf 87' lang='lat'><em>,</em></span> <span class='ocrx_word' id='word_1_175' title='bbox 1573 2029 1775 2105; x_wconf 81' lang='lat' dir='ltr'>ipsam</span> <span class='ocrx_word' id='word_1_176' title='bbox 1795 2028 2187 2105; x_wconf 79' lang='lat' dir='ltr'>Scripturam</span> 
     </span>
     <span class='ocr_line' id='line_1_21' title="bbox 64 2119 2180 2203; baseline 0.004 -29"><span class='ocrx_word' id='word_1_177' title='bbox 64 2120 316 2176; x_wconf 82' lang='lat' dir='ltr'>Sacram</span> <span class='ocrx_word' id='word_1_178' title='bbox 350 2120 743 2196; x_wconf 78' lang='lat' dir='ltr'>interpretari</span> <span class='ocrx_word' id='word_1_179' title='bbox 757 2119 980 2177; x_wconf 78' lang='lat' dir='ltr'>audeat</span> <span class='ocrx_word' id='word_1_180' title='bbox 996 2120 1108 2201; x_wconf 77' lang='lat'><strong>(2).</strong></span> <span class='ocrx_word' id='word_1_181' title='bbox 1138 2122 1220 2178; x_wconf 87' lang='lat' dir='ltr'>Ex</span> <span class='ocrx_word' id='word_1_182' title='bbox 1241 2120 1332 2178; x_wconf 84' lang='lat' dir='ltr'>his</span> <span class='ocrx_word' id='word_1_183' title='bbox 1362 2142 1535 2201; x_wconf 90' lang='lat' dir='ltr'>porro</span> <span class='ocrx_word' id='word_1_184' title='bbox 1557 2121 1748 2181; x_wconf 85' lang='lat' dir='ltr'>verbis</span> <span class='ocrx_word' id='word_1_185' title='bbox 1774 2123 2180 2203; x_wconf 79' lang='lat' dir='ltr'>intelligimuS.,</span> 
     </span>
     <span class='ocr_line' id='line_1_22' title="bbox 66 2210 2182 2296; baseline 0.005 -29"><span class='ocrx_word' id='word_1_186' title='bbox 66 2210 472 2270; x_wconf 89' lang='lat' dir='ltr'>Tridentinum</span> <span class='ocrx_word' id='word_1_187' title='bbox 515 2213 665 2271; x_wconf 90' lang='lat' dir='ltr'>nihil</span> <span class='ocrx_word' id='word_1_188' title='bbox 703 2212 861 2271; x_wconf 88' lang='lat' dir='ltr'>aliud</span> <span class='ocrx_word' id='word_1_189' title='bbox 902 2214 1012 2271; x_wconf 88' lang='lat' dir='ltr'>sibi</span> <span class='ocrx_word' id='word_1_190' title='bbox 1055 2216 1460 2296; x_wconf 68' lang='lat' dir='ltr'>proposuisse,</span> <span class='ocrx_word' id='word_1_191' title='bbox 1504 2237 1682 2296; x_wconf 91' lang='lat' dir='ltr'>quam</span> <span class='ocrx_word' id='word_1_192' title='bbox 1729 2217 1944 2276; x_wconf 88' lang='lat' dir='ltr'>limites</span> <span class='ocrx_word' id='word_1_193' title='bbox 1995 2230 2182 2278; x_wconf 89' lang='lat' dir='ltr'>certos</span> 
     </span>
     <span class='ocr_line' id='line_1_23' title="bbox 65 2304 2230 2389; baseline 0.005 -27"><span class='ocrx_word' id='word_1_194' title='bbox 65 2305 278 2386; x_wconf 75' lang='lat' dir='ltr'>figere,</span> <span class='ocrx_word' id='word_1_195' title='bbox 323 2304 476 2363; x_wconf 90' lang='lat' dir='ltr'>ultra</span> <span class='ocrx_word' id='word_1_196' title='bbox 514 2327 656 2386; x_wconf 89' lang='lat' dir='ltr'>quos</span> <span class='ocrx_word' id='word_1_197' title='bbox 707 2307 979 2388; x_wconf 84' lang='lat' dir='ltr'>progredi</span> <span class='ocrx_word' id='word_1_198' title='bbox 1013 2309 1302 2374; x_wconf 85' lang='lat' dir='ltr'>catholico</span> <span class='ocrx_word' id='word_1_199' title='bbox 1332 2310 1641 2389; x_wconf 86' lang='lat' dir='ltr'>interpreti</span> <span class='ocrx_word' id='word_1_200' title='bbox 1685 2310 1769 2369; x_wconf 87' lang='lat' dir='ltr'>fas</span> <span class='ocrx_word' id='word_1_201' title='bbox 1806 2333 1925 2369; x_wconf 90' lang='lat' dir='ltr'>non</span> <span class='ocrx_word' id='word_1_202' title='bbox 1970 2313 2064 2370; x_wconf 89' lang='lat' dir='ltr'>sit.</span> <span class='ocrx_word' id='word_1_203' title='bbox 2106 2314 2182 2371; x_wconf 89' lang='lat' dir='ltr'>Hi</span> <span class='ocrx_word' id='word_1_204' title='bbox 2228 2311 2230 2313; x_wconf 45' lang='lat'><em>&#39;</em></span> 
     </span>
     <span class='ocr_line' id='line_1_24' title="bbox 64 2399 2184 2484; baseline 0.003 -26"><span class='ocrx_word' id='word_1_205' title='bbox 64 2399 279 2459; x_wconf 89' lang='lat' dir='ltr'>limites</span> <span class='ocrx_word' id='word_1_206' title='bbox 326 2400 771 2481; x_wconf 86' lang='lat' dir='ltr'>praestituuntur</span> <span class='ocrx_word' id='word_1_207' title='bbox 811 2422 985 2460; x_wconf 88' lang='lat' dir='ltr'>sensu</span> <span class='ocrx_word' id='word_1_208' title='bbox 1029 2402 1289 2462; x_wconf 83' lang='lat' dir='ltr'>Ecclesiae</span> <span class='ocrx_word' id='word_1_209' title='bbox 1338 2404 1720 2484; x_wconf 88' lang='lat' dir='ltr'>unanimique</span> <span class='ocrx_word' id='word_1_210' title='bbox 1765 2407 2002 2463; x_wconf 90' lang='lat' dir='ltr'>Patrum</span> <span class='ocrx_word' id='word_1_211' title='bbox 2045 2426 2184 2465; x_wconf 88' lang='lat' dir='ltr'>con-</span> 
     </span>
     <span class='ocr_line' id='line_1_25' title="bbox 65 2496 2183 2579; baseline 0.003 -27"><span class='ocrx_word' id='word_1_212' title='bbox 65 2515 237 2553; x_wconf 91' lang='lat' dir='ltr'>sensu</span> <span class='ocrx_word' id='word_1_213' title='bbox 266 2497 326 2552; x_wconf 89' lang='lat' dir='ltr'>in</span> <span class='ocrx_word' id='word_1_214' title='bbox 352 2496 418 2553; x_wconf 90' lang='lat' dir='ltr'>iis</span> <span class='ocrx_word' id='word_1_215' title='bbox 439 2539 458 2570; x_wconf 78' lang='lat'>.,</span> <span class='ocrx_word' id='word_1_216' title='bbox 497 2516 626 2576; x_wconf 84' lang='lat' dir='ltr'>quae</span> <span class='ocrx_word' id='word_1_217' title='bbox 657 2496 955 2577; x_wconf 87' lang='lat' dir='ltr'>pertinent</span> <span class='ocrx_word' id='word_1_218' title='bbox 994 2496 1068 2554; x_wconf 91' lang='lat' dir='ltr'>ad</span> <span class='ocrx_word' id='word_1_219' title='bbox 1099 2498 1277 2576; x_wconf 83' lang='lat' dir='ltr'>fidem</span> <span class='ocrx_word' id='word_1_220' title='bbox 1321 2509 1377 2556; x_wconf 87' lang='lat' dir='ltr'>et</span> <span class='ocrx_word' id='word_1_221' title='bbox 1417 2519 1605 2556; x_wconf 80' lang='lat' dir='ltr'>mores</span> <span class='ocrx_word' id='word_1_222' title='bbox 1619 2541 1644 2569; x_wconf 88' lang='lat'><em>,</em></span> <span class='ocrx_word' id='word_1_223' title='bbox 1675 2510 1849 2579; x_wconf 86' lang='lat' dir='ltr'>atque</span> <span class='ocrx_word' id='word_1_224' title='bbox 1877 2502 1963 2558; x_wconf 80' lang='lat' dir='ltr'>ad</span> <span class='ocrx_word' id='word_1_225' title='bbox 1990 2503 2183 2579; x_wconf 66' lang='lat' dir='ltr'>aedifi-</span> 
     </span>
     <span class='ocr_line' id='line_1_26' title="bbox 65 2591 2180 2675; baseline 0.003 -27"><span class='ocrx_word' id='word_1_226' title='bbox 65 2593 351 2649; x_wconf 73' lang='lat' dir='ltr'>cntionem</span> <span class='ocrx_word' id='word_1_227' title='bbox 373 2591 723 2649; x_wconf 70' lang='lat' dir='ltr'>christianae</span> <span class='ocrx_word' id='word_1_228' title='bbox 741 2592 1045 2650; x_wconf 64' lang='lat' dir='ltr'>doctrinae.</span> <span class='ocrx_word' id='word_1_229' title='bbox 1071 2595 1197 2665; x_wconf 86' lang='lat' dir='ltr'>Quo</span> <span class='ocrx_word' id='word_1_230' title='bbox 1213 2591 1450 2672; x_wconf 90' lang='lat' dir='ltr'>quidem</span> <span class='ocrx_word' id='word_1_231' title='bbox 1471 2592 1620 2650; x_wconf 88' lang='lat' dir='ltr'>nihil</span> <span class='ocrx_word' id='word_1_232' title='bbox 1637 2596 1852 2675; x_wconf 82' lang='lat' dir='ltr'>aequius</span> <span class='ocrx_word' id='word_1_233' title='bbox 1871 2596 2180 2674; x_wconf 84' lang='lat' dir='ltr'>excogitari</span> 
     </span>
     <span class='ocr_line' id='line_1_27' title="bbox 67 2687 2180 2768; baseline 0.004 -26"><span class='ocrx_word' id='word_1_234' title='bbox 67 2695 291 2765; x_wconf 74' lang='lat' dir='ltr'>potest3</span> <span class='ocrx_word' id='word_1_235' title='bbox 330 2705 464 2743; x_wconf 89' lang='lat' dir='ltr'>cum</span> <span class='ocrx_word' id='word_1_236' title='bbox 501 2687 660 2743; x_wconf 90' lang='lat' dir='ltr'>enim</span> <span class='ocrx_word' id='word_1_237' title='bbox 701 2687 993 2767; x_wconf 87' lang='lat' dir='ltr'>Scriptura</span> <span class='ocrx_word' id='word_1_238' title='bbox 1028 2687 1091 2745; x_wconf 91' lang='lat' dir='ltr'>in</span> <span class='ocrx_word' id='word_1_239' title='bbox 1122 2692 1393 2766; x_wconf 66' lang='lat' dir='ltr'>qratiam</span> <span class='ocrx_word' id='word_1_240' title='bbox 1434 2687 1726 2768; x_wconf 86' lang='lat' dir='ltr'>religionis</span> <span class='ocrx_word' id='word_1_241' title='bbox 1767 2690 1901 2748; x_wconf 89' lang='lat' dir='ltr'>data</span> <span class='ocrx_word' id='word_1_242' title='bbox 1939 2690 2107 2750; x_wconf 88' lang='lat' dir='ltr'>nobis</span> <span class='ocrx_word' id='word_1_243' title='bbox 2145 2713 2180 2751; x_wconf 89' lang='lat' dir='ltr'>a</span> 
     </span>
     <span class='ocr_line' id='line_1_28' title="bbox 69 2780 2179 2866; baseline 0.003 -28"><span class='ocrx_word' id='word_1_244' title='bbox 69 2781 188 2839; x_wconf 91' lang='lat' dir='ltr'>Deo</span> <span class='ocrx_word' id='word_1_245' title='bbox 215 2781 290 2838; x_wconf 90' lang='lat' dir='ltr'>sit</span> <span class='ocrx_word' id='word_1_246' title='bbox 310 2825 327 2854; x_wconf 91' lang='lat'>.‚</span> <span class='ocrx_word' id='word_1_247' title='bbox 354 2791 425 2840; x_wconf 88' lang='lat' dir='ltr'>-et</span> <span class='ocrx_word' id='word_1_248' title='bbox 450 2780 512 2838; x_wconf 90' lang='lat' dir='ltr'>in</span> <span class='ocrx_word' id='word_1_249' title='bbox 542 2780 865 2839; x_wconf 67' lang='lat' dir='ltr'>christiana}</span> <span class='ocrx_word' id='word_1_250' title='bbox 903 2802 1005 2840; x_wconf 89' lang='lat' dir='ltr'>seu</span> <span class='ocrx_word' id='word_1_251' title='bbox 1040 2781 1336 2841; x_wconf 82' lang='lat' dir='ltr'>catholicae</span> <span class='ocrx_word' id='word_1_252' title='bbox 1371 2781 1508 2840; x_wconf 91' lang='lat' dir='ltr'>fidei</span> <span class='ocrx_word' id='word_1_253' title='bbox 1531 2782 1868 2863; x_wconf 83' lang='lat' dir='ltr'>praesidium</span> <span class='ocrx_word' id='word_1_254' title='bbox 1888 2828 1905 2859; x_wconf 76' lang='grc'><em>,</em></span> <span class='ocrx_word' id='word_1_255' title='bbox 1944 2806 2179 2866; x_wconf 84' lang='lat' dir='ltr'>aequum</span> 
     </span>
     <span class='ocr_line' id='line_1_29' title="bbox 70 2875 2169 2956; baseline 0.003 -24"><span class='ocrx_word' id='word_1_256' title='bbox 70 2885 191 2933; x_wconf 89' lang='lat' dir='ltr'>erat</span> <span class='ocrx_word' id='word_1_257' title='bbox 210 2919 225 2949; x_wconf 81' lang='grc'><em>,</em></span> <span class='ocrx_word' id='word_1_258' title='bbox 257 2885 321 2933; x_wconf 90' lang='lat' dir='ltr'>ut</span> <span class='ocrx_word' id='word_1_259' title='bbox 344 2875 689 2956; x_wconf 87' lang='lat' dir='ltr'>interpretes</span> <span class='ocrx_word' id='word_1_260' title='bbox 715 2876 882 2934; x_wconf 89' lang='lat' dir='ltr'>certis</span> <span class='ocrx_word' id='word_1_261' title='bbox 905 2921 921 2951; x_wconf 63' lang='lat'>7</span> <span class='ocrx_word' id='word_1_262' title='bbox 944 2888 1010 2934; x_wconf 90' lang='lat' dir='ltr'>ut</span> <span class='ocrx_word' id='word_1_263' title='bbox 1037 2877 1116 2935; x_wconf 89' lang='lat' dir='ltr'>ita</span> <span class='ocrx_word' id='word_1_264' title='bbox 1145 2876 1331 2935; x_wconf 88' lang='lat' dir='ltr'>dicam</span> <span class='ocrx_word' id='word_1_265' title='bbox 1350 2922 1365 2952; x_wconf 76' lang='grc'><em>,</em></span> <span class='ocrx_word' id='word_1_266' title='bbox 1392 2877 1658 2936; x_wconf 88' lang='lat' dir='ltr'>cancellis</span> <span class='ocrx_word' id='word_1_267' title='bbox 1692 2879 2134 2938; x_wconf 85' lang='lat' dir='ltr'>continerentur</span> <span class='ocrx_word' id='word_1_268' title='bbox 2152 2924 2169 2955; x_wconf 81' lang='grc'><em>,</em></span> 
     </span>
     <span class='ocr_line' id='line_1_30' title="bbox 70 2967 2171 3055; baseline 0.004 -29"><span class='ocrx_word' id='word_1_269' title='bbox 70 2967 186 3028; x_wconf 89' lang='lat' dir='ltr'>imo</span> <span class='ocrx_word' id='word_1_270' title='bbox 215 2980 274 3029; x_wconf 90' lang='lat' dir='ltr'>et</span> <span class='ocrx_word' id='word_1_271' title='bbox 297 2981 431 3052; x_wconf 88' lang='lat' dir='ltr'>apte</span> <span class='ocrx_word' id='word_1_272' title='bbox 457 2981 796 3050; x_wconf 80' lang='lat' dir='ltr'>regerentur</span> <span class='ocrx_word' id='word_1_273' title='bbox 822 2971 884 3029; x_wconf 93' lang='lat' dir='ltr'>in</span> <span class='ocrx_word' id='word_1_274' title='bbox 908 2971 1216 3054; x_wconf 87' lang='lat' dir='ltr'>Scripturis</span> <span class='ocrx_word' id='word_1_275' title='bbox 1238 2972 1601 3054; x_wconf 77' lang='lat' dir='ltr'>exponendis</span> <span class='ocrx_word' id='word_1_276' title='bbox 1620 3017 1636 3047; x_wconf 73' lang='lat'>,</span> <span class='ocrx_word' id='word_1_277' title='bbox 1664 2995 1740 3032; x_wconf 91' lang='lat' dir='ltr'>ne</span> <span class='ocrx_word' id='word_1_278' title='bbox 1767 2975 2005 3055; x_wconf 90' lang='lat' dir='ltr'>proprio</span> <span class='ocrx_word' id='word_1_279' title='bbox 2032 2995 2171 3034; x_wconf 90' lang='lat' dir='ltr'>sen-</span> 
     </span>
    </p>
   </div>
   <div class='ocr_carea' id='block_1_3' title="bbox 77 3254 2195 3735">
    <p class='ocr_par' dir='ltr' id='par_1_4' title="bbox 77 3254 2195 3735">
     <span class='ocr_line' id='line_1_31' title="bbox 145 3254 2177 3327; baseline 0.003 -22"><span class='ocrx_word' id='word_1_280' title='bbox 145 3254 207 3318; x_wconf 84' lang='grc'>(1)</span> <span class='ocrx_word' id='word_1_281' title='bbox 240 3255 371 3322; x_wconf 82' lang='lat' dir='ltr'>Quod</span> <span class='ocrx_word' id='word_1_282' title='bbox 387 3262 600 3324; x_wconf 76' lang='lat' dir='ltr'>neyative</span> <span class='ocrx_word' id='word_1_283' title='bbox 621 3262 698 3309; x_wconf 87' lang='lat' dir='ltr'>hic</span> <span class='ocrx_word' id='word_1_284' title='bbox 713 3261 856 3310; x_wconf 90' lang='lat' dir='ltr'>Conc.</span> <span class='ocrx_word' id='word_1_285' title='bbox 876 3260 1075 3310; x_wconf 87' lang='lat' dir='ltr'>Triden-</span> <span class='ocrx_word' id='word_1_286' title='bbox 1159 3278 1402 3327; x_wconf 85' lang='lat' dir='ltr'>nunquam</span> <span class='ocrx_word' id='word_1_287' title='bbox 1447 3279 1497 3309; x_wconf 88' lang='lat' dir='ltr'>se</span> <span class='ocrx_word' id='word_1_288' title='bbox 1527 3263 1931 3324; x_wconf 85' lang='lat' dir='ltr'>interpretaturum</span> <span class='ocrx_word' id='word_1_289' title='bbox 1963 3262 2177 3311; x_wconf 87' lang='lat' dir='ltr'>eamdem</span> 
     </span>
     <span class='ocr_line' id='line_1_32' title="bbox 79 3335 2178 3409; baseline 0.006 -29"><span class='ocrx_word' id='word_1_290' title='bbox 79 3335 227 3383; x_wconf 79' lang='lat' dir='ltr'>tinum</span> <span class='ocrx_word' id='word_1_291' title='bbox 255 3344 438 3402; x_wconf 78' lang='lat' dir='ltr'>statuit,</span> <span class='ocrx_word' id='word_1_292' title='bbox 455 3361 514 3391; x_wconf 88' lang='lat' dir='ltr'>ne</span> <span class='ocrx_word' id='word_1_293' title='bbox 534 3344 706 3392; x_wconf 87' lang='lat' dir='ltr'>scilicet</span> <span class='ocrx_word' id='word_1_294' title='bbox 727 3346 831 3409; x_wconf 87' lang='lat' dir='ltr'>quis</span> <span class='ocrx_word' id='word_1_295' title='bbox 853 3347 1077 3408; x_wconf 85' lang='lat' dir='ltr'>interpre-</span> <span class='ocrx_word' id='word_1_296' title='bbox 1156 3342 1441 3409; x_wconf 63' lang='lat' dir='ltr'>§cripturam</span> <span class='ocrx_word' id='word_1_297' title='bbox 1460 3346 1547 3391; x_wconf 83' lang='lat' dir='ltr'>nisi</span> <span class='ocrx_word' id='word_1_298' title='bbox 1561 3347 1690 3409; x_wconf 80' lang='lat' dir='ltr'>juxta</span> <span class='ocrx_word' id='word_1_299' title='bbox 1710 3345 1978 3391; x_wconf 86' lang='lat' dir='ltr'>unanimem</span> <span class='ocrx_word' id='word_1_300' title='bbox 1995 3340 2074 3392; x_wconf 90' lang='lat' dir='ltr'>SS.</span> <span class='ocrx_word' id='word_1_301' title='bbox 2090 3343 2178 3393; x_wconf 90' lang='lat' dir='ltr'>Pa-</span> 
     </span>
     <span class='ocr_line' id='line_1_33' title="bbox 78 3420 2176 3493; baseline 0.006 -31"><span class='ocrx_word' id='word_1_302' title='bbox 78 3425 197 3463; x_wconf 85' lang='lat' dir='ltr'>tetur</span> <span class='ocrx_word' id='word_1_303' title='bbox 219 3433 384 3468; x_wconf 79' lang='lat' dir='ltr'>sacram</span> <span class='ocrx_word' id='word_1_304' title='bbox 409 3420 689 3488; x_wconf 77' lang='lat' dir='ltr'>scripturam</span> <span class='ocrx_word' id='word_1_305' title='bbox 719 3435 876 3474; x_wconf 86' lang='lat' dir='ltr'>contra</span> <span class='ocrx_word' id='word_1_306' title='bbox 909 3427 1078 3487; x_wconf 88' lang='lat' dir='ltr'>unani·</span> <span class='ocrx_word' id='word_1_307' title='bbox 1160 3435 1283 3474; x_wconf 86' lang='lat' dir='ltr'>trum</span> <span class='ocrx_word' id='word_1_308' title='bbox 1315 3443 1590 3474; x_wconf 89' lang='lat' dir='ltr'>consensum</span> <span class='ocrx_word' id='word_1_309' title='bbox 1610 3460 1625 3485; x_wconf 92' lang='lat'><strong>‚</strong></span> <span class='ocrx_word' id='word_1_310' title='bbox 1656 3427 1707 3472; x_wconf 90' lang='lat' dir='ltr'>in</span> <span class='ocrx_word' id='word_1_311' title='bbox 1735 3424 1808 3472; x_wconf 88' lang='lat' dir='ltr'>his</span> <span class='ocrx_word' id='word_1_312' title='bbox 1833 3426 2044 3475; x_wconf 86' lang='lat' dir='ltr'>videlicet</span> <span class='ocrx_word' id='word_1_313' title='bbox 2071 3442 2176 3493; x_wconf 80' lang='lat' dir='ltr'>quae</span> 
     </span>
     <span class='ocr_line' id='line_1_34' title="bbox 79 3496 2195 3574; baseline 0.007 -31"><span class='ocrx_word' id='word_1_314' title='bbox 79 3514 200 3544; x_wconf 88' lang='lat' dir='ltr'>mem</span> <span class='ocrx_word' id='word_1_315' title='bbox 214 3497 394 3548; x_wconf 86' lang='lat' dir='ltr'>Patrum</span> <span class='ocrx_word' id='word_1_316' title='bbox 410 3519 708 3570; x_wconf 79' lang='lat' dir='ltr'>consensum,</span> <span class='ocrx_word' id='word_1_317' title='bbox 729 3511 776 3556; x_wconf 89' lang='lat' dir='ltr'>in</span> <span class='ocrx_word' id='word_1_318' title='bbox 792 3509 1076 3574; x_wconf 85' lang='lat' dir='ltr'>professione</span> <span class='ocrx_word' id='word_1_319' title='bbox 1161 3510 1216 3557; x_wconf 85' lang='lat' dir='ltr'>ad</span> <span class='ocrx_word' id='word_1_320' title='bbox 1245 3496 1385 3558; x_wconf 78' lang='lat' dir='ltr'>iidem</span> <span class='ocrx_word' id='word_1_321' title='bbox 1414 3520 1458 3558; x_wconf 83' lang='lat' dir='ltr'>et</span> <span class='ocrx_word' id='word_1_322' title='bbox 1490 3526 1637 3558; x_wconf 87' lang='lat' dir='ltr'>mores</span> <span class='ocrx_word' id='word_1_323' title='bbox 1668 3511 1920 3574; x_wconf 81' lang='lat' dir='ltr'>pertinent.</span> <span class='ocrx_word' id='word_1_324' title='bbox 2190 3502 2195 3508; x_wconf 59' lang='grc'><strong>’</strong></span> 
     </span>
     <span class='ocr_line' id='line_1_35' title="bbox 77 3577 1555 3656; baseline 0.011 -32"><span class='ocrx_word' id='word_1_325' title='bbox 77 3577 213 3638; x_wconf 80' lang='lat' dir='ltr'>fidei,</span> <span class='ocrx_word' id='word_1_326' title='bbox 231 3579 350 3628; x_wconf 86' lang='lat' dir='ltr'>edita</span> <span class='ocrx_word' id='word_1_327' title='bbox 369 3597 393 3629; x_wconf 84' lang='lat' dir='ltr'>a</span> <span class='ocrx_word' id='word_1_328' title='bbox 408 3581 487 3632; x_wconf 78' lang='lat' dir='ltr'>Pio</span> <span class='ocrx_word' id='word_1_329' title='bbox 500 3585 562 3635; x_wconf 77' lang='lat' dir='ltr'>IV</span> <span class='ocrx_word' id='word_1_330' title='bbox 584 3624 599 3647; x_wconf 83' lang='grc'>,</span> <span class='ocrx_word' id='word_1_331' title='bbox 621 3591 827 3653; x_wconf 77' lang='lat' dir='ltr'>positive</span> <span class='ocrx_word' id='word_1_332' title='bbox 856 3593 1075 3656; x_wconf 85' lang='lat' dir='ltr'>exprimi·</span> <span class='ocrx_word' id='word_1_333' title='bbox 1225 3589 1292 3654; x_wconf 77' lang='lat'>(2)</span> <span class='ocrx_word' id='word_1_334' title='bbox 1330 3590 1439 3641; x_wconf 91' lang='lat' dir='ltr'>Loc.</span> <span class='ocrx_word' id='word_1_335' title='bbox 1472 3593 1555 3640; x_wconf 85' lang='lat' dir='ltr'>eit.</span> 
     </span>
     <span class='ocr_line' id='line_1_36' title="bbox 79 3662 1073 3735; baseline 0.013 -30"><span class='ocrx_word' id='word_1_336' title='bbox 79 3667 184 3718; x_wconf 81' lang='lat' dir='ltr'>tur,</span> <span class='ocrx_word' id='word_1_337' title='bbox 226 3676 334 3706; x_wconf 89' lang='lat' dir='ltr'>cum</span> <span class='ocrx_word' id='word_1_338' title='bbox 374 3662 423 3709; x_wconf 90' lang='lat' dir='ltr'>in</span> <span class='ocrx_word' id='word_1_339' title='bbox 458 3681 509 3714; x_wconf 80' lang='lat' dir='ltr'>ea</span> <span class='ocrx_word' id='word_1_340' title='bbox 546 3669 740 3732; x_wconf 84' lang='lat' dir='ltr'>quilibet</span> <span class='ocrx_word' id='word_1_341' title='bbox 772 3672 1038 3735; x_wconf 81' lang='lat' dir='ltr'>profiteatur</span> <span class='ocrx_word' id='word_1_342' title='bbox 1058 3708 1073 3731; x_wconf 88' lang='lat'>,</span> 
     </span>
    </p>
   </div>
   <div class='ocr_carea' id='block_1_4' title="bbox 158 3752 1938 3819">
    <p class='ocr_par' dir='ltr' id='par_1_5' title="bbox 158 3752 1938 3819">
     <span class='ocr_line' id='line_1_37' title="bbox 158 3752 1938 3819; baseline 0.004 -8"><span class='ocrx_word' id='word_1_343' title='bbox 158 3752 221 3812; x_wconf 89' lang='lat' dir='ltr'>T.</span> <span class='ocrx_word' id='word_1_344' title='bbox 268 3754 362 3812; x_wconf 91' lang='lat' dir='ltr'>IX.</span> <span class='ocrx_word' id='word_1_345' title='bbox 1864 3761 1938 3819; x_wconf 91' lang='grc'>10</span> 
     </span>
    </p>
   </div>
  </div>
 </body>
</html>
