2502 4134
253 122 373 181 496

855 143 1056 181 muer.
1106 143 1178 180 ΒΕ
1220 144 1375 183 touls
1419 145 1807 187 rnEOLoachS.

250 284 505 370 proinde
526 305 710 365 capax
736 294 826 343 est
850 284 1127 343 firmioris
1143 283 1515 345 certitudinis
1541 299 1646 346 aut
1663 288 1874 350 saltem
1895 293 2169 351 firmioris
2196 290 2397 352 adhae-

253 383 429 444 sionis
458 379 793 440 intellectus
815 379 1165 462 imperataea
1182 380 1488 442 voluntate
1517 381 1593 441 ob
1617 384 1723 442 Dei
1749 388 2154 447 auctoritatem
2177 433 2193 463 7
2216 409 2396 471 quam

251 478 470 539 habeat
505 475 761 535 adhaesio
800 474 937 549 illa7
978 498 1094 558 qua
1125 475 1463 536 intellectus
1509 488 1572 538 et
1614 477 1890 538 voluntas
1923 480 1986 540 in
2009 482 2234 562 objecto
2258 505 2401 543 con·

255 573 566 656 quiescunt
581 592 691 653 per
708 570 896 630 solam
914 572 1313 652 cognitionem
1331 619 1346 648 7
1369 594 1498 655 quae
1512 573 1837 656 acquiritur
1848 596 1956 657 per
1971 576 2270 646 scientiam
2285 580 2394 661 (l).

255 667 481 729 Deinde
522 668 867 750 permisceri
898 670 1106 751 nequit
1134 670 1375 729 scientia
1414 691 1550 728 cum
1587 671 1845 730 scientiae
1876 672 2401 756 principiisyprin-

255 765 437 845 cipia,
475 763 775 846 siquidem
822 775 1028 847 utpote
1066 787 1174 847 per
1202 787 1263 825 se
1286 777 1463 840 nota7
1505 787 1570 826 ac
1606 766 2014 826 immediatam
2045 768 2402 831 evidentiam

256 881 376 944 prae
408 881 469 920 se
502 860 751 919 ferentia
774 905 789 934 7
832 872 1080 920 movent
1103 861 1433 922 necessario
1467 850 1839 922 intellectum
1865 862 1942 922 ad
1965 863 2402 935 assentiendum

255 956 478 1039 absque
512 955 634 1014 ullo
666 955 987 1046 voluntatis
1014 956 1245 1017 influxu
1267 1004 1282 1033 7
1319 979 1444 1017 non
1470 958 1615 1018 item
1646 980 1786 1019 vero
1806 960 2205 1020 conclusiones
2226 1006 2242 1036 7
2273 982 2404 1043 quae

259 1077 330 1116 ex
352 1054 560 1115 iisdem
588 1054 892 1137 principiis
931 1053 1104 1136 longa
1148 1055 1357 1115 saltem
1392 1055 1746 1116 deductione
1776 1056 2130 1131 trahunturg
2178 1059 2240 1117 in
2272 1059 2406 1140 qui-

256 1151 368 1211 bus
407 1173 625 1233 nempe
665 1172 800 1211 cum
838 1150 971 1210 talis
1001 1151 1299 1212 evidentia
1326 1197 1342 1227 7
1373 1151 1727 1234 plerumque
1767 1152 1977 1213 saltem
1998 1198 2014 1228 7
2046 1153 2206 1213 haud
2231 1153 2407 1214 afful-

258 1258 389 1329 geat
407 1294 424 1323 7
451 1247 789 1307 intellectus
811 1270 933 1306 non
955 1247 1102 1307 adeo
1132 1247 1556 1309 invincibiliter
1573 1249 1830 1329 cogitur-:7
1869 1249 2029 1309 unde
2054 1249 2408 1331 relinquitur

257 1345 550 1408 voluntati
594 1344 879 1424 ejusmodi
910 1344 996 1403 vis
1018 1391 1034 1418 7
1076 1356 1143 1403 ut
1175 1343 1346 1406 illum
1382 1366 1454 1405 ex
1483 1345 1784 1405 rationum
1812 1345 2086 1427 ,pondere
2123 1345 2408 1406 determi-

259 1463 402 1502 nare
435 1453 615 1524 queat
630 1442 707 1501 ad
734 1462 1036 1500 assensum
1066 1438 1174 1520 (2).

341 1537 486 1597 230.
534 1537 623 1598 Ad
662 1539 771 1610 2¹³7
822 1538 981 1597 Dist.
1021 1539 1203 1596 Fides
1237 1549 1319 1595 est
1359 1539 1848 1617 sperandarum,
1887 1550 1998 1596 ete.
2046 1549 2224 1619 prout
2270 1537 2412 1597 sub-

261 1645 401 1695 sunt
441 1633 617 1708 fidei7
671 1653 865 1702 conc.,·
907 1645 1084 1713 prout
1122 1633 1366 1692 scientia
1411 1645 1876 1713 cognoscuntur7
1919 1656 2047 1714 neq.
2089 1635 2412 1717 Responsio

261 1742 428 1815 patet
477 1751 547 1790 ex
584 1728 784 1803 dictis;
826 1750 1003 1804 nam,
1046 1729 1094 1787 si
1136 1728 1413 1787 distincto
1456 1739 1591 1787 actu
1626 1749 1692 1787 ac
1730 1727 1926 1788 medio
1964 1729 2188 1811 aliquid
2227 1731 2409 1810 possit

259 1827 421 1889 credi
475 1838 535 1886 et
578 1826 847 1907 cognosci
866 1871 883 1898 7
935 1823 1199 1905 sequitur
1221 1869 1237 1898 7
1291 1834 1489 1883 actum
1542 1824 1891 1906 cognitionis
1938 1846 2060 1882 non
2116 1824 2413 1888 adversari

264 1923 421 1984 actui
463 1921 623 1981 fidei.
658 1922 787 1979 Huc
812 1920 1031 1979 accedit
1050 1964 1067 1995 7
1095 1919 1401 1979 scientiam
1433 1918 1594 1978 haud
1622 1918 1794 1979 nobis
1821 1917 2081 2002 praebere
2106 1942 2410 2001 apparen-

261 2025 416 2079 tiam
458 2040 562 2079 seu
594 2017 988 2097 cognitionem
1034 2037 1237 2076 rerum
1270 2014 1609 2075 divinarum
1632 2061 1648 2088 7
1690 2027 1869 2098 prout
1899 2016 1960 2074 in
2002 2037 2063 2076 se
2096 2027 2236 2075 sunt
2258 2062 2275 2091 7
2307 2016 2412 2098 sed

261 2116 455 2175 solum
479 2161 494 2189 7
535 2115 620 2173 uti
663 2114 920 2198 diximus
944 2158 959 2188 7
994 2111 1411 2173 abstractivam
1434 2158 1450 2186 7
1494 2133 1622 2193 quae
1660 2111 1909 2195 proinde
1938 2111 2103 2172 illam
2127 2112 2411 2196 relinquit

263 2211 709 2286 obscuritatem,
750 2230 927 2292 quam
973 2208 1116 2270 fides
1152 2209 1434 2291 supponit
1471 2207 1583 2288 (3).

329 2504 403 2569 (1)
442 2502 544 2552 Cfr.
571 2511 780 2551 auctores
809 2501 909 2549 citt.
941 2500 1032 2550 loc.
1050 2501 1133 2549 cit.
1165 2510 1209 2549 et
1226 2499 1296 2549 De

263 2586 396 2654 Lugo
419 2625 432 2647 7
462 2597 578 2639 sect.
617 2601 669 2635 2.
1086 2582 1089 2587 ’

333 2669 404 2734 (2)
442 2669 540 2718 Cfr.
576 2668 781 2728 Suarez7
826 2665 944 2733 disp.
979 2682 1060 2727 1¹17
1093 2677 1205 2716 sect.
1238 2684 1292 2734 9.

334 2755 401 2820 (3)
442 2755 549 2803 Huc
573 2754 841 2803 referuntur
859 2791 871 2812 7
906 2768 1011 2819 quae
1033 2751 1197 2801 scribit
1216 2751 1298 2800 Es-

265 2841 356 2889 tius
404 2841 455 2888 in
486 2856 592 2904 cap.
625 2855 694 2891 xi,
725 2856 770 2886 v.
811 2852 827 2884 1
851 2875 864 2896 7
897 2839 1033 2901 epist.
1060 2836 1118 2884 ad
1145 2834 1293 2884 Hebr.

264 2923 348 2972 ubi
374 2939 611 2988 exponens
646 2921 765 2968 illud
798 2918 1005 2985 Apostoli
1041 2935 1299 2983 arqumen-

264 3014 367 3054 tum
408 3021 510 3053 non
548 3003 922 3070 apparentium,
967 3001 1065 3049 haec
1106 3000 1248 3049 habet
1281 3016 1297 3051 ε

267 3088 394 3137 Hoee
428 3074 615 3154 ⁴quippe
654 3085 776 3149 fidei
817 3084 927 3132 laus
965 3091 1066 3139 est,
1102 3092 1300 3151 propter

266 3174 597 3220 auctoritatem
643 3169 866 3217 divinam
918 3183 1170 3215 assensum
1207 3168 1298 3230 fir-

266 3255 542 3302 mis-simum
562 3252 777 3318 proebere
808 3253 905 3311 iis,
937 3267 1045 3315 quae
1076 3266 1178 3297 non
1212 3267 1299 3315 ap-

260 3344 442 3403 parent
451 3356 468 3392 ;
488 3344 744 3399 utcumque
763 3333 990 3382 reclamet
1003 3348 1172 3380 sensus
1188 3347 1298 3379 nos-

269 3427 343 3467 ter
366 3416 606 3466 carnalis.
635 3415 931 3481 Quanquam
961 3415 1228 3478 eontinyit7
1256 3422 1300 3461 et

269 3520 327 3554 ea
346 3519 453 3568 quw
476 3511 742 3567 apparent,
781 3504 828 3548 si
864 3501 1190 3548 testimonium
1209 3498 1298 3545 ha-

270 3587 382 3635 bent
409 3585 638 3634 divinum
654 3617 670 3644 ,
710 3601 740 3631 a
769 3584 911 3632 nobis
939 3582 1090 3632 credi.
1130 3580 1226 3630 Sed
1242 3583 1300 3629 in

271 3671 337 3717 iis
378 3667 627 3717 credendis
660 3682 759 3714 non
791 3664 939 3714 elucet
963 3664 1085 3727 fidei
1107 3666 1265 3713 virtus
1282 3680 1301 3723 7·

1381 2500 1501 2565 quia
1531 2500 1675 2547 etiam
1718 2499 1826 2547 sine
1869 2499 2110 2564 ejusmodi
2142 2500 2412 2548 testimonio

1381 2584 1712 2650 recipiuntur,
1741 2581 1870 2631 velut
1898 2599 2043 2631 sensu
2070 2582 2146 2631 vel
2165 2583 2413 2650 experien-

1383 2669 1485 2728 tia,
1526 2676 1572 2715 et
1608 2667 1844 2715 humanis
1871 2669 2189 2728 testimoniis,
2223 2666 2413 2715 abunde

1381 2752 1607 2816 coquita3
1639 2759 1691 2797 ut
1716 2749 1885 2798 Jesum
1910 2750 2204 2815 crucifixum
2222 2756 2268 2797 et
2287 2762 2412 2796 rnor-

1382 2841 1520 2881 tuum
1552 2840 1649 2880 esse
1668 2870 1680 2894 7
1716 2832 1960 2880 Davidem
1987 2847 2237 2897 reqnasse,
2269 2829 2408 2878 Pau-

1383 2915 1483 2963 lum
1522 2914 1749 2979 qentibus
1782 2914 2094 2980 proeclioasse.
2142 2913 2252 2979 Quo
2286 2910 2406 2973 refe-

1382 2997 1535 3046 renda
1565 3006 1681 3045 sunt
1706 2998 1852 3045 etiam
1881 3013 1970 3055 ea,
2004 3011 2207 3061 quorum
2241 2992 2408 3041 haberi

1377 3089 1530 3147 potest
1542 3081 1749 3129 scientia
1764 3079 2137 3129 demonstrativa
2152 3095 2169 3125 .·
2180 3084 2235 3124 ut
2250 3093 2406 3123 unum

1382 3180 1479 3211 esse
1493 3162 1657 3210 Deum
1673 3163 1908 3229 optimum
1925 3161 2196 3208 maximum
2207 3194 2222 3219 7
2244 3169 2287 3206 et
2306 3158 2407 3206 alia

1381 3245 1677 3311 hujusmodi.
1700 3245 1815 3292 Non
1833 3259 1941 3307 erqo
1956 3242 2103 3290 sentit
2117 3240 2404 3308 Apostolus,

1381 3329 1436 3377 id
1469 3345 1609 3377 omne
1635 3327 1762 3392 quad
1792 3324 2034 3383 creditur,
2066 3341 2164 3372 esse
2196 3340 2294 3372 non
2318 3340 2407 3389 ap-

1376 3401 1586 3478 parens}
1608 3410 1690 3457 sed
1701 3407 1847 3473 fidem
1866 3423 1963 3454 esse
1982 3423 2090 3453 eam
2108 3407 2275 3454 animi
2286 3422 2409 3470 qua-

1383 3494 1564 3542 litatem
1585 3527 1600 3553 ,
1635 3508 1731 3556 qua
1755 3498 1953 3555 propter
1981 3488 2086 3537 Dei
2115 3488 2310 3537 verbum
2352 3503 2409 3535 ao

1384 3577 1713 3624 testimonium
1722 3574 1984 3621 certissime
1996 3574 2255 3639 recipimus
2263 3573 2410 3619 etiam

1384 3675 1470 3720 ea,
1506 3675 1611 3722 quae
1636 3673 1735 3706 non
1770 3664 2037 3722 apparent,
2073 3672 2270 3722 qumque
2299 3669 2407 3702 sen-
