2502 4134
295 176 452 217 PART.
499 176 588 212 111.
637 174 802 211 SEGT-
842 174 879 210 Ι.
923 173 1045 214 CAP.
1091 174 1130 209 1.
1177 174 1242 208 DE
1288 173 1415 211 RA‘r.
1465 173 1590 210 ANT·
1638 171 1976 210 F11).·SPEG¹1·.

2067 150 2184 210 335

79 341 205 381 eam
242 301 570 376 auctoritati
607 314 782 373 totius
820 314 1063 373 humani
1097 315 1353 394 generiS‚
1394 315 1671 373 nimirum
1700 314 1790 374 vel
1818 315 2025 374 rationi
2051 318 2181 375 uni-

80 413 322 486 versali,
373 410 467 472 vel
506 410 804 477 communi
851 431 915 468 ac
960 421 1258 492 perpetuae
1301 408 1599 468 traditioni
1638 409 2045 485 contulerunt,
2101 414 2182 470 sic

82 520 145 567 ut
175 506 483 567 auctoritas
521 506 630 564 ista
676 505 736 563 in
784 505 908 586 ipso
956 504 1245 584 religionis
1288 506 1522 584 negotio
1561 505 1754 584 regula
1793 527 1858 565 ac
1891 506 2190 566 criterium

80 625 201 663 esse
230 602 503 678 deberet3
538 601 643 660 hos
688 603 1100 659 traditionales
1138 609 1442 681 propterea
1478 611 1689 658 vocant
1723 602 1834 681 (l).
1869 602 2017 661 Sunt
2050 601 2183 676 alii,

81 698 181 780 qui
213 697 558 757 methodum
579 697 1053 776 psyckoloyicam
1080 695 1142 753 in
1179 693 1545 776 philosophia
1577 693 1758 752 veluti
1794 696 2053 777 religioni
2091 697 2193 756 in·-

82 795 304 853 fensam
334 793 619 851 damnant
638 838 658 869 ,
701 814 766 852 ac
795 791 867 851 ab
899 793 1221 871 ontoloyica
1251 790 1602 855 ordiendum
1633 807 1755 850 esse
1787 792 2187 868 contendunt,

84 890 367 948 nimirum
401 887 473 946 ab
511 889 866 946 immediata
896 898 962 945 ¹et
991 896 1266 945 concreta
1305 886 1407 944 Dei
1439 885 1617 967 ipsius
1650 885 1992 961 intuitione3
2035 887 2193 949 unde

44 977 51 985 ⁸
84 989 436 1065 ontoloyistoe
468 983 659 1043 vocari
696 993 919 1064 queunt
961 981 1075 1060 (2).
1121 981 1385 1062 Denique
1424 990 1561 1038 sunt
1599 980 1810 1056 etiam,
1835 984 1953 1064 qui·
1991 983 2189 1044 Kantii

88 1101 150 1139 ac
183 1080 397 1139 Fichtei
435 1077 716 1162 principia
755 1098 876 1135 non
920 1087 1043 1135 tam
1075 1075 1338 1135 refellere
1367 1095 1542 1157 quam
1593 1096 1913 1157 expurgare
1944 1099 2009 1138 ac
2047 1096 2194 1161 per·—

90 1175 274 1257 polire
321 1177 399 1234 ita
435 1171 680 1253 aggressi
726 1182 866 1229 sunt
891 1210 908 1243 5
949 1182 1014 1229 ut
1051 1168 1226 1229 talem
1262 1170 1403 1229 inde
1434 1181 1560 1228 tum
1589 1170 1943 1232 naturalium
1980 1175 2196 1234 verita-

89 1282 216 1328 tum
270 1280 397 1327 tum
438 1268 767 1327 christianae
824 1264 960 1325 fidei
1014 1264 1574 1326 demonstrationem
1634 1268 2020 1344 conficerent,
2081 1291 2195 1351 qua

87 1364 358 1423 Kantiani
394 1364 506 1444 ipsi
540 1383 605 1421 ac
642 1361 925 1421 Fichtiani
962 1361 1038 1420 ad
1074 1382 1204 1422 eam
1239 1361 1416 1421 fidem
1450 1360 1918 1443 amplectendam
1955 1365 2196 1431 omnino

83 1469 425 1538 cogerentur
464 1457 572 1539 (3).

84 1691 304 1739 tainismi
330 1706 504 1738 nomen
535 1691 737 1753 accepit,
766 1707 821 1738 ac
850 1708 946 1739 non
966 1691 1105 1740 modo

85 1777 136 1822 in
165 1773 309 1822 Gallia
328 1809 342 1834 ‚
377 1773 461 1820 sed
493 1775 542 1820 in
571 1771 827 1821 Germania
856 1777 1109 1838 praesertim

87 1855 212 1904 haud
244 1870 415 1919 paucos
443 1854 808 1919 rehgiosiauimi
828 1858 947 1904 viros
971 1859 1022 1904 in
1038 1859 1109 1905 sui

89 1954 293 1985 amorem
320 1936 487 1984 allexit.
508 1935 720 1985 Ceterum
754 1954 868 2002 quas
903 1938 1000 1985 haec
1022 1939 1106 1987 do-

89 2021 235 2067 ctrina
265 2018 457 2066 subierit
491 2021 616 2067 vices
635 2057 647 2078 ‚
677 2028 722 2067 et
755 2030 926 2085 quanta
964 2022 1108 2069 animi

89 2099 321 2149 docilitate
349 2111 510 2149 auctor
538 2105 638 2167 ejus
655 2138 668 2159 ‚
707 2102 834 2167 quod
859 2104 910 2150 in
942 2120 995 2151 ea
1026 2120 1110 2168 po-

92 2185 318 2231 tissimum
343 2182 704 2247 improbandum
737 2195 858 2243 erat,
889 2195 1104 2234 retracte—

93 2265 243 2323 verit,
275 2281 435 2311 omues
463 2274 655 2312 norunt.
692 2263 784 2312 Nos
819 2266 1012 2314 inferius
1049 2283 1103 2314 ex

94 2345 295 2410 professo
315 2333 374 2393 de
392 2326 479 2392 liac
500 2345 708 2393 doctrina
737 2357 845 2394 cum
876 2365 1007 2411 agere
1026 2347 1109 2396 de-

92 2426 312 2486 beamus,
345 2426 621 2474 documenta
645 2426 911 2477 afferemus.

167 2507 234 2572 (l)
268 2506 498 2555 Doctrina}
538 2507 678 2574 hujus
723 2519 965 2558 sectatores
1008 2529 1116 2560 non-

94 2590 293 2638 multum
317 2592 436 2639 inter
458 2583 506 2639 se
533 2607 589 2638 ac
614 2591 702 2640 sibi
734 2593 842 2656 ipsis
868 2603 1106 2656 constant3

91 2674 469 2738 quandoquidem
502 2690 630 2722 nunc
656 2674 715 2721 ad
747 2676 974 2724 rationem
1005 2678 1112 2723 uni-

91 2755 311 2803 versalem
352 2755 607 2804 humanam
655 2756 798 2804 veluti
843 2774 1111 2822 supremum

93 2837 291 2884 veritatis
305 2839 560 2898 criterium,
581 2856 709 2885 nunc
725 2838 783 2885 ad
795 2841 1107 2888 auctoritatem

92 2918 345 2981 generalem
376 2923 511 2968 totius
539 2920 733 2967 humani
753 2923 954 2985 generis,
975 2941 1104 2971 nunc

93 3000 153 3049 ad
165 3002 456 3052 traditionem
471 3012 760 3053 constantem
776 3015 821 3053 et
834 3017 1104 3070 perpetuam

93 3084 340 3147 appellant.
371 3085 612 3152 Quidquid
651 3089 741 3146 sit,
777 3105 853 3136 eos
883 3087 1104 3136 traditio-

93 3162 277 3212 ualeam
290 3170 480 3217 nomine
490 3169 792 3234 appellamus,
805 3169 923 3218 Huic
936 3170 1103 3219 scholae

95 3245 341 3304 primordia
368 3250 555 3300 dederat
579 3251 754 3301 clariss.
772 3255 848 3300 *vir
871 3271 1026 3301 comes
1045 3253 1103 3302 de

97 3321 301 3385 Bonald‚
331 3328 388 3378 de
418 3349 465 3380 re
487 3333 713 3383 catholica
753 3337 927 3399 optime
963 3338 1102 3383 meri-

97 3412 188 3452 tus.
210 3403 397 3456 Posthac
422 3428 530 3461 vero
559 3433 726 3464 novam
760 3427 893 3466 nacta
913 3428 979 3466 est
1004 3417 1100 3464 for-

96 3502 219 3532 mam
247 3488 296 3534 in
326 3492 503 3555 scriptis
521 3494 590 3544 De
617 3497 682 3544 La
709 3497 950 3559 Mennais,
976 3498 1101 3546 unde

98 3565 499 3620 Lamennaismuc
537 3579 769 3640 profluxit.
814 3573 979 3630 Eidem
1019 3582 1102 3629 ad-

97 3646 228 3696 haesit
245 3649 491 3702 Laurentie
509 3691 522 3715 ,
544 3657 590 3705 in
616 3676 694 3724 op.
714 3657 1052 3711 Introduction
1069 3663 1101 3710 ὰ

1190 1691 1240 1739 la
1259 1691 1565 1758 philosophie
1580 1731 1594 1754 ‚
1624 1710 1688 1742 on
1712 1695 1881 1745 Traite
1901 1696 1959 1745 de
1978 1694 2203 1762 l’oriqine

1193 1783 1237 1822 et
1275 1775 1333 1821 de
1370 1774 1417 1822 la
1452 1778 1680 1825 certitudo
1715 1779 1796 1826 des
1833 1782 2203 1829 connaissances

1190 1854 1474 1917 humaines,
1515 1858 1640 1908 Paris
1686 1858 1847 1924 18265
1892 1861 1953 1911 D.
1991 1861 2198 1923 Gerbet,

1191 1941 1242 1986 in
1275 1957 1352 2003 op.
1409 1937 1503 1988 Des
1547 1940 1783 1990 doctrines
1814 1942 2200 2010 philosophiqnes

1191 2019 1312 2067 dans
1349 2019 1474 2068 leurs
1516 2032 1734 2088 rapporcs
1772 2041 1884 2073 avec
1928 2023 1994 2073 les
2029 2026 2201 2089 fonde-

1189 2118 1322 2151 mens
1353 2102 1411 2151 de
1455 2102 1503 2150 la
1547 2103 1802 2171 theologie,
1853 2106 1981 2156 Paris
2035 2104 2163 2157 1826
2183 2145 2199 2169 ‚

1191 2188 1299 2250 (qui
1321 2196 1473 2235 tamen
1496 2190 1702 2254 egregius
1723 2191 1791 2236 vir
1810 2189 1870 2237 ab
1896 2189 1991 2238 illis
2019 2190 2206 2255 placitis

1192 2265 1482 2315 laudabiliter
1520 2285 1567 2316 se
1598 2270 1832 2334 recepit),
1874 2271 2046 2336 aliique
2079 2288 2200 2320 non-

1191 2348 1310 2395 nulli
1329 2351 1468 2397 etiam
1490 2366 1546 2397 ex
1565 2349 1698 2400 Italis.
1717 2349 2046 2399 Adnotandum
2066 2368 2203 2416 porro

1193 2435 1286 2489 est,
1319 2428 1461 2495 hujus
1485 2430 1702 2478 doctrinae
1723 2424 1910 2479 asseclas
1930 2446 2037 2481 cum
2058 2433 2204 2482 altera

1194 2510 1349 2559 schola
1363 2547 1375 2569 ‚
1395 2527 1498 2577 quae
1510 2512 1989 2578 supernaturalistica
2005 2515 2172 2563 dicitur
2182 2551 2199 2576 ,

1193 2593 1324 2659 plura
1362 2593 1532 2642 habere
1579 2597 1875 2658 communia;
1923 2596 2203 2663 quandoque

1194 2663 1385 2740 proinde
1398 2690 1442 2726 et
1456 2676 1902 2742 supernaturalistoe
1912 2679 2056 2727 vo'cati
2073 2690 2200 2730 sunt.

1193 2756 1324 2823 Quod
1362 2770 1516 2807 tamen
1562 2762 1683 2808 inter
1723 2758 2125 2808 Bantainismnm
2155 2772 2201 2810 et

1194 2842 1623 2890 Lamennaismum
1650 2845 1854 2903 intersit,
1887 2847 2077 2909 exponit
2103 2844 2204 2910 ipse

1186 2924 1382 2973 Bautain
1402 2963 1414 2984 ‚
1445 2928 1493 2972 in
1512 2942 1672 2988 opusc.
1693 2924 1931 2990 Quelqnee
1954 2926 2201 2991 reflexione

1186 3019 1273 3053 sur
1294 3004 1343 3053 Ia
1367 3006 1578 3054 doctrine
1601 3006 1669 3054 du
1694 3023 1800 3054 sens
1826 3023 2078 3063 commum
2112 3009 2200 3058 Pa-

1185 3091 1264 3137 ris.
1305 3085 1452 3138 1833.

1254 3171 1321 3235 (2)
1359 3170 1426 3219 Ita
1442 3172 1686 3235 praesertim
1705 3174 2010 3221 recentissime
2026 3174 2084 3220 cl.
2103 3173 2196 3222 Ab.

1187 3252 1464 3303 Vincentius
1490 3253 1720 3312 Gioberfi,
1747 3256 1797 3302 in
1826 3252 2008 3320 opere:
2038 3253 2200 3304 Intro-

1183 3335 1392 3383 duzione
1442 3334 1536 3383 allo
1586 3335 1745 3383 studio
1793 3335 1916 3385 della
1958 3335 2163 3401 filosofia
2181 3374 2198 3396 ,

1184 3417 1409 3467 Brusselle
1449 3415 1597 3480 1840,
1638 3418 1720 3466 ubi
1756 3416 1816 3467 ad
1850 3419 2082 3467 Platonica
2118 3436 2199 3466 seu

1182 3502 1335 3564 potius
1361 3501 1417 3548 ad
1460 3499 1788 3548 Malebranchii
1821 3499 1984 3565 placita
2019 3488 2198 3548 instau-

1183 3582 1324 3630 randa
1353 3592 1474 3630 totus
1506 3599 1553 3630 se
1579 3582 1776 3630 confert.
2108 3580 2112 3583 ¹

1252 3663 1317 3726 (3)
1359 3663 1425 3712 Ad
1458 3665 1578 3711 hanc
1609 3663 1796 3713 classem
1832 3661 2028 3729 pertinet
2057 3661 2197 3710 Geor-
