2502 4134
238 127 356 189 184

835 147 1031 186 TRAc'r.
1073 148 1143 185 DE
1186 147 1339 187 Locls
1384 150 1764 190 THEOLOGIGIS.

239 301 366 352 ctus
398 301 529 366 est,
571 289 779 350 eodem
826 309 984 347 anno
1012 290 1075 347 in
1109 289 1293 348 finem
1327 302 1642 370 vergente,
1686 292 1995 372 Gregorius
2038 294 2185 354 XIV.
2232 294 2376 370 Hic,

240 386 506 470 pluribus
532 382 876 464 urgentibus
898 430 913 460 7
958 404 1178 446 novam
1208 382 1528 445 Bibliorum
1566 387 2041 448 emendationem
2089 390 2378 471 suscepit,

234 483 503 541 instituta
524 480 587 538 in
617 478 777 539 hunc
801 480 979 540 finem
1000 481 1445 560 congregatione
1462 526 1478 555 7
1503 481 1595 541 cui
1615 484 1835 564 pariter
1857 484 1945 542 sui
1978 505 2229 544 canones
2254 494 2381 543 tra-

233 577 341 636 diti
383 587 560 650 sunt,
612 573 687 634 ad
725 597 977 658 quorum
1013 597 1283 635 normam
1324 576 1657 637 emendatio
1697 580 1860 638 fieret
1895 580 2010 660 (l).
2042 580 2247 662 Sicque
2289 580 2383 639 di-

233 693 404 733 versa
462 672 680 730 iterum
733 669 888 730 basis
933 692 1038 753 per
1090 670 1196 731 hos
1255 692 1508 732 canones
1559 669 1932 754 perficiuudae
1977 674 2384 735 emendationi

239 766 559 826 constituta
596 777 703 827 est.
740 767 911 827 Brevi
953 766 1396 850 impedimentis
1438 790 1472 827 a
1507 769 1783 828 Pontifice
1808 791 1839 829 e
1874 771 2065 830 medio
2106 769 2386 832 sublatis,

237 863 530 945 Zagarolae
569 862 645 923 ad
680 862 1011 946 perfectum
1048 885 1139 924 res
1172 863 1422 924 deducta
1462 874 1551 924 est
1593 864 1706 945 (2).
1741 864 1932 923 Editio
1965 866 2044 925 sic
2071 866 2385 927 emendata

238 959 586 1043 propediem
615 961 679 1019 in
729 960 923 1021 lucem
956 960 1250 1042 vulganda
1294 973 1456 1035 erat.
1499 983 1634 1020 cum
1666 961 1763 1021 die
1808 962 1882 1020 15
1909 964 2039 1022 Oct.
2087 984 2185 1022 an.
2227 964 2381 1023 1591

243 1057 552 1137 Gregorius
575 1058 710 1117 XIV
749 1057 881 1116 fatis
923 1058 1127 1131 cessit3
1170 1079 1352 1140 quare
1394 1079 1579 1140 usque
1629 1057 1703 1116 ad
1745 1058 1887 1119 novi
1931 1058 2387 1119 Pontificisele-

241 1152 500 1213 ctionem
538 1153 938 1235 impressionis
964 1154 1267 1234 negotium
1296 1151 1545 1211 dilatum
1569 1163 1677 1212 est.
1714 1153 1818 1212 Vix
1848 1152 2055 1235 elapsis
2079 1152 2282 1214 diebus
2313 1152 2389 1212 14

242 1247 317 1307 ab
355 1247 546 1308 obtitu
590 1249 851 1328 Gregorii
889 1248 1105 1308 electus
1139 1259 1228 1308 est
1249 1248 1314 1306 in
1342 1248 1688 1307 Pontificem
1732 1249 2109 1309 Innocentius
2142 1251 2220 1308 IX
2241 1295 2257 1319 ,
2290 1248 2391 1330 qui

243 1356 446 1404 tamen
499 1342 608 1403 sub
648 1345 831 1403 finem
875 1342 1209 1404 Decembris
1271 1343 1536 1423 ejusdem
1578 1347 1722 1404 anni
1770 1345 1930 1405 diem
1975 1367 2141 1404 suum
2180 1343 2389 1407 obivit.

244 1442 382 1499 Post
432 1461 697 1499 mensem
743 1431 1086 1500 creatusest
1122 1440 1395 1500 Pontifex
1424 1440 1696 1500 Clemens
1722 1442 1888 1516 VIII,
1931 1440 2031 1522 qui
2070 1439 2226 1500 illico
2257 1439 2391 1499 ani-

246 1557 411 1594 mum
441 1535 733 1596 convertit
772 1535 848 1594 ad
888 1533 1209 1594 Bibliorum
1247 1534 1591 1596 editionem.
1634 1535 2060 1616 Gregorianum
2084 1535 2392 1605 Correcto-

245 1631 401 1690 rium
431 1630 520 1712 (3)
547 1629 816 1690 Clemens
868 1630 1055 1689 Patris
1103 1628 1291 1689 Toleti
1317 1631 1376 1689 S.
1403 1632 1461 1694 J.
1484 1630 1706 1709 judicio
1724 1631 2014 1690 commisit
2035 1676 2050 1706 ‚
2085 1629 2186 1711 qui
2209 1675 2226 1705 ,
2253 1651 2393 1712 sep-

246 1726 395 1785 timo
425 1727 524 1787 vix
558 1746 761 1785 mense
790 1736 1083 1784 transacto
1111 1724 1235 1804 (4),
1277 1747 1425 1806 opus
1463 1725 1574 1784 sihi
1617 1726 2045 1786 demandatum
2086 1724 2348 1808 explevit
2373 1769 2391 1801 .,

249 1832 308 1881 et
332 1821 635 1903 exemplar
661 1821 1013 1881 Toletanum
1045 1821 1133 1900 (5)
1174 1820 1356 1904 praelo
1387 1820 1722 1900 subjectum
1752 1833 1842 1881 est
1877 1820 1951 1881 ab
1991 1821 2141 1881 Aldo
2181 1822 2392 1881 Manu·
2476 1896 2479 1898 Ι

253 1918 337 1976 tio
358 1962 374 1993 ,
407 1916 541 1978 Aldi
577 1916 871 1999 abnepote
892 1962 909 1993 Ἴ
943 1917 1004 1975 in
1036 1916 1174 1976 folio
1196 1917 1454 1976 maximo
1479 1927 1654 1999 atque
1684 1916 1892 1977 iisdem
1925 1916 2391 1991 characteribuS,

256 2013 470 2095 quibus
486 2014 712 2073 Sixtina
731 2012 914 2073 Biblia
940 2014 1049 2072 iste
1068 2017 1190 2090 jam
1217 2014 1629 2094 impresserat,
1655 2023 1714 2072 et
1735 2024 1871 2072 ante
1891 2011 2046 2070 illius
2073 2012 2214 2070 anni
2235 2011 2395 2069 1592

255 2110 439 2169 finem
486 2111 548 2168 in
591 2109 781 2168 lucem
823 2108 1090 2190 prodiit,
1143 2119 1386 2167 curante
1431 2106 1912 2190 typographicam
1966 2105 2393 2166 correctionem

261 2204 482 2285 Angelo
513 2206 694 2264 Rocca
733 2225 806 2264 ex
835 2203 1258 2284 Augustiniana
1291 2203 1509 2263 familia
1536 2204 1646 2284 (6).
1681 2205 1884 2286 Neque
1914 2214 2118 2262 tamen
2141 2202 2264 2261 haec
2285 2201 2394 2260 im-

326 2409 398 2472 (l)
433 2407 531 2459 Hos
548 2410 717 2474 pariter
731 2409 868 2457 refert
883 2403 1114 2474 Ungarelli
1127 2445 1140 2468 ‚
1161 2406 1187 2475 §
1207 2406 1281 2458 16.

259 2491 380 2540 Sunt
410 2501 565 2540 autem
596 2508 792 2540 numero
822 2493 1053 2557 quinque.
1085 2489 1285 2557 subjicit

257 2583 508 2640 praeterea‚
549 2572 575 2639 §
619 2591 675 2641 17
698 2608 713 2634 ‚
752 2574 906 2638 plures
943 2572 1284 2623 observationes

257 2658 380 2707 circa
410 2656 638 2722 ejusmodi
669 2656 1063 2705 emendationem.

329 2743 398 2808 (2)
437 2740 619 2808 Ibid.§
657 2758 735 2808 ¹9·

333 2824 400 2890 (3)
440 2824 542 2874 Hoc
591 2824 929 2874 Correctorium
980 2822 1092 2872 Mss.
1134 2822 1287 2872 adhuc

263 2907 423 2956 Romae
445 2918 702 2956 asservatur
722 2910 769 2956 in
798 2905 1083 2955 Bibliotheca
1098 2904 1287 2954 Patrum

266 2989 785 3056 Augustinianensium,
823 2987 1065 3053 Anqelioa
1099 3005 1288 3036 nuncu-

264 3082 390 3136 pata,
426 3091 519 3121 una
554 3090 662 3121 cum
691 3074 803 3121 facti
835 3073 1097 3120 narratione
1129 3069 1289 3135 Angeli

266 3152 420 3201 Rocca
440 3190 454 3215 ‚
474 3171 575 3219 quae
596 3156 850 3220 plurimum
871 3156 1001 3222 juvat
1018 3153 1077 3202 ad
1091 3154 1156 3202 rei
1171 3155 1289 3201 veri-

266 3245 407 3284 tatem
432 3236 787 3300 agnoscendam.

341 3316 404 3381 (le)
443 3316 498 3364 In
528 3328 755 3381 postrema
790 3321 958 3383 pagina
989 3332 1176 3365 suarum
1208 3333 1290 3364 an-

275 3401 604 3459 notationum,
651 3418 765 3465 quas
810 3409 1083 3465 apposuerat
1127 3397 1288 3446 Bibliis

272 3479 460 3529 Sixtinis
479 3517 493 3541 ‚
523 3483 747 3546 spatiosiis
783 3482 904 3530 soliis
934 3480 1165 3547 impressis
1183 3516 1198 3541 ,
1230 3481 1290 3529 ad

275 3573 525 3629 utrumque
550 3562 895 3612 Testamentum
918 3581 1065 3630 usque
1085 3562 1144 3611 ad
1160 3560 1287 3627 Apo-

272 3647 513 3714 calypsim,
528 3647 717 3714 legitur:
734 3644 798 3695 28
809 3645 1025 3713 Auqusti
1042 3663 1122 3696 an.
1144 3645 1287 3713 1592,

1371 2409 1449 2457 die
1471 2408 1646 2458 Sancti
1661 2407 1711 2458 A
1717 2410 1942 2474 uqustini
1954 2444 1971 2470 ‚
2007 2407 2157 2458 Clem.
2185 2424 2248 2458 vn
2268 2408 2393 2472 (sic)

1370 2510 1420 2544 a.
1455 2510 1470 2539 1
1489 2529 1502 2552 ‚
1528 2492 1715 2557 perfeci
1740 2492 2080 2540 annotationes
2100 2489 2189 2538 has
2211 2506 2394 2539 omnes.

1371 2575 1510 2640 Apud
1539 2575 1771 2639 Ungarelli
1794 2610 1809 2634 ‚
1840 2571 1866 2639 §
1898 2588 1982 2622 22.

1440 2656 1505 2719 (5)
1535 2655 1634 2704 Hoc
1655 2658 1824 2720 pariter
1848 2653 2111 2718 exemplar,
2136 2671 2278 2702 manu
2297 2652 2397 2701 Sir-

1371 2739 1449 2787 leti
1485 2746 1748 2798 exaratum,
1780 2739 1832 2785 in
1858 2736 2140 2785 bibliotheca
2171 2734 2396 2785 Vaticana

1373 2830 1649 2870 asservatur.

1445 2903 1507 2968 (6)
1548 2902 1613 2951 Ut
1655 2903 1802 2968 liquet
1847 2919 1899 2950 ex
1947 2902 2107 2950 litteris
2139 2902 2396 2966 apostolicis

1374 2986 1626 3036 Clementis
1667 2999 1785 3045 vm,
1830 3002 1930 3051 quae
1967 2987 2031 3033 ita
2076 3002 2124 3033 se
2161 2984 2336 3032 habent
2378 3001 2394 3032 :

1378 3068 1591 3117 Clemens
1627 3067 1747 3133 Papa
1783 3084 1865 3116 vm
1896 3084 1910 3116 ε
1939 3065 2086 3114 Hanc
2114 3064 2397 3113 Bibliorum

1374 3151 1629 3199 editionem
1643 3186 1657 3207 ,
1678 3150 1833 3214 juxta
1857 3150 2200 3197 correctionem
2221 3163 2253 3196 a
2271 3146 2398 3195 Con-

1373 3232 1646 3298 9re9atione
1674 3233 1977 3297 proestitam,
2019 3228 2398 3295 imprimendam

1375 3314 1701 3372 mandamus;
1743 3319 1790 3363 et
1814 3312 2012 3380 judicio
2047 3312 2113 3361 P.
2136 3312 2397 3360 Francisci

1381 3395 1531 3449 Toleti
1560 3413 1585 3443 e
1613 3396 1835 3443 societate
1866 3394 1989 3443 Jesu
2023 3396 2395 3455 committimus,

1374 3481 1512 3544 eique
1541 3487 1753 3526 nostram
1785 3476 1875 3524 hac
1909 3478 1966 3524 in
1995 3494 2045 3524 re
2065 3478 2397 3525 auctoritatem

1373 3561 1706 3628 impertimnr3
1734 3559 2112 3607 emendationem
2132 3575 2239 3608 vero
2263 3567 2397 3623 typo-

1373 3642 1657 3711 9raphicam
1678 3642 1853 3708 fratris
1872 3641 2055 3707 Anqeli
2081 3640 2390 3699 Bocchemis,
