2502 4134
283 96 403 158 438

869 118 1074 155 TRACT.
1121 119 1192 154 DE
1237 118 1385 156 LOCIS
1429 121 1816 161 THEOLOGmls.

284 264 659 336 adnotatum3
712 259 850 318 hinc
886 261 950 318 in
992 260 1119 342 ipso
1164 261 1381 320 Kantio
1421 262 1794 343 empirismus
1840 287 1978 326 suus
2017 268 2425 350 phaenomena-

285 360 353 418 lis
396 380 531 417 cum
567 354 987 415 materialismo
1024 356 1346 416 arctissime
1386 356 1695 438 copulatur
1727 360 1840 439 (l).

368 454 501 512 151.
548 455 924 534 Quantopere
982 474 1158 534 porro
1202 451 1462 512 Ecclesiae
1506 454 1706 513 Patres
1763 476 1830 513 ac
1877 455 2143 518 doctores
2193 459 2267 518 ab
2316 458 2431 529 hac*

284 562 405 607 tam
431 547 657 626 abjecta
683 547 1142 630 philosophandi
1176 548 1403 607 ratione
1431 547 1848 608 abhorruerint
1870 596 1884 623 .,
1913 566 2279 634 compertum
2308 565 2418 612 est.

286 646 638 724 Augustinus
677 665 848 717 sane,
886 643 988 725 qui
1032 655 1159 701 tum
1199 644 1417 724 ingenii
1463 645 1735 704 acumine
1777 657 1905 704 tum
1947 645 2226 708 diuturno
2257 661 2424 710 vete-

285 762 420 798 rum
457 739 652 798 studio
693 740 755 797 in
787 737 960 798 rebus
1006 739 1426 821 philosophicis
1460 739 1903 814 adeo'valebat‚
1946 744 1996 801 si
2045 742 2119 801 ad
2161 742 2428 805 observa-

283 837 504 895 tionem
545 835 832 894 factorum
868 834 1221 894 interiorum
1255 835 1501 895 solerter
1537 847 1848 918 provocat,
1888 838 2195 897 scientiam
2224 850 2423 900 tamen

283 943 414 990 tum
451 929 915 1012 metaphysicam
953 941 1081 989 tum
1115 930 1401 991 moralem
1431 954 1554 991 non
1589 954 1658 992 ex
1693 931 1808 992 illis
1840 944 2075 992 tantum
2097 979 2112 1009 ,
2153 927 2257 994 sed
2277 956 2429 1017 prae-

284 1027 488 1087 sertim
525 1048 598 1086 ex
634 1025 938 1108 principiis
964 1038 1024 1085 et
1045 1026 1387 1087 notionibus
1423 1027 1762 1108 ontologicis
1792 1031 2042 1112 repetit,
2086 1051 2150 1089 ac
2183 1031 2428 1091 rationis

290 1125 354 1181 in
378 1145 446 1182 eo
467 1122 868 1204 praestantiam
901 1134 959 1181 et
979 1144 1111 1181 cum
1134 1123 1337 1184 divina
1363 1136 1564 1184 mente
1583 1123 1767 1185 veluti
1792 1126 2203 1205 cognationem
2229 1138 2430 1187 osten-

283 1219 371 1277 dit
393 1218 500 1301 (2).
532 1221 689 1279 Inter
721 1220 951 1278 Graecos
978 1218 1220 1278 Basilius
1241 1220 1302 1278 in
1332 1221 1536 1302 primis
1555 1267 1569 1295 .,
1600 1220 1949 1281 Athanasius
1971 1268 1987 1297 .,
2012 1225 2429 1297 DamascenuS.,

286 1326 395 1376 etc.
420 1316 646 1398 quoties
679 1314 772 1375 vel
804 1314 878 1374 de
902 1317 1097 1374 anima
1114 1360 1130 1390 7
1158 1315 1253 1376 vel
1279 1315 1352 1375 de
1378 1319 1531 1391 De0‚
1565 1316 1657 1375 vel
1673 1317 1749 1378 de
1764 1341 1997 1377 morum
2019 1318 2144 1398 lege
2168 1317 2433 1400 philoso-

284 1411 581 1494 phantur,
617 1409 810 1470 eidem
846 1411 1126 1470 insistunt
1160 1411 1299 1484 viae3
1338 1413 1493 1470 inter
1524 1413 1756 1471 Latinos
1781 1415 2134 1495 posteriores
2167 1414 2431 1473 doctores

290 1506 599 1567 Anselmus
623 1508 685 1565 in
707 1508 1051 1587 Prosoloyio
1074 1518 1133 1566 et
1151 1508 1486 1587 Monoloyz‘o
1511 1553 1527 1580 .,
1561 1508 1620 1567 S.
1647 1510 2058 1568 Bonaventura
2095 1509 2185 1589 (3)
2204 1554 2220 1584 .‚
2253 1521 2431 1592 atque

287 1616 352 1662 ut
374 1616 596 1664 ceteros
629 1607 904 1664 omittam
924 1650 939 1679 ,
974 1605 1032 1664 S.
1073 1603 1360 1680 ThomaS,
1389 1604 1527 1664 licet
1545 1607 1727 1684 magis
1758 1605 2081 1666 Aristotelis
2102 1628 2282 1688 quam
2310 1607 2435 1665 Pla-

288 1702 440 1760 tonis
472 1699 684 1783 placita
720 1711 1077 1775 sectaretur,
1105 1721 1341 1781 semper
1373 1701 1660 1782 principia
1698 1702 1944 1759 rationis
1975 1722 2042 1760 ac
2073 1701 2433 1764 universales

287 1798 556 1856 notiones
613 1799 969 1879 ontologicas
1024 1795 1205 1856 veluti
1248 1797 1573 1856 necessaria
1620 1797 2001 1856 scientiarum
2054 1797 2437 1858 rationalium

285 1893 580 1955 elementa
618 1893 859 1954 adhibet
893 1893 1013 1974 (4).
1065 1895 1250 1952 Detur
1284 1892 1462 1972 igitur
1489 1892 1876 1974 psychologiae
1900 1893 2233 1975 empiricae.,
2260 1893 2427 1976 quod

289 2012 493 2053 revera
533 1991 644 2073 ipsi
681 1989 1067 2050 tribuendum
1103 2002 1226 2064 est3
1277 1989 1382 2049 sed
1421 2011 1559 2052 vera
1601 1989 1894 2071 ontologia
1930 2011 2054 2049 non
2086 1995 2432 2071 sejungatur

291 2086 366 2146 ab
396 2109 463 2147 ea
489 2133 505 2162 ⁷
555 2087 670 2146 nisi
703 2109 826 2146 non
866 2098 990 2146 tam
1036 2085 1475 2168 philosophiam
1514 2108 1689 2169 quam
1735 2086 2122 2170 philosophiae
2160 2086 2436 2147 umbram

291 2183 508 2244 habere
525 2184 654 2266 quis
674 2183 814 2244 velit
834 2229 849 2258 ‚
881 2202 1009 2265 quae
1029 2181 1279 2263 proinde
1295 2182 1625 2243 christianae
1652 2183 1763 2265 ipsi
1778 2182 1914 2244 fidei
1938 2183 2187 2244 exiti-alis
2200 2184 2432 2245 existat.

359 2392 424 2454 (1)
464 2388 565 2438 Hoc
587 2392 686 2456 jam
719 2392 866 2455 attigit
889 2390 1182 2438 Baldinottus
1199 2427 1212 2449 ‚
1241 2407 1317 2456 op.
1475 2389 1541 2454 (3)
1582 2390 1798 2449 Retinet,
1824 2394 1889 2440 ait
1914 2393 2092 2457 egregie
2113 2388 2164 2442 S.
2190 2391 2437 2441 Bonaven-

291 2476 373 2521 cit.
418 2471 643 2520 Teutam.
683 2471 906 2537 Metaph.
953 2471 1225 2538 Appendizc
1263 2472 1320 2520 de

292 2554 476 2604 Kantii
491 2553 871 2622 philosophandi
891 2557 1080 2604 ratione
1094 2593 1110 2612 ,
1141 2554 1167 2622 §
1191 2553 1314 2623 925.

291 2635 382 2687 Sed
403 2640 593 2686 intimos
618 2653 769 2686 nexus
802 2641 922 2687 inter
940 2638 1317 2688 Kantianismum

293 2732 339 2770 et
385 2722 762 2769 materialismum
802 2724 854 2770 in
891 2724 1177 2787 apertissima
1213 2722 1319 2771 luce

293 2805 532 2855 collocavit
561 2805 625 2854 cl.
659 2804 930 2871 Galluppius
951 2844 964 2865 ,
1000 2802 1183 2870 Saqqio
1213 2808 1316 2854 cri-

291 2890 413 2948 tico,
451 2899 542 2938 etc.

364 2972 430 3036 (2)
470 2972 570 3021 Cfr.
588 2969 674 3021 lib.
694 2989 724 3020 x
746 3009 760 3031 ,
789 2969 861 3021 De
880 2969 1084 3034 Triuia,
1107 2972 1214 3020 libri
1231 2989 1284 3021 m
1302 3011 1314 3030 ‚

293 3062 456 3102 contra
468 3054 803 3117 Academicos,
818 3054 898 3104 sed
911 3057 1159 3120 praesertim
1171 3055 1255 3103 lib.
1267 3073 1316 3116 n,

292 3133 366 3184 De
401 3136 547 3185 libero
578 3138 784 3186 arbitrio
808 3175 822 3198 ‚
863 3156 965 3203 cap.
999 3156 1026 3205 7
1047 3175 1060 3200 ,
1103 3153 1163 3187 12
1183 3176 1197 3198 ‚
1236 3138 1318 3186 ubi

295 3218 579 3286 Augustinus
601 3258 615 3280 ‚
655 3225 705 3270 in
745 3222 927 3287 dialogo
963 3239 1071 3271 cum
1103 3222 1282 3271 Evodio
1302 3260 1315 3279 ‚

294 3304 352 3351 de
379 3319 685 3351 numerorum
714 3322 768 3353 ac
794 3304 988 3353 unitatis
1017 3305 1132 3353 ideis
1165 3304 1319 3369 philo-

294 3382 566 3449 sophando,
603 3386 840 3447 ostendit,
873 3389 1088 3436 scientias
1122 3388 1319 3436 morales

295 3485 349 3516 ac
384 3467 720 3533 metaphysicas
752 3486 882 3535 aeque
915 3468 1319 3519 incommutabili-

294 3551 385 3599 bus
417 3568 471 3599 ac
502 3553 686 3599 aeternis
717 3553 957 3616 principiis
986 3554 1124 3600 inniti
1157 3567 1212 3600 ac
1245 3568 1317 3601 res

292 3635 610 3697 geometricas.

1404 2483 1541 2534 tura,
1588 2471 1784 2538 (mens)
1825 2475 2141 2522 scientiarum
2177 2475 2438 2540 principia

1403 2555 1762 2621 etdiqnitateffi
1785 2565 1839 2603 ut
1856 2556 2224 2623 sempiternalia
2247 2565 2290 2604 et
2310 2572 2431 2605 sem-

1393 2638 1734 2706 pitemaliter,
1765 2639 1883 2704 quia
1915 2657 2169 2705 nunquam
2191 2647 2347 2707 potest
2362 2639 2434 2686 eie

1401 2722 1624 2771 oblivisci
1685 2738 1851 2770 eorum
1886 2708 1920 2786 ⁹(
1942 2723 2201 2772 dummodo
2257 2722 2433 2770 ratione

1401 2807 1586 2870 utatur)
1614 2845 1627 2866 ‚
1667 2809 1790 2871 quin
1831 2824 1888 2855 ea
1930 2807 2102 2855 audita
2132 2803 2359 2871 approbet
2389 2811 2436 2851 et

1400 2891 1472 2937 eis
1504 2890 1733 2937 assentiat
1756 2927 1769 2950 ‚
1810 2906 1909 2938 non
1949 2897 2178 2953 tanquam
2217 2886 2275 2933 de
2312 2902 2433 2934 novo

1391 2972 1669 3038 percipiat,
1697 2972 1782 3020 sed
1809 2982 2038 3036 tanquam
2066 2969 2166 3018 sibi
2191 2969 2369 3016 innata
2387 2977 2435 3017 et

1395 3054 1671 3120 familiaria
1707 3061 2026 3120 recoqnoscat.
2066 3050 2198 3102 ltin.
2227 3052 2430 3107 mentis,

1404 3148 1492 3186 etc.
1528 3154 1633 3203 cap.
1671 3137 1721 3187 3.
2332 3186 2338 3190 ,

1475 3220 1539 3284 (lt)
1577 3219 1675 3268 Cfr.
1721 3236 1857 3284 supra
1896 3235 2001 3282 pag.
2046 3214 2173 3279 452,
2224 3227 2333 3265 nota
2373 3215 2425 3265 3.

1408 3300 1548 3351 Haud
1574 3303 1838 3351 inficiamur
1856 3338 1868 3360 ‚
1901 3300 2082 3365 aliquos
2102 3318 2126 3348 e
2147 3299 2434 3348 scholasticis

1404 3403 1502 3434 esse
1531 3383 1835 3449 conceptibus
1865 3382 2106 3431 abstractis
2138 3383 2309 3432 abusos
2332 3419 2344 3442 ‚
2378 3399 2432 3430 ac

1405 3467 1688 3532 ontologiam
1718 3482 1839 3530 saepe
1859 3483 1953 3514 non
1973 3475 2067 3513 tam
2090 3466 2262 3515 realem
2289 3481 2429 3531 quam

1401 3547 1692 3598 nominantem
1715 3558 1909 3596 sectatos
1939 3549 2113 3612 fuisse3
2149 3549 2228 3597 sed
2259 3547 2431 3597 abusus

1401 3635 1466 3680 rei
1501 3632 1675 3679 veritati
1707 3632 1898 3679 minime
1934 3630 2164 3679 officiunt.
