2502 4134
234 80 371 141 472

873 101 1074 139 macr.
1122 101 1191 137 DE
1234 100 1388 138 Locls
1432 101 1810 142 Tflnommcm.

340 245 477 305 190.
529 243 717 324 Atque
740 242 866 302 haec
886 242 950 300 in
974 243 1096 301 Deo
1123 240 1408 301 attributa
1437 242 1614 322 exigit
1641 245 1958 306 theoretica
1980 247 2165 321 rati03
2195 267 2382 325 prac-

253 348 374 401 tica
422 361 560 401 vero
600 335 791 419 quid'?¹
831 338 893 396 1Ο
941 338 1371 407 Sanctitatem,
1412 358 1544 420 quae
1587 338 1827 420 quidem
1869 352 2078 402 natura
2123 345 2386 402 absolute

251 436 510 519 perfecta
533 435 597 492 in
643 435 765 493 Deo
811 455 936 493 esse
968 432 1182 509 debet,
1219 432 1325 492 sed
1358 436 1647 493 extensive
1684 445 1885 494 tamen
1921 437 2223 498 limitibus
2260 443 2386 498 cir—

248 536 621 609 cumscripta
637 552 760 590 esse
785 542 980 612 potest
996 531 1107 611 (l).
1140 532 1209 588 20
1229 531 1515 590 Amorem
1547 529 1801 590 liberum
1829 542 1889 590 et
1913 532 2237 593 honitatem
2253 555 2389 614 erga

251 627 424 702 alios7
458 648 589 707 quae
617 627 760 686 item
791 625 1058 686 absolute
1091 627 1155 685 in
1190 648 1251 686 se
1276 631 1543 707 perfecta
1572 638 1712 685 sunt
1731 673 1747 701 ‚
1774 627 1880 686 sed
1903 631 2195 687 eatensive
2220 631 2390 689 limi-

251 734 380 782 tata
410 743 534 782 esse
569 733 797 804 queunt
824 719 938 803 (2).
986 724 1069 782 Ex
1095 722 1257 782 hisce
1291 721 1591 782 attributis
1612 723 1880 803 practica
1908 726 2070 783 ratio
2104 722 2386 785 determi-

250 830 356 878 nat
393 819 455 877 in
499 820 659 892 Deo.³
701 840 803 878 seu
847 819 1044 901 potius
1089 818 1393 878 moraliter
1432 818 1751 898 praescribit
1799 821 1922 879 Deo
1958 820 2173 894 finem,
2216 841 2392 902 quem

250 916 378 998 ipse
425 912 535 973 sibi
562 915 928 996 praestituere
954 913 1158 974 debuit
1189 914 1252 972 in
1283 915 1576 975 creatione
1598 936 1664 974 ac
1699 913 2089 996 destinatione
2118 913 2392 975 bominis,

255 1011 548 1072 Nimirum
575 1013 730 1070 Deus
757 1031 954 1070 creare
987 1009 1192 1070 debuit
1222 1013 1525 1070 hominem
1547 1022 1801 1092 propter
1821 1013 2153 1082 hominem,
2177 1021 2237 1070 et
2263 1011 2395 1093 qui-

254 1106 393 1166 dem
434 1118 679 1189 propter
710 1106 875 1165 istius
914 1105 1257 1166 felicitatem
1294 1105 1425 1188 (3),
1473 1107 1865 1191 eamdemque
1904 1109 2226 1168 maximam
2251 1128 2396 1189 pos-

248 1201 482 1264 sibilem
503 1202 631 1284 (4);
672 1202 723 1262 si
767 1223 902 1263 vero
938 1205 1094 1262 Deus
1130 1202 1250 1262 ullo
1283 1214 1454 1286 pacto
1495 1203 1740 1284 gloriam
1783 1226 1949 1264 suam
1987 1205 2052 1263 in
2093 1205 2388 1264 creatione

252 1298 463 1362 mundi
484 1297 873 1373 intendisset,
897 1299 1008 1357 hoc
1023 1300 1405 1379 philautia-m
1423 1300 1486 1358 in
1511 1303 1632 1361 Deo
1655 1312 1925 1382 argueret
1944 1345 1960 1376 ,
1987 1321 2054 1360 ac
2082 1311 2396 1383 propterea

254 1396 406 1456 ratio
423 1399 707 1476 practica
735 1394 797 1454 id
831 1397 1041 1477 nequit
1070 1395 1384 1455 admittere
1416 1396 1528 1477 (5).

342 1491 478 1550 191.
525 1493 664 1551 Haec
701 1490 1060 1573 theosophiae
1089 1490 1273 1551 veluti
1305 1490 1665 1551 lineamenta
1701 1513 1772 1550 ex
1808 1491 1929 1551 sola
1955 1491 2394 1552 introductione

253 1586 658 1669 philosophica
697 1587 988 1646 Hermesii
1018 1585 1472 1668 desumpsimus.
1517 1587 1671 1660 Quid
1706 1588 1756 1645 si
1788 1588 1854 1646 in
1886 1586 2036 1646 illud
2059 1587 2397 1667 dogmaticae

260 1681 919 1742 christiano-catholicae
961 1682 1199 1763 pelagus
1237 1682 1467 1762 ingredi
1514 1681 1909 1758 voluerimus,
1957 1683 2023 1741 in
2058 1704 2176 1764 quo
2199 1682 2398 1767 xmulto

261 1777 445 1837 fusius
485 1778 559 1838 de
603 1780 727 1838 Deo
768 1782 1008 1859 ejusque
1058 1775 1517 1858 proprietatibus
1558 1787 1951 1860 pertractatur
1985 1776 2119 1858 (6)?
2156 1778 2399 1839 Interim

259 2043 401 2088 etiam
422 2042 653 2096 homines‚·
679 2047 854 2102 quanto
871 2043 1022 2102 mayis
1039 2056 1146 2102 erqo
1163 2044 1290 2089 debet

256 2118 377 2163 illud
395 2119 603 2176 coqnosci
627 2131 656 2163 a
678 2119 791 2172 Deo,
824 2119 956 2176 cujus
978 2119 1290 2178 coynoscitiva

258 2193 460 2248 facultas
497 2194 610 2238 adeo
650 2194 778 2252 lonqe
815 2195 1068 2239 humanam
1100 2207 1290 2253 eoesupe-

258 2273 363 2322 rat,
386 2269 555 2326 quique
576 2273 758 2313 creator
779 2270 872 2314 est!

330 2343 401 2405 (l)
438 2343 506 2392 Ita
537 2344 838 2406 Hermesius,
872 2364 975 2410 pag.
1005 2343 1124 2412 475.
1170 2351 1290 2399 San-

259 2426 403 2470 ctitas
418 2426 503 2471 Dei
520 2431 600 2480 est,
611 2431 665 2471 ut
683 2428 901 2483 victima-5,
911 2427 1291 2488 Juoetanaturam

264 2512 398 2544 suam
419 2501 724 2547 intrinsecam
746 2502 949 2547 absolute
967 2504 1192 2560 perfecta,·
1215 2505 1291 2548 sed

262 2577 495 2621 eoetensive
510 2582 658 2635 potest
678 2579 840 2636 utique
856 2593 946 2624 esse
964 2581 1171 2625 limitata
1192 2579 1294 2641 (be-

262 2650 548 2712 schranket).
567 2652 804 2711 Siquidem
821 2655 1188 2701 demonstratum
1203 2661 1290 2713 est,

263 2724 410 2773 Deum
440 2728 549 2773 velle
580 2743 710 2774 omne
737 2732 911 2776 morale
939 2732 1107 2777 bonum
1124 2767 1137 2787 ,
1170 2734 1293 2791 quod

264 2804 361 2861 ipse
376 2807 629 2863 coqnoscit,·
648 2808 725 2852 sed
746 2808 1117 2854 illimitationem
1138 2811 1294 2869 coyni-

265 2881 406 2926 tionis
444 2896 538 2928 suae
574 2896 657 2929 nos
685 2885 885 2942 probare
914 2899 1008 2931 non
1033 2900 1291 2945 possumus.

211 2958 213 2960 ’
265 2953 385 3001 Hinc
403 2959 618 3015 possibile
645 2974 819 3019 semper
850 2967 936 3016 est,
960 2964 1083 3021 quod
1112 2964 1204 3008 haec
1231 2965 1295 3008 sit

263 3033 496 3102 limitata,
531 3042 573 3082 et
604 3045 926 3098 consequenter
958 3042 1081 3099 quod
1110 3040 1296 3099 aliquid

263 3112 508 3156 moraliter
528 3113 693 3159 bonum
710 3116 830 3172 soret
843 3131 932 3175 pro
950 3118 1048 3175 ipso
1070 3115 1235 3178 (Deo),
1254 3118 1296 3161 si

262 3184 350 3229 illa
371 3192 480 3231 esset
503 3190 774 3248 inimicata,
798 3194 922 3250 quod
946 3206 1070 3239 nunc
1091 3206 1186 3238 non
1209 3193 1295 3238 da-

268 3263 347 3305 tur
367 3275 453 3319 pro
474 3263 592 3321 Ipso.
823 3264 829 3268 ⁴

336 3335 400 3399 (ἢ)
440 3337 617 3403 Quoad
630 3345 952 3391 extensionem
966 3378 981 3403 ,
1004 3346 1149 3409 pergit
1163 3346 1259 3409 ipse
1277 3382 1290 3404 ,

258 3427 466 3484 possunt
492 3419 580 3467 illa
618 3422 774 3486 (amor
796 3428 840 3473 et
859 3425 1076 3488 bonitas)
1105 3442 1291 3491 semper

264 3498 478 3550 limitata
521 3518 649 3563 esse,
692 3507 809 3569 quia
834 3506 1066 3572 possibile
1095 3508 1292 3573 quidem

266 3593 365 3646 est,
403 3585 529 3649 quod
564 3590 772 3652 coqnitio
812 3589 915 3639 Dei
948 3590 1160 3639 limitata
1198 3592 1291 3646 sit,

1374 2039 1419 2078 et
1454 2031 1573 2095 quia
1600 2028 1812 2096 proinde
1841 2027 2072 2096 possibile
2108 2031 2272 2095 utique
2297 2039 2403 2095 θείς

1375 2112 1502 2177 quod
1520 2112 1659 2160 Deus
1684 2129 1781 2160 non
1807 2121 2058 2177 coquoscat
2084 2129 2271 2161 omnem
2291 2111 2404 2177 feli-

1375 2197 1602 2254 citatem,
1634 2197 1778 2262 cujus
1810 2213 1894 2243 ens
1931 2204 2069 2243 extra
2098 2212 2208 2244 eum
2245 2211 2404 2262 capax

1376 2295 1475 2326 esse
1483 2279 1764 2343 possit.pag.
1782 2275 1899 2345 476.
1911 2277 2008 2326 Cfr.
2019 2279 2157 2327 etiam
2173 2294 2276 2343 pag.
2287 2275 2401 2345 490,

1377 2362 1459 2411 ubi
1488 2362 1636 2410 fusius
1658 2361 1707 2409 id
1727 2363 1879 2426 ipsum
1898 2361 2100 2411 declarat
2115 2360 2400 2410 Hermesius.

1449 2442 1513 2508 (3)
1553 2443 1666 2510 Pag-
1699 2441 1819 2511 479·

1449 2527 1516 2591 (la)
1559 2526 1680 2575 lbid.
1717 2542 1821 2591 pag.
1856 2524 1979 2594 495.

1449 2609 1515 2673 (5)
1551 2608 1650 2672 cfr.
1689 2624 1791 2674 quae
1826 2609 1916 2658 hac
1954 2609 2013 2658 de
2043 2626 2092 2659 re
2120 2609 2324 2658 diximus
2353 2610 2403 2656 in

1381 2702 1518 2743 tract.
1544 2690 1613 2741 De
1633 2688 1733 2740 Deo
1750 2700 1976 2741 creatore.

1449 2774 1521 2839 (6)
1563 2773 1616 2821 ln
1664 2772 1940 2824 Introduct.
1971 2774 2101 2841 phil.
2135 2774 2403 2824 Hermesius

1380 2859 1611 2917 declarat,
1641 2875 1688 2906 se
1702 2875 1799 2906 non
1823 2861 2044 2923 attingere
2055 2857 2141 2906 Dei
2157 2856 2398 2917 attributa,

1380 2943 1470 2989 nisi
1499 2952 1732 3008 quatenus
1762 2942 1811 2990 id
1845 2944 2035 2990 inservit
2060 2956 2197 3005 scopo
2215 2956 2300 2987 suo
2326 2956 2400 2988 re-

1383 3025 1625 3073 velationis
1648 3011 1890 3074 veritatem
1925 3023 2292 3073 demonstrandi.
2314 3021 2403 3071 Ce-

1382 3119 1478 3157 tera
1505 3109 1564 3155 ad
1593 3109 1902 3173 dogmaticam
1929 3108 2139 3154 remittit.
2173 3106 2240 3153 Ex
2270 3105 2403 3154 dictis

1383 3207 1519 3254 porro
1549 3200 1673 3255 patet
1687 3228 1699 3250 ,
1722 3207 1864 3256 quam
1884 3190 2048 3236 merito
2067 3188 2126 3236 ab
2142 3187 2403 3252 Apostolica

1386 3270 1503 3320 Sede
1546 3271 1772 3321 Hermesii
1820 3270 2028 3340 doctrina
2077 3269 2295 3317 damnata
2345 3271 2404 3316 sit

1381 3357 1502 3404 circa
1531 3354 1616 3404 Dei
1644 3356 1916 3414 essentiam,
1950 3354 2238 3401 sanctitatem
2258 3389 2271 3412 ‚
2302 3354 2403 3420 jus-

1380 3440 1529 3486 titiam
1551 3473 1564 3496 ‚
1615 3435 1965 3485 retributionem
2016 3438 2307 3501 praemiorum
2359 3443 2403 3482 et

1381 3536 1622 3586 poenarum
1646 3518 1951 3568 inflictionem
1971 3558 1983 3580 ‚
2014 3521 2134 3567 circa
2155 3517 2241 3567 Dei
2265 3516 2404 3566 liber-

1379 3612 1517 3652 tatem
1538 3638 1552 3665 ,
1586 3611 1673 3650 etc.
1701 3612 1786 3653 etc.
