2502 4134
439 162 598 199 PAn‘r.
643 161 708 196 11.
759 159 884 197 cu).
930 159 1021 196 111.
1067 160 1135 195 nn
1179 158 1337 197 sscn.
1385 158 1671 198 semermi.
1721 159 1912 196 mrim.
2129 138 2244 197 135

121 325 241 363 non
269 302 522 362 litteram
544 347 560 370 ,
588 321 714 383 quae
736 290 942 360 occidit
966 346 981 375 ‚
1012 301 1113 360 sed
1140 321 1375 360 sensum
1401 311 1460 359 et
1483 301 1755 382 spiritum
1785 299 1948 382 sequi
1974 321 2034 359 se
2072 304 2245 381 profi·

122 410 350 473 tenter,
392 419 492 457 seu
515 402 682 475 juxta
719 398 1270 479 interpretationem
1307 417 1484 476 quam
1519 396 1571 454 ei
1605 395 1929 476 affingunt3
1968 417 2174 456 verum
2201 398 2249 455 si

121 494 202 552 ita
244 503 366 567 est,
410 514 548 574 ergo
588 514 707 551 non
756 491 877 551 sola
929 492 1259 573 Scriptura,
1310 489 1414 552 sed
1455 491 1568 573 ipsi
1611 503 1749 551 sunt
1787 492 2141 574 interpretes
2191 504 2252 552 et

111 588 356 667 judices,

196 683 338 741 205.
389 681 524 760 Obj.
557 682 830 741 secunda.
870 683 1045 763 Atqui
1077 681 1372 762 Scriptura
1406 681 1723 763 supponit,
1756 681 1817 740 in
1853 681 2127 742 omnibus
2155 684 2253 742 in-

131 777 575 836 discriminatim
610 781 703 855 jus
734 798 857 836 esse
888 777 1127 858 proprio
1157 763 1376 854 judicio
1402 775 1833 856 interpretandi
1864 797 2052 836 sacras
2075 779 2250 840 Litte-

127 896 240 933 ras.
266 875 329 932 10
350 875 576 932 Etenim
598 873 1191 956 Apostolus31Thess.
1217 874 1286 946 V,
1315 874 1419 946 20,
1437 871 1705 932 fidelibus
1723 870 1994 931 omnibus
2017 875 2248 935 scribit:

129 969 351 1029 Omnia
375 970 649 1048 probate,-
670 970 830 1047 quod
846 970 1070 1026 honum
1094 978 1204 1035 est,
1221 978 1417 1027 tenete.
1431 968 1500 1026 20
1515 966 1684 1040 Quod
1704 966 1940 1049 quidem
1962 970 2254 1031 monitum

126 1065 391 1144 congruit
426 1063 610 1122 indoli
641 1063 886 1121 rationis
910 1062 1185 1119 humanae
1205 1105 1220 1133 ,
1255 1081 1385 1140 quae
1418 1061 1604 1120 indita
1633 1061 1802 1121 nobis
1832 1083 1865 1121 a
1905 1065 2025 1122 Deo
2055 1077 2141 1125 est
2179 1067 2255 1128 ad

125 1182 194 1220 ea
221 1158 599 1239 intelligenda
620 1203 636 1231 ,
665 1177 793 1239 quae
815 1158 937 1217 sive
966 1177 1103 1216 voce
1127 1156 1252 1215 sive
1274 1156 1502 1237 scriptis
1529 1155 1699 1216 nobis
1722 1159 2253 1222 communicantur.

124 1256 190 1314 3⁰
219 1255 431 1313 lisdem
465 1263 776 1334 propterea
804 1252 1259 1312 hermeneuticae
1284 1251 1495 1330 regulis
1514 1297 1529 1326 7
1561 1251 1773 1334 quibus
1804 1265 2073 1316 veterum
2107 1279 2257 1339 quo-

118 1369 503 1429 rumcumque
539 1359 843 1406 auctorum
874 1348 1085 1429 scripta
1129 1347 1479 1429 exponimus
1514 1359 1572 1407 et
1601 1348 2101 1431 interpretamur,
2151 1374 2255 1412 ex·

118 1465 336 1526 ponere
365 1455 423 1503 et
457 1443 832 1526 interpretari
861 1464 1094 1525 aequum
1122 1453 1212 1502 est
1235 1454 1496 1503 auctores
1518 1463 1708 1503 sacros
1732 1489 1748 1518 .‚
1788 1446 1888 1527 qui
1921 1445 2257 1535 hominibus

118 1539 378 1598 humano
420 1537 980 1606 moreffscribebant.
1043 1537 1111 1596 40
1153 1538 1513 1598 Perabsurde
1553 1538 1801 1620 proinde
1846 1540 2102 1616 faciunt,
2156 1543 2256 1624 qui

119 1633 426 1694 Librorum
468 1634 806 1694 divinorum
852 1634 1404 1716 interpretationem
1430 1680 1446 1705 ,
1497 1633 1759 1693 humano
1790 1681 1806 1707 ,
1853 1647 1920 1694 ut
1959 1637 2251 1697 Pontificis

121 1730 370 1788 Romani
391 1776 407 1804 ,
435 1729 678 1788 arbitrio
701 1729 1017 1808 subjiciunt
1038 1729 1147 1808 (l)
1180 1729 1246 1787 50
1278 1731 1430 1788 Sane
1455 1730 1566 1788 nisi
1589 1728 1714 1789 haec
1735 1729 1996 1790 humano
2017 1731 2254 1812 ingenio

121 1822 412 1883 tribuatur
442 1824 682 1883 facultas
707 1845 896 1883 sacras
931 1824 1174 1883 Litteras
1204 1823 1669 1905 interpretandi,
1698 1835 1893 1883 actum
1917 1825 1991 1883 de
2015 1826 2253 1884 scientia
2297 1861 2311 1879 .

123 1916 335 1978 biblica
359 1931 545 1988 esset„
570 1921 876 1999 omnisque
898 1920 1137 1978 scientia
1156 1918 1524 1990 concideret
1550 1940 1682 1978 cum
1709 1920 1847 1978 satis
1869 1920 2017 1979 foret
2041 1942 2254 2002 pronas

12 2058 48 2086 -,
126 2014 456 2073 auctoritati
479 1990 742 2074 Ecclesiae
765 2035 933 2073 aures
962 2012 1246 2096 praebere.
1280 2015 1445 2094 Ergo,

199 2109 339 2168 206.
387 2112 559 2191 Resp.
585 2109 734 2191 Ney.
764 2112 1106 2189 subsumpt.
1141 2108 1229 2168 Ad
1255 2110 1358 2184 lm,
1386 2107 1557 2190 prob.
1589 2109 1743 2168 Dist.
1777 2107 1988 2170 Scribit
2015 2109 2253 2190 Aposto-
2336 2163 2345 2173 ,

125 2200 215 2259 lus
236 2246 252 2276 ‚
295 2203 597 2284 probanda
638 2227 669 2264 a
703 2205 971 2265 fidelibus
1006 2225 1130 2264 esse
1172 2203 1326 2263 dona
1359 2206 1644 2283 gratuita
1681 2203 1755 2263 de
1793 2203 2003 2284 quibus
2035 2203 2130 2262 hic
2160 2203 2251 2263 lo-

126 2298 357 2378 quitur,
383 2320 543 2358 conc.
557 2321 578 2368 ,·
602 2300 907 2381 probanda
931 2300 1066 2360 fidei
1083 2300 1356 2378 dogmate
1381 2320 1486 2379 per
1505 2300 1797 2380 privatam
1820 2299 2252 2379 Scrip-turarum

125 2392 709 2472 interpretationem,
743 2417 871 2475 neq.
908 2398 994 2453 De
1032 2394 1125 2452 his
1152 2415 1228 2451 ne
1267 2392 1512 2454 verbum
1550 2392 1792 2472 quidem
1827 2413 1896 2450 eo
1924 2390 2034 2450 loci
2073 2392 2253 2452 habet

129 2487 439 2568 Apostolus
460 2534 476 2563 7
501 2489 601 2570 qui
622 2534 638 2563 ἢ
662 2511 797 2548 cum
820 2499 1086 2568 ageretur
1114 2487 1189 2547 de
1210 2486 1449 2546 Concilii
1477 2486 1951 2566 Jerosolymitani
1984 2486 2249 2562 decret0‚

126 2605 246 2641 non
266 2585 655 2660 probandum
695 2583 873 2658 illud,
917 2583 1021 2642 sed
1057 2583 1510 2642 custodiendum
1548 2580 1815 2640 fidelibus
1841 2580 2110 2641 tradebat
2133 2582 2246 2663 (2).

129 2678 258 2757 Agit
302 2690 535 2753 autem,
569 2690 635 2736 ut
671 2690 833 2760 patet
864 2700 933 2738 ex
972 2690 1096 2736 toto
1133 2687 1443 2750 contextu,
1486 2675 1560 2735 de
1597 2675 1766 2734 donis
1807 2675 1920 2734 illis
1945 2677 2246 2756 gratuitiS‚

128 2772 336 2853 quibus
366 2794 471 2855 per
509 2795 639 2832 eam
672 2785 904 2832 aetatem
932 2772 1315 2832 abundabant
1345 2769 1578 2844 fidele33
1613 2791 1721 2830 nec
1754 2769 2032 2830 omnibu-s
2064 2771 2244 2831 fiden-

129 2867 269 2928 dum
300 2883 536 2945 monet,
578 2871 677 2954 qui
705 2893 768 2930 ea
812 2892 930 2953 prae
957 2892 1018 2930 se
1058 2868 1357 2943 serebant3
1398 2868 1504 2928 sed
1537 2879 1702 2928 caute
1726 2889 1791 2927 ac
1818 2867 2143 2951 prudenter
2179 2867 2254 2928 de

131 2964 336 3026 iisdem
362 2987 486 3026 esse
508 2966 894 3045 judicandum
920 2966 1028 3046 (3).

207 3224 271 3287 (1)
310 3225 376 3274 lta
419 3226 689 3284 Ernestius‚
742 3228 960 3276 Institut.
1003 3228 1150 3274 iuter·
1192 3208 1207 3219 ⁴
1235 3226 1336 3275 stoli
1366 3227 1593 3275 sententia
1636 3225 1880 3291 dupliciter
1912 3225 2043 3274 abuti
2078 3224 2260 3272 haereti-

132 3306 280 3365 pretio
320 3307 385 3355 N.
424 3308 488 3357 T.
521 3311 645 3375 apud
676 3307 968 3375 Wegscheid.
998 3306 1024 3375 §
1057 3306 1152 3371 25,
1238 3326 1344 3369 cos,
1378 3319 1422 3357 et
1447 3308 1601 3374 quoad
1635 3324 1709 3356 res
1736 3317 1782 3357 et
1814 3307 1967 3374 quoad
1991 3321 2224 3373 personas
2242 3338 2261 3365 ,

141 3393 239 3433 not.
270 3386 359 3449 (6).
1239 3401 1379 3457 atque
1421 3402 1675 3456 utrumque
1720 3389 2127 3438 absurdissimum
2165 3403 2262 3436 esse

218 3465 285 3528 (Ξ)
321 3469 421 3520 Act.
448 3487 524 3520 xvi
544 3510 557 3530 ,
589 3471 641 3536 4.
931 3474 933 3477 ’
1243 3475 1472 3537 affirmat,
1506 3491 1592 3524 nec
1625 3474 1714 3524 alio
1747 3474 1935 3524 tendere
1964 3490 2106 3541 quam
2132 3471 2260 3519 utin

218 3545 282 3608 (3)
314 3548 413 3600 cfr.
448 3570 548 3619 quae
574 3543 791 3620 praeclare
819 3557 871 3604 in
904 3556 1035 3604 hunc
1067 3555 1159 3604 loc.
1244 3557 1451 3607 doctrina
1482 3557 1591 3607 fidei
1622 3558 1743 3607 nihil
1776 3574 1988 3624 unquam
2021 3556 2131 3604 certi
2163 3551 2252 3613 sit,

137 3629 292 3678 scribit
318 3630 496 3696 Euius,
534 3639 615 3702 qui
647 3639 872 3701 ostendit,
922 3639 1011 3688 hac
1040 3637 1164 3705 Apo·
1247 3638 1360 3689 dum
1389 3641 1553 3690 omnia
1582 3641 1800 3690 omnium
1832 3632 2039 3690 examini
2069 3646 2113 3687 et
2136 3633 2266 3704 judi-
