2502 4134
263 139 379 200 318

870 156 1064 198 TRAcw.
1112 163 1180 199 ΒΕ
1224 163 1374 201 mels
1415 166 1796 207 rnssozoalcls.

261 305 532 390 pluribus
561 303 686 363 aliis
713 301 994 362 doctrinae
1028 304 1360 367 christianae
1387 307 1706 389 capitibuS,
1745 309 1959 393 quibus
1982 310 2083 372 illa
2111 310 2269 372 haud
2295 335 2402 396 pa·-

261 424 396 461 rum
431 399 763 458 inserviunt
805 399 916 480 (1).

346 495 422 553 47
429 495 487 553 7.
538 493 876 575 Sepulcreta
913 516 1091 577 porro
1127 516 1195 554 ac
1225 516 1414 556 sacras
1451 498 1600 557 aedes
1641 499 1701 557 in
1739 501 2015 562 eumdem
2060 504 2241 564 finem
2275 503 2404 564 col-

262 591 487 650 lineare
539 589 774 649 abunde
819 612 889 650 ex
924 613 1005 650 eo
1048 590 1234 673 liquet
1260 638 1277 664 ,
1325 593 1483 672 quod
1528 593 1748 654 ibidem
1790 598 2160 677 reperiantur
2203 599 2405 660 altaria

263 698 453 747 erecta
495 685 567 745 ad
612 688 882 760 Sacrificii
930 686 1423 762 celebrationem,
1463 690 1745 770 imagines
1783 690 2151 771 symbolicae,
2193 695 2406 777 quibus

263 785 552 868 praecipua
597 783 891 865 religionis
936 797 1149 844 nostrae
1192 787 1471 867 mysteria
1510 787 1947 847 adumbrabant
2010 790 2187 871 primi
2226 792 2407 851 Chri-

264 880 573 961 stiani(2);
606 881 884 959 imagines
903 882 1045 941 item
1065 881 1303 958 Christi,
1329 884 1611 966 Deiparae,
1641 895 1977 943 sanctorum
1996 883 2409 967 Apostolorum

264 997 331 1036 ac
366 977 689 1057 Martyrum
716 1022 733 1051 ,
775 999 1027 1059 quarum
1070 977 1281 1059 aliquae
1323 1000 1457 1038 cum
1497 1001 1672 1062 supra
1709 980 1893 1040 altare
1923 982 2154 1064 ipsum,
2193 982 2255 1040 in
2292 1004 2408 1065 quo

266 1072 468 1148 divina
493 1072 924 1155 peragebantur
946 1075 1220 1154 mysteria
1240 1121 1255 1149 ,
1283 1076 1657 1158 reperiantur
1674 1123 1688 1151 ,
1715 1089 2062 1158 argumento
2086 1079 2409 1139 certissimo

263 1180 441 1242 sunt,
489 1191 611 1228 non
657 1169 731 1242 ad
773 1191 944 1229 usum
990 1168 1180 1228 solum
1206 1217 1221 1245 ,
1261 1193 1469 1230 verum
1509 1173 1686 1231 etiam
1725 1173 1800 1231 ad
1831 1174 2271 1234 venerationem
2316 1195 2412 1234 eas

268 1266 442 1326 fuisse
495 1265 740 1326 adscitas
789 1265 1011 1348 (3).Ῑά
1060 1269 1253 1348 ipsum
1308 1267 1638 1327 luculenter
1683 1271 1967 1329 evincunt
2009 1291 2238 1346 ωηερε,
2288 1292 2412 1330 non

268 1384 443 1455 supra
478 1362 949 1437 altariasolum,
993 1363 1099 1424 sed
1134 1364 1308 1422 etiam
1353 1364 1428 1422 ad
1471 1365 1663 1423 sacelli
1707 1367 2036 1446 ingressum
2078 1367 2408 1440 collocatae,

268 1471 336 1518 ut
381 1481 477 1519 eas
513 1459 826 1519 Christiani
873 1460 1354 1519 exoscularentur
1382 1458 1497 1540 (4)
1542 1462 1623 1519 Ex
1662 1461 1750 1518 his
1786 1460 2026 1520 ulterius
2058 1462 2407 1535 edocemur,

270 1579 402 1640 quae
434 1557 655 1617 fuerint
697 1578 833 1616 vasa
867 1577 1027 1616 sacra
1058 1556 1134 1615 ad
1155 1556 1353 1615 ‘cultus
1394 1556 1693 1615 christiani
1727 1579 1897 1615 usum
1929 1557 2039 1638 (5).
2070 1558 2200 1640 Ipsa
2230 1558 2412 1617 etiam

269 1653 486 1714 aedium
528 1674 823 1712 sacrarum
866 1664 1157 1712 structura
1197 1651 1419 1723 indicat
1470 1650 1943 1727 distinctionem,
1990 1674 2121 1734 quae
2156 1653 2412 1711 interce-

272 1749 450 1810 debat
480 1750 635 1808 inter
664 1748 1046 1808 Sacerdotum
1075 1748 1606 1829 ministrorumque
1633 1759 1963 1807 ceterorum
1989 1769 2324 1808 consessum
2354 1758 2414 1807 et

272 1845 512 1930 plebem
542 1846 653 1927 (6).
695 1848 841 1904 Cum
887 1856 1171 1926 praeterea
1209 1845 1272 1902 in
1313 1842 1522 1903 iisdem
1568 1844 1786 1925 passim
1830 1855 2137 1903 occurrant
2173 1842 2410 1920 altaria,

273 2040 373 2105 que
403 2056 418 2086 1
437 2076 450 2097 ‚
486 2055 532 2104 p.
564 2033 632 2086 88
652 2072 665 2096 ‚
703 2038 867 2084 merito
898 2035 1058 2082 subdit
1098 2051 1112 2082 :

272 2127 320 2174 ei
352 2139 639 2183 nummum,
672 2137 811 2185 quem
844 2135 1005 2167 coram
1035 2120 1299 2183 proposui,

273 2207 470 2256 vidisset
514 2203 896 2272 (Friilichius)‚
949 2203 1037 2265 qui
1070 2218 1165 2266 per
1213 2218 1299 2250 an.

265 2301 386 2348 ςΠΡ,
416 2286 509 2336 186
527 2303 624 2334 uno
639 2285 798 2332 adhuc
815 2301 942 2331 anno
958 2293 1027 2331 est
1047 2285 1297 2348 posterior,

266 2383 309 2422 et
333 2374 420 2438 qui
440 2387 603 2420 armas
621 2368 749 2416 idem
765 2369 867 2433 ipse
884 2366 975 2428 esc,
992 2384 1128 2430 quem
1141 2366 1298 2430 faisse

268 2453 514 2506 Antiocho
555 2469 617 2501 vn
651 2461 949 2518 postremum
988 2449 1229 2516 praeclare
1262 2458 1307 2497 et

263 2538 475 2605 feliciter
487 2544 558 2585 est
574 2542 847 2599 aitquraeus
861 2537 885 2579 ?
905 2532 1138 2580 Habeant
1155 2534 1308 2597 iqitur

263 2624 346 2689 pii
381 2623 486 2688 ejus
523 2635 690 2666 inanes
725 2619 925 2681 insiqne
962 2616 1100 2663 istud
1134 2615 1307 2663 indus-

270 2707 378 2754 trioe
410 2714 455 2752 et
490 2701 780 2751 eruditionis
804 2701 1069 2766 praemium
1092 2733 1108 2758 ,
1140 2697 1310 2763 imple-

272 2798 465 2852 tumque
508 2783 776 2833 liberaliter
820 2783 914 2829 Ιιαο
958 2783 1134 2828 iterum
1165 2788 1306 2846 parte

272 2880 432 2920 votum
462 2868 630 2917 lubens
666 2865 913 2932 qratulor,
948 2882 1039 2928 quo
1069 2866 1148 2911 vir
1170 2862 1304 2910 illus-

275 2956 364 3002 tris
380 2952 602 3001 stabilire
620 2951 902 2998 historicam
917 2947 1150 2995 librorum
1170 2946 1311 2994 Mac-

278 3036 587 3085 cabaicormn
596 3033 742 3096 fidem
759 3041 850 3079 toto
868 3035 1034 3078 animo
1049 3031 1307 3095 exoptavit.

347 3121 418 3182 (l)
455 3119 554 3168 Csr.
574 3119 839 3176 Wiseman,
858 3115 1151 3179 Conferenze
1168 3130 1310 3178 sopra

278 3201 327 3248 la
353 3203 669 3251 comtes-sione
697 3199 813 3247 delle
842 3199 1033 3245 scienze
1054 3194 1174 3243 colla
1203 3195 1311 3242 reli-

282 3285 423 3351 qione
456 3284 661 3331 rivelata
678 3320 692 3340 ‚
727 3283 915 3330 Confer.
943 3297 987 3328 ix
1008 3317 1020 3338 ,
1057 3277 1177 3326 Sull’
1204 3281 1307 3327 Ar—

279 3366 542 3430 cheoloqia.
1067 3423 1074 3428 ‘

350 3451 419 3514 (2)
455 3449 583 3497 Talia
604 3459 712 3496 sunt
737 3447 947 3514 symbola
972 3448 1125 3495 uotiua
1149 3463 1276 3494 areae
1291 3481 1307 3502 ,

283 3539 333 3583 in
366 3552 459 3601 qua
495 3532 620 3580 salus
651 3549 746 3579 esse
782 3539 957 3594 potest;
996 3545 1220 3587 ancoroe,
1266 3537 1313 3576 et

284 3617 496 3666 sitientis
543 3615 704 3675 cervi,
742 3615 896 3679 piscia
917 3651 929 3669 ‚
978 3611 1234 3666 columboe,
1273 3622 1313 3659 A

284 3711 328 3748 et
356 3709 400 3747 Ω
421 3737 434 3758 ,
468 3698 524 3746 de
553 3696 725 3763 quibus
775 3696 873 3743 fuse
908 3692 1121 3743 scribunt
1170 3693 1311 3742 colle-

1153 2034 1299 2099 Quod
1381 2046 1529 2083 ctores
1546 2037 1879 2101 antiquitatum
1899 2035 2254 2084 christianarum
2274 2054 2411 2102 supe-

1386 2121 1482 2166 rius
1500 2121 1880 2177 commemorati,
1901 2129 2042 2184 atque
2059 2122 2108 2167 in
2126 2120 2289 2183 primis
2305 2121 2413 2169 Bol-

1386 2199 1500 2249 detti
1521 2238 1535 2260 ‚
1572 2200 1660 2250 lib.
1691 2218 1707 2248 1
1724 2238 1738 2261 ‚
1766 2218 1873 2266 cap.
1902 2218 1929 2269 7
1948 2239 1961 2260 ‚
1990 2219 2101 2269 pag.
2125 2219 2192 2270 29
2216 2214 2263 2250 et
2285 2221 2419 2270 seqq.

1386 2282 1703 2345 Mamaehius,
1733 2281 1806 2331 De
1835 2285 2047 2332 moribus
2080 2287 2236 2350 prior.
2273 2285 2418 2334 Chri-

1386 2368 1539 2414 stian.
1567 2366 1651 2414 lib.
1682 2383 1726 2426 1,
1754 2384 1859 2432 cap.
1886 2363 1920 2414 ‘1
1950 2405 1963 2426 ‚
1995 2366 2021 2434 S
2047 2383 2063 2414 1
2091 2405 2104 2430 ‚
2144 2386 2252 2435 pag.
2290 2366 2380 2416 182
2399 2405 2413 2428 ‚

1396 2465 1481 2514 ¹9¹
1508 2487 1520 2507 ‚
1571 2447 1684 2515 196.

1463 2531 1525 2595 (3)
1563 2531 1663 2580 Cfr.
1713 2531 1949 2581 Boldettus
1969 2569 1982 2591 ‚
2037 2531 2155 2580 ibid.
2203 2550 2304 2598 cap.
2354 2533 2416 2595 33

1391 2615 1724 2682 Guadagrfius,
1771 2626 1886 2663 orat.
1931 2618 2008 2666 cit.
2044 2634 2148 2681 pag.
2191 2631 2255 2682 97
2280 2653 2294 2676 ,
2327 2613 2414 2681 98.

1392 2698 1489 2763 Ego
1524 2702 1619 2763 ipse
1655 2699 1905 2763 imaginem
1937 2698 2144 2762 Deiparae
2174 2700 2223 2745 in
2248 2714 2418 2745 coeme·

1394 2783 1507 2828 terio
1544 2779 1592 2827 S.
1626 2780 1814 2843 Agnetis
1850 2784 1922 2829 via
1957 2779 2245 2828 Nomentana
2277 2796 2414 2842 supra

1393 2861 1533 2910 altare
1568 2863 1798 2927 depictam
1835 2865 2084 2926 conspexi,
2128 2864 2177 2908 in
2212 2877 2308 2926 qua
2334 2859 2416 2909 Sa-

1393 2945 1621 2993 crificium
1649 2944 1967 2992 celebrabatur
1987 2980 2000 3002 ,
2031 2943 2325 2991 referendum
2358 2960 2413 2990 ex

1392 3029 1524 3093 periti
1554 3026 1741 3091 pictoris
1770 3024 1947 3091 judicio
1973 3025 2032 3073 ad
2063 3023 2315 3072 minimum
2354 3024 2413 3072 ad

1393 3129 1484 3161 sec.
1516 3110 1725 3159 Ecclesiae
1750 3127 1819 3157 iu.

1463 3195 1529 3259 (A)
1569 3193 1696 3241 Ibid.

1462 3278 1530 3342 (5)
1565 3275 1657 3323 Cfr.
1680 3273 1886 3337 Voigtius
1903 3311 1915 3330 ‚
1945 3269 2419 3336 Thysiasterioloqia‚

1395 3365 1488 3408 sive
1517 3357 1665 3406 Liber
1690 3355 1748 3404 de
1782 3354 2019 3403 altaribus
2041 3364 2248 3402 veterum
2278 3353 2419 3403 Clari-

1395 3444 1599 3490 stianor.
1631 3458 1712 3504 per
1730 3437 1778 3486 J.
1811 3437 2055 3485 Albertum
2085 3437 2347 3485 Fabricium
2368 3438 2418 3483 in

1396 3527 1547 3575 lucem
1565 3524 1737 3582 edituS,
1759 3521 2025 3589 Hamburgi
2048 3538 2192 3589 1709,
2210 3523 2309 3586 cap.
2336 3519 2417 3569 13.

1397 3609 1511 3657 Item
1533 3607 1823 3655 Mamachius
1842 3644 1854 3667 ,
1872 3623 1947 3670 op.
1963 3604 2045 3654 cit.
2060 3605 2141 3653 lib.
2158 3619 2226 3666 111,
2247 3621 2348 3667 cap.
2371 3618 2388 3649 1
2402 3636 2416 3649 .

1471 3691 1534 3753 (6)
1576 3690 1663 3738 Ara
1698 3693 1824 3738 enim
1862 3688 2122 3747 eminebat,
2158 3698 2240 3746 ut,
2272 3700 2419 3750 quum
