2502 4134
271 121 430 161 mur.
485 124 546 158 11.
593 121 712 158 car.
758 120 812 156 v.
866 120 932 156 nn
975 120 1134 156 sson.
1182 120 1357 157 sonu».
1411 119 1555 156 mor.
1609 119 1664 156 11v
1711 119 1857 156 tuve.
1903 116 2034 157 vnn.
2092 96 2211 156 217

111 286 216 323 usu
249 275 336 323 est
372 263 558 324 versio
582 260 857 321 catholica
883 262 1192 321 Duacensis
1212 308 1226 336 7
1257 282 1382 343 quae
1412 261 1569 320 edita
1592 261 1702 320 fuit
1730 259 2067 320 anno-1609
2094 260 2210 339 (l)3

112 361 172 418 in
214 358 409 418 Galliis
452 358 795 417 Fenelonius
839 358 1155 417 versionem
1204 356 1464 437 gallicam
1505 358 1653 416 Nov.
1695 358 1850 416 Test.
1894 355 2217 436 plurimum

111 455 377 535 provexit
419 452 540 533 (2)3
590 454 650 510 in
693 452 887 527 Italia,
923 464 987 510 ut
1019 452 1367 532 antiquiores
1413 451 1703 511 versiones
1747 451 1974 510 silentio
2001 461 2218 532 praete-

112 570 342 607 reamus
383 547 495 628 (3).
540 547 780 607 celebris
816 546 1131 605 admodum
1169 558 1256 605 est
1291 545 1476 606 versio
1513 543 1599 603 Cl.
1642 546 1877 603 Martini
1920 545 2217 627 Archiepi-

113 644 266 724 scopi
305 643 661 715 morentini„
702 663 831 723 quae
881 641 1142 700 omnium
1185 661 1336 721 pene
1380 634 1642 698 fidelium
1679 638 1948 698 manibus
1994 660 2221 721 usuque

112 739 433 797 conteritur
462 737 580 816 (4),
628 757 917 818 quamque
960 736 1134 796 etiam
1172 734 1305 793 Pius
1354 734 1423 791 VI
1469 731 1902 795 commendavit
1947 734 2215 816 apposito

114 1001 190 1031 an.
234 981 296 1031 D.
347 981 470 1031 1522
497 999 511 1043 ;
554 979 758 1029 Serarius
776 1017 790 1039 ‚
835 983 883 1027 in
926 978 1117 1044 Proleq.

114 1082 218 1129 pag.
251 1062 369 1126 1303
390 1063 682 1120 possevinus,
705 1063 753 1109 in
770 1078 852 1109 suo
871 1069 1118 1125 apparatu,

114 1156 234 1195 tom.
273 1163 304 1192 1.
338 1145 436 1193 cfr.
471 1143 795 1203 Cherubinus,
839 1159 916 1206 op.
953 1151 998 1190 et
1027 1141 1121 1189 loc.

115 1231 214 1276 citt.
255 1227 468 1275 Emserus
505 1243 601 1273 non
638 1227 770 1273 vertit
815 1226 902 1271 nisi
940 1222 1123 1271 Novum

115 1307 458 1355 Testamentum
478 1323 492 1364 3
540 1305 705 1353 Eckius
741 1305 918 1353 addidit
953 1307 1121 1353 versio-

114 1405 221 1436 nem
250 1388 369 1436 Test.
392 1386 568 1436 Veteris
584 1423 597 1444 ,
621 1388 680 1435 de
699 1406 789 1452 qua
807 1397 975 1453 praeter
992 1386 1125 1436 Gret-

114 1486 270 1516 zetum
287 1506 300 1528 ‚
352 1471 402 1516 in
447 1453 633 1517 Vindio.
681 1468 947 1517 Bellarmini
969 1506 981 1527 ‚
1032 1471 1126 1535 agit

114 1550 251 1599 Rich.
290 1547 479 1606 Simon,
514 1552 563 1597 in
604 1550 830 1615 Append.
869 1568 968 1613 pag.
1004 1548 1123 1599 532.

115 1630 251 1679 Juxta
265 1631 443 1679 Sixtum
468 1630 761 1681 Senens.lib.
780 1648 825 1679 vr
850 1630 988 1679 Bibl.
1014 1648 1129 1678 san-

114 1719 201 1760 ctae
215 1746 231 1773 ,
251 1712 419 1760 Eckius
445 1723 693 1778 utrumque
719 1714 947 1761 transtulit
971 1712 1128 1761 Testa-

116 1804 322 1842 mentum
339 1812 414 1842 an.
440 1810 456 1842 1
469 1792 581 1858 540.
596 1794 695 1843 Cfr.
714 1804 867 1842 tamen
883 1794 946 1843 Le
962 1794 1094 1861 Long
1111 1832 1123 1853 ‚

117 1875 352 1924 Bibliotli.
369 1886 482 1925 tom.
503 1893 544 1937 1,
569 1893 670 1941 pag.
689 1875 912 1943 307-382
928 1886 971 1926 et
994 1894 1123 1942 seqq.

115 1957 225 2006 edit.
259 1956 402 2023 ¹723·

186 2039 251 2102 (1)
286 2038 397 2088 Vid.
427 2039 481 2087 θ’
500 2037 710 2099 Connel,
741 2057 817 2105 op.
849 2042 930 2089 cit.
959 2038 1010 2087 A
1035 2038 1133 2104 full

121 2120 295 2184 Report
314 2122 372 2184 of
382 2122 458 2169 the
481 2122 773 2186 Proceedinq
787 2160 798 2179 ,
831 2132 920 2172 etc.
939 2141 1046 2190 pag.
1062 2120 1121 2185 41

122 2210 166 2249 et
193 2216 322 2266 seqq.
342 2200 458 2250 Haec
482 2206 626 2250 versio
653 2204 949 2268 quadraginta
979 2221 1127 2252 anno·

122 2300 226 2331 rum
257 2283 412 2333 labore
448 2286 665 2333 adornata
699 2296 765 2334 est
796 2302 822 2332 a
857 2286 1130 2335 doctissimis

122 2366 246 2424 viris,
260 2375 302 2413 et
313 2368 520 2414 omnium
533 2369 899 2431 praestantissima
912 2366 1130 2427 habetur,

191 2445 254 2509 (ᾖ)
281 2445 357 2494 Sic
373 2449 497 2495 enim
511 2450 607 2512 ipse
622 2445 802 2509 scribit,
818 2450 866 2494 in
884 2449 1015 2511 epist.
1028 2462 1059 2495 2
1072 2448 1131 2496 ad

120 2523 301 2594 March.
336 2527 393 2575 de
430 2527 690 2593 Seignelai,
730 2545 787 2576 ex
825 2526 1129 2586 Tremblade,

124 2604 189 2654 26
207 2606 343 2656 Febr.
382 2606 508 2656 1686
526 2647 538 2670 ,
571 2612 690 2658 circa
721 2611 956 2658 missiones
978 2606 1130 2659 Sain-

121 2696 256 2752 toqne
290 2708 308 2736 :
339 2687 598 2738 J’oubliais
631 2690 688 2738 de
728 2706 843 2738 vous
875 2690 978 2738 dire
1012 2691 1136 2755 qu’il

123 2784 243 2817 nous
262 2769 488 2834 faudrait
522 2789 615 2820 une
648 2772 951 2837 tres-qrande
983 2773 1131 2821 abon-

123 2850 272 2899 dance
295 2852 350 2899 de
371 2851 539 2914 liores,
561 2862 748 2902 sartout
770 2854 827 2902 de
843 2853 1135 2903 Nouvea-ux-

133 2930 428 2987 Testaments
444 2972 458 2996 ,
494 2942 540 2982 et
569 2935 652 2982 des
676 2935 975 2983 traductione
1003 2935 1060 2983 de
1088 2936 1134 2985 la

127 3012 287 3061 Messe
303 3032 414 3064 avec
431 3016 511 3063 des
530 3015 843 3082 explicatione
852 3035 871 3079 ‚⁴
896 3034 980 3065 ear
996 3034 1057 3065 on
1074 3035 1135 3065 ne

123 3091 217 3154 fait
245 3097 374 3153 rien,
413 3099 461 3145 si
488 3115 550 3146 on
587 3097 714 3146 n’tite
748 3098 812 3146 les
842 3099 983 3148 liores
1009 3098 1136 3147 here-

130 3173 276 3237 tiques
292 3196 311 3234 ;
334 3186 376 3225 et
391 3178 505 3227 c'est
531 3188 693 3228 mettre
715 3180 780 3229 les
802 3198 919 3246 qens
943 3198 1008 3229 au
1027 3182 1133 3229 des-

131 3259 313 3319 eepoir,
355 3277 444 3325 que
489 3263 546 3312 de
583 3264 648 3313 les
686 3264 789 3314 leur
829 3268 956 3328 oter,
997 3268 1044 3314 si
1076 3282 1137 3314 on

126 3349 189 3381 ne
221 3335 374 3388 donne
406 3343 438 3390 ὰ
466 3361 647 3394 mesnre
682 3347 825 3411 qu'on
870 3348 959 3396 dte.
993 3348 1057 3395 -Et
1089 3351 1137 3396 in

127 3435 198 3483 ep.
230 3418 258 3466 3
287 3422 346 3470 ad
378 3429 533 3478 eumd.
561 3429 617 3476 Il
634 3430 860 3494 faudrait
894 3434 1031 3484 aussi
1066 3436 1139 3479 re-

118 3500 307 3565 pandre
327 3503 408 3551 des
425 3505 1003 3567 Nouveaux-Testaments
1026 3531 1137 3563 avec

119 3581 414 3646 profusiori..
427 3621 439 3636 .
457 3584 497 3635 S
499 3590 520 3636 i
536 3607 596 3639 on
614 3591 718 3642 leur
736 3595 806 3644 ote
820 3595 944 3644 leurs
961 3595 1102 3645 liores
1112 3632 1128 3660 ,

1202 995 1317 1026 sans
1334 978 1436 1026 leur
1450 994 1509 1025 en
1528 977 1739 1034 donner,
1765 975 1828 1023 ils
1855 977 2019 1026 dir-ont
2038 995 2128 1043 que
2149 976 2214 1026 les

1204 1061 1448 1106 ministres
1478 1058 1585 1107 leur
1613 1060 1808 1107 avaient
1845 1059 1955 1106 bien
1992 1061 2094 1118 dit,
2132 1077 2222 1125 que

1206 1156 1328 1188 nous
1345 1157 1405 1187 ne
1427 1139 1646 1189 voulions
1660 1157 1754 1206 pas
1775 1139 1944 1189 laiseer
1960 1140 2045 1191 lire
2063 1143 2108 1190 la
2125 1142 2221 1191 Bi·

1206 1220 1277 1269 hle
1290 1257 1306 1279 ,
1340 1222 1397 1269 de
1428 1239 1555 1287 peur
1588 1223 1728 1287 qu’on
1752 1223 1826 1270 vit
1855 1221 1902 1269 la
1933 1222 2226 1272 condamna-

1205 1305 1308 1350 tion
1327 1303 1384 1351 de
1410 1320 1495 1352 nos
1512 1295 1845 1370 superstitione
1870 1312 1914 1352 et
1937 1304 1993 1351 de
2013 1320 2098 1352 nos
2121 1304 2226 1354 ido-

1207 1383 1399 1446 latries,
1431 1394 1476 1434 et
1507 1385 1569 1433 ils
1600 1394 1759 1435 seront
1789 1402 1856 1434 au
1889 1385 2142 1451 desespoir.
2166 1384 2226 1434 Et

1208 1465 1323 1514 alibi
1360 1469 1409 1514 in
1448 1486 1520 1532 ep.
1564 1468 1669 1516 data
1708 1485 1766 1516 ex
1800 1467 1987 1516 Rocelia
2021 1484 2037 1518 ς
2068 1466 2130 1515 Je
2165 1484 2226 1515 ne

1207 1550 1398 1596 saurois
1427 1566 1544 1597 vous
1580 1550 1684 1597 dire
1710 1549 1750 1597 le
1774 1550 1970 1598 nonibre
1999 1549 2057 1596 de
2088 1548 2226 1598 Nou-

1208 1646 1386 1677 veaux·
1398 1631 1694 1679 Testaments
1726 1631 1842 1679 dont
1874 1647 1937 1679 on
1968 1633 2129 1679 auroit
2149 1631 2228 1679 be-

1208 1713 1343 1771 soin,
1370 1722 1460 1761 etc.
1491 1713 1591 1762 Cfr.
1623 1712 2036 1779 Correspondance
2056 1712 2112 1760 de
2127 1713 2228 1760 Fe-

1208 1793 1380 1856 nelon,
1412 1795 1523 1844 edit.
1557 1795 1682 1843 Paris
1719 1792 1843 1859 1827
1862 1831 1876 1855 ,
1902 1805 2018 1845 tom.
2047 1797 2088 1844 ⁴1.

1279 1876 1343 1940 (3)
1381 1874 1654 1943 Cujusmodi
1693 1887 1801 1925 sunt
1835 1876 1940 1927 Nic.
1983 1876 2225 1935 Malermi‚

1211 1959 1322 2009 Ant.
1347 1959 1578 2023 Brucioli,
1615 1958 1934 2026 aliorumque,
1970 1960 2027 2008 de
2056 1958 2234 2026 quibus

1210 2043 1300 2107 agit
1320 2041 1567 2106 Le-Long‚
1597 2044 1647 2089 in
1677 2044 1757 2091 cit.
1784 2039 2015 2091 Bibliotk.
2047 2051 2164 2090 tom.
2189 2058 2226 2091 1.

1211 2122 1333 2173 Sisto
1350 2127 1398 2172 in
1415 2127 1620 2172 versione
1632 2123 1960 2174 Joan.Diodati
1981 2124 2222 2184 Lucensis,

1212 2208 1292 2271 qui
1320 2207 1410 2253 fuit
1438 2208 1647 2254 minister
1676 2206 1967 2254 calvinianus
1995 2205 2230 2254 Geneven-

1214 2288 1274 2333 sis
1295 2322 1309 2345 ‚
1348 2289 1521 2351 quique
1553 2287 1875 2350 paraphrasten
1905 2288 2059 2350 potius
2089 2304 2230 2352 quam

1213 2368 1510 2431 interpretem
1534 2369 1624 2431 agit
1642 2368 1693 2414 in
1709 2385 1790 2415 sua
1811 2370 2017 2416 versione
2036 2404 2049 2429 ‚
2083 2385 2137 2415 ac
2158 2369 2235 2415 ni-

1213 2449 1282 2497 hil
1310 2467 1406 2498 non
1435 2450 1493 2497 ad
1516 2465 1610 2497 suae
1642 2460 1770 2498 sectae
1793 2451 1958 2514 placita
1984 2450 2229 2515 pertrahit,

1215 2548 1355 2597 quam
1385 2533 1640 2579 versionem
1678 2542 1914 2597 propterea
1948 2550 2078 2580 suam
2112 2532 2233 2582 fece-

1215 2624 1324 2661 runt
1351 2613 1652 2663 Genevenses.
1688 2613 1825 2665 Porro
1861 2614 1959 2663 haec
2005 2617 2151 2663 versio
2181 2632 2232 2663 ea

1215 2704 1282 2744 est
1300 2732 1313 2755 ,
1344 2698 1476 2761 cujus
1499 2700 1596 2761 jam
1629 2695 1782 2760 plures
1806 2696 2027 2745 editiones
2042 2699 2232 2745 societas

1215 2777 1390 2826 Biblica
1423 2778 1624 2843 vulgavit
1646 2814 1659 2836 ‚
1693 2789 1832 2844 atque
1867 2780 1987 2826 inter
2022 2795 2107 2826 nos
2140 2779 2235 2826 dis-

1217 2862 1412 2908 seminat
1447 2860 1502 2907 ad
1547 2859 1846 2908 deserendum
1890 2859 2065 2908 bonum
2099 2876 2234 2908 nun-

1216 2941 1366 3007 cium.
1394 2939 1569 3005 Egregii
1597 2940 1834 2989 homines!
1862 2940 2112 2989 Historiam
2139 2942 2231 2990 hu-

1215 3025 1290 3089 jus
1315 3025 1530 3070 versionis
1556 3024 1656 3071 fuse
1681 3023 1850 3088 praebet
1867 3022 1919 3072 P.
1935 3022 2235 3072 Cherubinus

1217 3122 1242 3153 a
1269 3104 1318 3152 S.
1339 3104 1510 3169 Joseph
1529 3141 1541 3163 ‚
1575 3107 1623 3152 in
1656 3104 1846 3170 Appar.
1878 3103 1988 3152 bibl.
2023 3116 2230 3165 tom.1v‚

1218 3205 1323 3251 pag.
1363 3203 1453 3252 127
1485 3196 1530 3235 et
1557 3205 1689 3253 seqq.
1726 3187 1854 3236 Nihil
1888 3188 1983 3236 dixi
2016 3188 2074 3237 de
2108 3206 2230 3238 vers.

1217 3268 1302 3318 Jac
1335 3267 1394 3317 de
1426 3268 1654 3334 Voragine
1674 3307 1688 3330 ,
1729 3273 1838 3336 quia
1874 3272 2017 3319 critici
2050 3289 2154 3321 eam
2184 3274 2234 3319 in

1219 3351 1414 3400 dubium
1444 3362 1672 3401 revocant.
1697 3351 1795 3401 Cfr.
1821 3351 2061 3418 Le-vLong.

1289 3433 1356 3497 (4)
1394 3433 1564 3481 Mirum
1591 3444 1688 3493 est,
1718 3433 1870 3483 Glaire
1891 3435 2065 3483 nullam
2091 3433 2234 3499 hujus

1222 3517 1442 3564 versionis
1471 3508 1756 3580 mentionem
1783 3517 1970 3578 fecisse,
2005 3517 2136 3582 cujus
2164 3524 2232 3563 ta·

1217 3614 1326 3646 men
1348 3615 1482 3663 supra
1507 3596 1669 3663 viginti
1695 3598 1918 3648 editiones
1938 3597 2232 3665 prodierunt3
