2502 4134
2053 138 2169 199 437

260 172 423 210 Palt'r.
471 167 555 206 111.
603 166 751 205 SEGT.
798 167 837 203 1.
884 167 1008 203 GAP.
1059 166 1100 202 1.
1151 166 1218 201 DE
1262 165 1394 202 ΕΔΤ.
1445 165 1573 201 ΔΝΤ.
1624 163 1734 201 Fu).
1785 162 1966 200 SPEGT.

60 313 322 372 idearum
344 307 587 373 nexibus
611 306 949 386 detegendis
965 353 982 382 ,
1014 307 1077 364 in
1093 305 1399 388 principiis
1429 303 1855 367 universalibus
1871 303 2172 363 intuendis

59 407 336 486 factisque
366 404 729 485 applicandis
750 448 765 473 ,
807 424 871 461 ac
894 404 1061 463 novis
1086 402 1229 461 inde
1256 400 1599 462 veritatibus
1631 400 2015 473 deducendisz,
2045 419 2176 480 quae

60 501 256 562 omnia
291 501 355 558 in
391 498 503 557 alio
543 498 879 556 sublimiore
921 496 1126 555 ordine
1161 517 1338 577 quam
1382 494 1825 576 experimentali
1857 495 1966 554 sita
1998 505 2175 567 sunt,

59 597 127 654 20
154 595 451 654 scientiam
472 594 708 674 proprie
729 592 944 651 dictam
971 612 1005 650 e
1023 590 1218 650 medio
1242 589 1467 648 tollere.
1494 591 1661 649 Facta
1691 591 1850 650 enim
1870 590 1976 649 etsi
1997 589 2181 648 innu-

61 711 219 749 mera
235 710 298 748 ac
314 687 514 748 sedulo
530 688 831 746 observata
857 706 1087 766 semper
1105 685 1165 742 in
1183 686 1506 758 individuo
1521 696 1829 746 versantur
1844 710 1860 758 ς
1877 695 2180 765 nequeunt

61 807 196 863 ergo
235 805 342 843 nec
388 781 886 843 universalitatem
932 800 1040 839 nec
1079 780 1482 857 necessitatem
1532 778 1694 837 illam
1737 779 2004 858 gignere,
2053 800 2182 860 quae

63 880 136 938 ad
170 900 371 939 veram
419 877 719 936 scientiam
760 875 1002 933 omnino
1040 874 1422 955 requiruntur
1456 873 1677 957 (1).3”ο
1722 875 1805 932 Ex
1848 895 1964 955 quo
2004 874 2182 932 etiam

64 973 473 1054 consequitur,
518 972 791 1032 veritates
833 969 1077 1028 maximi
1115 969 1403 1027 momenti
1438 968 1860 1050 metaphysicas
1884 968 1960 1027 de
1986 968 2182 1027 anima

64 1091 129 1128 ac
179 1068 252 1128 de
288 1070 407 1126 Deo
464 1067 544 1124 ita
599 1066 662 1123 in
694 1063 1031 1143 hujusmodi
1059 1063 1334 1144 empirica
1375 1062 1742 1144 philosophia
1765 1059 2078 1137 constitui,
2118 1072 2184 1121 ut

65 1162 216 1222 facili
263 1161 493 1240 negotio
535 1161 941 1218 concutiantur
986 1179 1051 1217 ac
1093 1157 1423 1218 concidant.
1474 1156 1629 1231 Quid
1658 1178 1796 1218 vero
1833 1157 1907 1216 de
1947 1179 2183 1217 morum

62 1258 298 1317 scientia
334 1253 690 1314 dicendum?
736 1252 889 1312 Illud
935 1262 1160 1312 certum
1198 1264 1320 1328 est,
1372 1253 1567 1311 omnia
1607 1251 1952 1311 moralitatis
1990 1263 2176 1333 syste-

63 1363 253 1424 mata,
296 1370 427 1431 quae
459 1347 599 1407 inde
648 1347 974 1427 prodeunt,
1027 1347 1275 1405 morales
1329 1346 1483 1426 leges
1532 1367 1849 1428 earumque
1889 1346 2186 1430 obligandi

62 1448 182 1507 vim
207 1467 277 1505 ex
312 1464 474 1503 mera
508 1442 795 1516 utilitate,
831 1464 901 1502 ex
928 1442 1100 1519 hujus
1130 1442 1265 1501 vitae
1305 1442 1610 1518 felicitate,
1650 1464 1719 1502 ex
1764 1465 1962 1504 amore
1996 1446 2185 1505 socia—

60 1540 274 1613 litatis,
330 1559 400 1597 ex
451 1538 739 1596 societatis
790 1535 1260 1618 perfectibilitate
1314 1536 1608 1610 dimetiri,
1659 1561 1968 1621 nunquam
2007 1539 2180 1600 altius

62 1655 388 1713 assurgere,
416 1631 684 1691 ordinem
721 1632 1103 1691 intrinsecum
1142 1652 1206 1690 ac
1241 1631 1701 1707 immutabilem,
1733 1634 1794 1691 in
1819 1634 1960 1715 ipsis
1983 1656 2182 1695 rerum

64 1729 327 1789 essentiis
376 1728 796 1801 constitutum,
847 1725 1177 1785 absolutum
1222 1726 1494 1787 humanae
1553 1728 1871 1808 voluntatis
1917 1728 2180 1811 bonum,

61 1825 317 1907 positum
361 1823 423 1881 in
462 1821 828 1880 ordinatione
879 1823 1056 1880 etiam
1112 1821 1366 1881 naturali
1401 1823 1476 1881 ad
1517 1826 1705 1883 Deum
1741 1821 1924 1886 veluti
1963 1826 2183 1906 princi-

63 1921 227 2002 pium
252 1941 317 1978 ac
339 1917 616 1977 ultimum
641 1918 820 1976 finem
849 1938 1019 1975 suum
1040 1962 1057 1990 ,
1085 1918 1147 1975 in
1164 1918 1231 1976 iis
1259 1918 1549 1999 empiricis
1577 1919 1984 2000 systematibus
2005 1920 2182 2002 plane

65 2013 338 2094 ignorari.
374 2012 543 2086 Quod
570 2033 710 2071 sane
741 2011 830 2070 nil
864 2010 1025 2071 aliud
1049 2023 1137 2071 est
1154 2057 1169 2086 ,
1200 2012 1312 2071 nisi
1340 2034 1541 2072 veram
1569 2025 1628 2074 et
1655 2014 2031 2074 intrinsecam
2059 2037 2183 2074 mo·

65 2109 354 2168 ralitatem
391 2128 457 2166 ac
491 2106 781 2165 naturalia
826 2105 1133 2166 hominum
1173 2107 1357 2167 officia
1394 2109 1582 2190 specie
1627 2119 1798 2169 tenus
1841 2109 2175 2184 adstruere,

65 2224 130 2263 re
155 2204 389 2286 penitus
418 2202 718 2263 eliminare
760 2201 872 2280 (2).
919 2201 985 2259 40
1029 2202 1217 2275 Quam
1254 2201 1434 2261 facilis
1476 2202 1715 2262 demum
1753 2225 1824 2263 ex
1848 2204 1958 2263 hoc
1988 2205 2179 2286 empi-

68 2298 246 2357 rismo
281 2298 357 2356 ad
389 2295 868 2356 materialismum
910 2296 1103 2379 ipsum
1146 2297 1222 2355 sit
1263 2296 1601 2374 descensuS,
1632 2302 1776 2380 jam3
1797 2298 1908 2358 fuit
1941 2320 1974 2358 a
2011 2298 2181 2358 nobis

140 2575 205 2638 (1)
228 2573 324 2623 Csr.
335 2590 438 2640 quae
452 2574 652 2623 diximus
666 2575 715 2621 in
727 2569 1077 2623 Proenotandia.

69 2655 295 2704 Addimus
315 2694 329 2716 ‚
374 2659 424 2703 in
460 2657 570 2720 ipsis
607 2657 804 2704 scientiis
838 2655 1077 2723 physicis,

70 2754 171 2804 quae
197 2739 255 2786 ab
279 2741 556 2804 experientia
574 2744 679 2786 totae
698 2737 930 2803 pendent,
952 2755 1047 2786 non
1062 2774 1076 2796 ‚

70 2823 149 2885 qui
176 2821 307 2885 plura
335 2821 454 2870 facta
478 2820 808 2878 observarunt,
832 2822 1006 2884 optime
1023 2819 1080 2867 de

69 2901 158 2949 illis
188 2903 372 2954 meritos
402 2903 566 2959 fuisse,
605 2900 685 2949 sed
727 2903 840 2967 qui,
874 2902 1079 2948 notioni·

70 2981 158 3031 bus
187 2983 455 3048 ontologicis
484 3001 538 3031 ac
562 2983 730 3047 logicis*
754 2984 947 3031 criteriis
982 3000 1081 3031 me·

73 3065 162 3113 lius
192 3076 397 3126 utentes,
435 3067 556 3130 leges
590 3076 764 3114 naturae
801 3066 1082 3114 universales

76 3162 129 3192 ex
158 3145 285 3194 factis
311 3148 519 3212 colligere
545 3165 596 3195 ae
621 3158 741 3196 recte
770 3147 972 3196 stabilire
1002 3164 1084 3212 po-

77 3236 280 3276 tuerunt.
326 3227 506 3293 Quanto
548 3242 702 3279 autem
746 3230 795 3277 id
844 3232 990 3294 magis
1034 3232 1084 3277 in

78 3310 279 3356 scientiis
301 3345 315 3368 ,
366 3327 469 3375 quae
520 3309 778 3360 rationales
822 3321 1041 3360 vocantur
1069 3347 1082 3370 ‚

80 3391 343 3454 contingere
366 3408 481 3457 opus
508 3396 606 3442 est!
872 3381 877 3389 k

145 3471 216 3534 (2)
252 3471 382 3521 Certe
401 3475 437 3521 si
462 3474 677 3524 doctrinae
702 3476 897 3525 morales
927 3492 1085 3524 eorum

82 3555 295 3601 omnium
313 3589 326 3612 ,
364 3556 446 3620 qui
475 3556 671 3606 audiunt
687 3557 922 3606 militarit*
936 3575 993 3606 ae
1009 3573 1087 3606 so-

10 3651 14 3657 ·
82 3632 304 3690 cialistoe,
334 3636 685 3700 expendantur,
720 3642 787 3688 uti
818 3639 1086 3698 Benthami,

1162 2572 1491 2640 Romagnosii‚
1514 2584 1603 2623 etc.
1632 2591 1708 2624 eas
1735 2576 1787 2623 in
1817 2572 2064 2624 theoretico
2078 2593 2178 2625 em·

1164 2658 1386 2719 pirismo,
1427 2655 1485 2703 de
1523 2673 1617 2721 quo
1658 2656 1927 2722 loquimur,
1966 2657 2181 2708 fundatas

1163 2738 1433 2801 comperies.
1464 2736 1563 2785 Hoc
1588 2754 1722 2786 sensu
1748 2756 1907 2787 verum
1927 2750 2022 2801 est,
2048 2741 2179 2806 quod
2252 2734 2255 2741 ’

1163 2819 1353 2884 gallicus
1402 2818 1668 2886 explanator
1711 2821 1867 2870 Kantii
1891 2857 1905 2881 ,
1962 2822 2181 2889 idemque

1163 2903 1439 2963 kanfianus,
1472 2903 1636 2951 Villers
1670 2904 1881 2968 profert:
1912 2903 2014 2951 Des
2038 2904 2180 2968 qu’on

1164 2995 1247 3032 eut
1263 2983 1403 3050 place
1432 2983 1497 3032 les
1536 3001 1644 3032 sens
1678 3002 1767 3032 aur
1798 2985 1840 3032 le
1868 2983 2007 3033 tro'ne
2044 2985 2103 3033 do
2130 2985 2179 3035 la

1166 3066 1351 3132 metaph
1356 3066 1537 3131 ysique,
1556 3065 1805 3130 l’analoqie
1817 3066 2062 3115 candui-sit
2074 3065 2185 3115 l’in-

1165 3150 1280 3195 teret
1298 3165 1385 3195 sur
1396 3147 1522 3195 celui
1533 3148 1588 3195 de
1604 3147 1652 3195 la
1668 3147 1857 3196 morale.
1871 3147 2181 3215 Philosophia

1167 3229 1225 3277 de
1252 3229 1406 3278 Kam.
1437 3230 1557 3277 Metz
1589 3227 1704 3277 1801
1729 3267 1743 3290 ,
1778 3246 1884 3295 pag.
1921 3229 2039 3296 ¹593
2072 3231 2182 3280 licet

1167 3310 1258 3359 hoc
1283 3311 1599 3375 improbemus
1627 3313 1678 3358 in
1708 3328 1842 3359 sensu
1871 3313 2180 3377 pur-istarum

1169 3391 1503 3440 Kantianorum
1526 3426 1541 3454 ,
1587 3395 1668 3458 qui
1711 3395 1924 3441 virtutem
1957 3393 2176 3442 moralem

1171 3474 1339 3523 destrui
1377 3475 1576 3534 docent,
1622 3477 1659 3521 si
1699 3473 1838 3523 homo
1869 3491 1927 3524 ex
1961 3476 2178 3540 proprio,

1172 3555 1280 3604 licet
1308 3572 1431 3604 veroe
1449 3589 1465 3616 ,
1501 3556 1727 3604 felicitatis
1754 3573 1848 3605 suae
1875 3573 2056 3616 amore,
2086 3572 2181 3602 non

1175 3654 1231 3686 ex
1264 3654 1389 3687 mera
1420 3637 1528 3702 legis
1554 3640 1809 3687 reverentia
1840 3638 2031 3687 honeste
2060 3645 2195 3702 agat„
