2502 4134
459 178 621 214 mar.
674 174 734 212 11.
786 172 905 212 GAP.
952 174 1012 211 11.
1060 174 1127 208 ΒΕ
1173 170 1355 213 mvm.
1404 171 1532 209 cm.
1578 145 1714 210 tina.
1758 173 1963 209 msrm.
2186 150 2262 209 69

144 318 524 398 parandum.
574 316 887 396 Quidquid
920 309 1085 372 eoetra
1124 315 1224 372 laos
1254 315 1483 391 fuerit,
1516 318 1678 371 inter
1707 314 1829 372 Izoee
1851 323 2056 372 saneta
2080 324 2134 372 et
2165 315 2263 372 di-

154 418 301 472 vina
346 414 692 470 nullatenus
735 422 814 468 est
865 411 1273 489 recipiendum
1311 409 1421 487 (l).
1466 408 1833 485 Cassiodorus
1876 408 2078 467 itidem
2133 429 2266 468 cum

150 499 439 567 sacrarum
478 508 905 586 Scripturarum
938 504 1334 584 praestituisset
1377 523 1695 572 canonem,
1733 502 1966 583 qualem
2002 505 2262 562 Romana

151 602 440 661 asserebat
485 600 764 667 Ecclesia.
813 599 1014 658 scribit
1067 622 1081 657 ε
1131 600 1263 657 Has
1316 599 1614 675 siquidem
1664 594 1887 655 litteras
1930 620 2050 656 non
2106 602 2263 657 ratio

150 698 420 757 humana
436 699 679 774 reperit,
699 697 800 753 sed
816 695 1085 752 hominib
1094 715 1160 751 us
1179 698 1403 769 sanctis
1422 696 1613 750 virtus
1631 693 1873 750 caelestis
1893 694 2133 768 infudit
2146 693 2254 772 (2).

150 795 222 852 Et
254 792 373 850 haec
408 791 666 849 attulisse
705 789 980 862 sufficiat,
1022 809 1152 847 cum
1195 791 1428 846 Pau-um
1465 807 1639 867 opera
1669 785 1841 865 plane
1888 784 2100 843 referta
2141 787 2261 845 sint

138 887 433 965 ejusmodi
471 886 655 943 effatis
683 928 699 958 ,
737 883 949 965 quibus
997 883 1192 945 divina
1227 883 1530 961 inspiratio
1565 891 1664 938 aut
1701 879 2022 959 generatim
2060 890 2160 938 aut
2200 881 2261 939 in

150 983 337 1062 speeie
371 980 563 1053 libris,
596 977 806 1059 quibus
843 977 1108 1035 coalescit
1144 997 1333 1033 canon
1363 975 1739 1034 Tridentinus
1760 1020 1776 1048 ,
1808 974 2082 1034 asseritur
2105 971 2215 1052 (3).

236 1077 368 1134 109.
414 1077 605 1147 Quum
638 1092 775 1134 vero
807 1069 985 1128 nobis
1005 1069 1369 1150 propositum
1407 1069 1584 1126 fuerit
1612 1070 1879 1127 omnium
1909 1081 1968 1129 et
2002 1068 2257 1147 singulo-

150 1193 281 1230 rum
322 1169 639 1238 librorum‚
689 1166 790 1244 qui
827 1165 895 1221 in
942 1184 1164 1221 canone
1212 1162 1452 1221 Concilii
1491 1161 1818 1223 Tridentini
1852 1164 2258 1239 continentur,

146 1267 406 1326 divinam
449 1261 893 1341 inspirationem
933 1257 1232 1318 vindicare
1277 1256 1365 1316 ex'
1398 1259 1650 1338 antiquae
1695 1257 1955 1317 Ecclesiae
1999 1259 2259 1317 auctori—

145 1371 263 1418 tate
283 1403 299 1432 ,
328 1357 540 1415 idcirco
569 1354 642 1413 ab
678 1355 744 1412 iis
778 1354 1134 1435 argumentis
1161 1352 1525 1434 proferendis
1548 1352 1815 1416 consulto
1839 1351 2225 1412 abstinuimus
2242 1398 2258 1428 ,

141 1475 270 1536 quae
295 1455 625 1511 intrinseca
644 1448 912 1509 audiunt.
942 1451 1288 1529 Quanquam
1312 1449 1471 1507 enim
1490 1492 1506 1522 ,
1538 1459 1604 1505 ut
1628 1469 1736 1529 par
1765 1459 1853 1506 est
1870 1492 1886 1522 ,
1916 1447 2036 1507 haec
2060 1448 2258 1527 magni

139 1549 449 1620 faciamuS,
493 1566 558 1605 ea
588 1557 786 1604 tamen
823 1544 1015 1602 minus
1059 1542 1267 1602 idonea
1315 1541 1484 1601 nobis
1534 1541 1609 1600 ad
1646 1542 2055 1624 propositum,
2103 1541 2260 1624 quod

140 1642 530 1715 intendimuS‚
561 1641 679 1700 visa
710 1633 864 1698 sunt.
903 1642 1259 1718 Argumenta
1288 1628 1578 1719 siquidem
1603 1636 1723 1696 haec
1744 1682 1760 1711 ,
1799 1638 1925 1697 sive
1949 1635 2022 1695 ab
2052 1637 2260 1696 intima

138 1738 222 1797 rei
256 1749 462 1796 natura
494 1736 616 1794 sive
649 1757 681 1793 a
711 1736 1140 1816 Scripturarum
1171 1734 1432 1815 ipsarum
1463 1734 1809 1792 testimoniis
1848 1734 2028 1813 petita
2052 1777 2068 1807 ,
2102 1734 2260 1793 evin-

140 1844 281 1891 cunt
328 1830 565 1913 quidem
607 1831 669 1888 in
717 1851 961 1909 genere,
1012 1840 1115 1887 aut
1162 1830 1224 1887 in
1274 1826 1460 1886 Libris
1509 1828 1682 1886 sacris
1736 1828 2012 1888 veritates
2048 1849 2090 1895 a
2136 1830 2258 1887 Deo

141 1926 422 1988 revelatas
461 1927 780 1998 contineri7
806 1935 917 1982 ›aut
959 1925 1199 2003 Spiritu
1239 1925 1455 1982 Sancto
1499 1927 1843 2001 inspirante
1889 1924 2106 1980 locutos
2138 1905 2258 1981 esse
2329 1969 2331 1972 .

139 2033 369 2081 sanctos
394 2024 516 2081 Dei
541 2023 804 2081 homines
820 2062 842 2091 ,
883 2031 949 2077 ut
985 2020 1065 2077 ait
1097 2020 1154 2077 S.
1191 2019 1392 2078 Petrus
1420 2018 1531 2098 (4).
1573 2029 1673 2076 aut
1710 2039 1942 2076 omnem
1975 2019 2256 2096 Scriptu-

143 2138 280 2175 ram
309 2118 606 2176 divinitus
636 2111 1008 2194 inspiratam
1043 2135 1198 2187 esse,
1237 2124 1304 2172 ut
1338 2111 1598 2193 loquitur
1627 2113 1682 2171 S.
1715 2111 1922 2170 Paulus
1960 2110 2072 2189 (5),
2113 2108 2255 2170 alia-

138 2231 250 2290 que
289 2210 571 2288 ejusmodi
593 2255 608 2280 ,
654 2230 780 2291 quae
816 2219 1015 2290 aperte
1043 2207 1303 2289 produnt
1339 2208 1666 2288 Scripturas
1703 2209 1823 2266 Deo
1858 2216 2090 2264 auctore
2124 2225 2248 2264 esse

138 2315 435 2377 exarata53
467 2326 705 2377 verum,
742 2312 1135 2384 praetequam
1166 2301 1320 2383 quod
1354 2302 1473 2360 haec
1503 2301 1728 2382 aliaque
1760 2300 1851 2358 his
1884 2298 2092 2357 similia
2129 2310 2250 2358 tes-

136 2398 380 2456 timonia
422 2397 497 2456 ad
532 2397 677 2456 solas
708 2398 1040 2456 referuntur
1074 2398 1203 2455 Vet.
1249 2397 1402 2453 Test.
1442 2396 1797 2474 Scripturas‚,
1837 2393 2105 2472 nuspiam
2146 2391 2252 2451 de-

137 2491 419 2565 claratur,
462 2494 702 2573 quinam
740 2490 1073 2570 singillatim
1112 2490 1151 2547 ii
1191 2489 1428 2548 demum
1471 2488 1604 2547 libri
1647 2490 1817 2561 sint,>
1849 2489 1948 2569 qui
1987 2488 2253 2572 inspirati

135 2589 355 2647 censeri
383 2586 657 2647 debeant.
695 2587 891 2645 Nostri
927 2607 1099 2667 porro
1138 2585 1390 2644 instituti
1427 2595 1515 2643 est
1558 2582 1899 2656 ostendere,
1945 2603 2148 2642 omnes
2184 2602 2250 2641 ae

133 2682 385 2763 singulos
439 2683 739 2764 utriusque
794 2681 1027 2741 foederis
1077 2679 1289 2752 libros,
1345 2680 1446 2761 qui
1494 2681 1557 2737 in
1612 2699 1831 2737 canone
1880 2676 1953 2736 ab
2003 2677 2249 2737 Ecclesia
2297 2726 2302 2731 .

134 2777 409 2837 catholica
444 2788 677 2858 recepto
713 2777 1128 2849 inveniuntur,
1158 2775 1376 2856 Spiritu
1399 2776 1456 2832 S.
1484 2773 1715 2832 afflante
1748 2773 1919 2831 fuisse
1952 2772 2250 2853 conscrip-

134 2882 255 2947 tos,
294 2873 416 2933 sive
453 2872 521 2931 iis
559 2870 829 2931 omnibus
866 2882 926 2930 et
958 2870 1198 2951 singulis
1235 2863 1397 2928 libris
1433 2868 1695 2930 divinam
1726 2856 2022 2945 ¹ejusmodi
2056 2866 2244 2949 inspi-

205 3088 269 3152 (l)
320 3074 375 3138 ln'
429 3089 572 3139 libros
606 3090 712 3139 Vet.
759 3100 802 3139 et
845 3090 964 3139 Nov.
1013 3090 1137 3138 Test.
1294 3087 1360 3152 (3)
1399 3086 1487 3152 Qui
1504 3086 1636 3152 plura
1654 3085 1879 3151 ejusmodi
1898 3084 2083 3133 Pau-um
2109 3087 2243 3133 testi-

130 3185 320 3234 prooem.
350 3190 399 3220 n.
435 3169 521 3234 14,
556 3170 642 3232 15,
672 3170 755 3232 16,
779 3173 867 3221 cfr.
892 3171 1004 3220 edit.
1030 3171 1141 3219 Are·
1223 3171 1378 3217 monia
1395 3170 1551 3233 cupit,
1567 3168 1699 3216 adeat
1715 3169 1833 3215 inter
1846 3167 1956 3215 alios
1977 3165 2206 3215 Marchini
2224 3202 2240 3226 ‚

141 3249 226 3296 vali
245 3288 257 3308 ‚
290 3262 402 3301 tom.
425 3272 451 3299 v
467 3290 480 3311 ,
506 3271 605 3317 pag.
635 3251 746 3320 194.
765 3253 860 3301 Cfr.
882 3256 992 3301 item
1013 3251 1064 3299 E
1066 3260 1140 3316 ty·
1224 3267 1302 3316 op.
1321 3253 1398 3299 cit.
1418 3260 1538 3315 part.
1576 3266 1594 3296 1
1617 3284 1632 3310 ‚
1654 3254 1741 3297 art.
1762 3246 1821 3309 5,
1843 3266 1946 3313 pag.
1967 3263 2029 3312 72
2050 3257 2095 3296 et
2106 3262 2242 3313 seqq.

143 3329 380 3397 moloqiar.
410 3334 498 3383 lib.
526 3353 572 3383 vt
589 3373 602 3396 ‚
631 3354 682 3384 n.
705 3351 767 3401 9,
789 3336 905 3386 ibid.
930 3345 1044 3383 tom.
1064 3349 1139 3394 ιιι,
1224 3331 1411 3391 Casini,
1471 3328 1846 3395 Encyclopoedia
1898 3326 2014 3380 Sao.
2064 3327 2248 3394 Script.

143 3425 244 3472 Pag-
283 3411 400 3476 241.
560 3428 561 3436 ¹
1226 3413 1319 3462 vol.
1350 3430 1397 3473 1,
1435 3413 1604 3477 disput.
1636 3414 1799 3476 praevia
1829 3426 1879 3460 2.

214 3489 276 3551 (2)
303 3491 379 3540 De
396 3495 606 3545 institut.
628 3496 784 3546 divin.
802 3481 1065 3561 litter-..cao
1088 3497 1145 3545 13
1299 3495 1364 3558 (h)
1400 3495 1547 3560 Epist.
1576 3511 1610 3541 n
1629 3529 1642 3553 ,
1673 3510 1776 3559 cap.
1814 3510 1831 3541 ι
1850 3529 1862 3553 ,
1893 3508 1971 3542 21.

145 3580 188 3618 et
216 3568 301 3632 14,
326 3573 479 3624 collat.
496 3593 600 3640 cap.
620 3575 708 3639 26,
731 3595 839 3644 opp.
861 3578 973 3628 edit.
992 3578 1144 3628 Maur.
1300 3577 1368 3646 (ὅ)
1407 3576 1450 3624 ΙΙ
1482 3576 1608 3625 Tim.
1638 3593 1695 3624 ιιι
1713 3613 1727 3637 ,
1765 3573 1844 3625 16.

149 3662 262 3701 to¹1¹·
296 3670 330 3699 11
350 3689 363 3710 2
391 3671 496 3719 Pag-
524 3654 622 3720 546
649 3669 695 3708 et
719 3676 857 3726 seqq.
