2502 4134
247 68 367 152 422.

867 111 1064 149 TRAGT.
1113 111 1183 147 ΒΕ
1225 110 1376 148 mols
1419 113 1788 154 THEOLOGIGIS.

249 255 582 316 tribuenda.
615 254 794 331 Igitur
830 273 1070 335 campus
1101 246 1372 334 proprius
1401 253 1823 317 observationis
1855 270 2147 336 emer-me,
2191 260 2370 319 adeo-

248 374 363 435 que
397 348 778 433 physiologiae
800 393 815 422 .,
853 360 941 407 est
968 370 1222 429 corpus;
1267 371 1507 431 campus
1531 351 1807 432 proprius
1834 353 2252 415 observationis
2276 357 2372 415 in·

245 459 457 521 ternae,
497 444 759 525 adeoque
798 444 1223 525 psychologiae9
1265 449 1522 524 spiritus
1560 457 1683 518 est3
1723 467 1830 506 nec
1865 446 2081 510 debent
2115 452 2206 512 hae
2243 451 2373 510 duae

247 541 498 601 scientiae
550 541 707 598 inter
761 561 822 598 se
881 562 1142 621 unquam
1198 541 1518 603 confundi.
1572 561 1706 599 curn
1767 540 1983 602 habeat
2018 565 2375 628 unaquaeque

243 636 468 716 objecta
493 636 639 695 adeo
666 636 1089 696 essentialiter
1077 649 1235 696 inter
1257 657 1318 695 se
1342 637 1653 711 distincta
1686 637 1872 696 immo
1903 640 2178 720 oppositae
2202 642 2377 724 plane

243 743 471 792 naturae
501 733 614 812 (l).
1604 750 1607 752 ’

331 827 469 886 135.
519 828 903 906 Phrenologia
955 827 1185 888 definiri
1231 839 1426 910 potest
1490 830 1770 888 doctrina
1816 831 1886 888 de
1937 833 2382 910 multiplicitate

243 944 615 1004 organorum
647 925 1078 993 cer-abrahum,
1105 947 1178 984 ae
1212 926 1496 984 locatione
1518 936 1631 985 aut
1660 926 1792 984 sede
1808 928 2181 1005 facultatum
2204 930 2380 987 intel-

239 1022 589 1081 lectualium
629 1042 702 1079 ac
740 1022 1090 1079 moralium.
1123 1021 1295 1080 Haud
1326 1019 1576 1080 dubium
1620 1033 1740 1084 est..
1782 1021 1923 1102 quin
1958 1043 2024 1081 ea
2057 1022 2386 1084 inservierit

247 1131 307 1178 et
350 1117 540 1177 adhuc
582 1118 865 1178 inserviat
895 1115 969 1174 ad
1008 1117 1287 1179 fovendas
1322 1117 1614 1177 doctrinas
1652 1117 2072 1199 physiologicas
2109 1119 2389 1179 materia-

240 1215 487 1286 listicas:‚
528 1213 832 1295 siquidem
861 1214 984 1295 ipsa
1016 1213 1212 1293 alligat
1236 1225 1324 1272 tot
1350 1213 1610 1274 diversis
1627 1214 1857 1294 organis
1884 1215 2210 1274 functiones
2235 1215 2386 1297 ipsas

244 1310 607 1393 multiplices
655 1313 1062 1390 z‘ntellz‘yentioe
1112 1312 1198 1369 ad
1238 1333 1378 1368 eum
1422 1312 1610 1389 plane
1646 1302 1938 1382 modum,
1979 1332 2096 1391 quo
2143 1309 2408 1390 alligatae·

242 1407 381 1489 ipsis
420 1417 559 1464 sunt
612 1406 939 1464 functiones
973 1410 1347 1481 sensatz’onis.
1390 1405 1693 1486 Quidquid
1738 1427 1914 1486 porro
1954 1405 2026 1464 de
2061 1407 2390 1466 intentione

249 1502 425 1561 fuerit
462 1502 742 1584 praecipui
781 1501 953 1579 hujus
989 1501 1270 1560 doctrinae
1317 1501 1651 1573 fundatoris
1673 1545 1688 1571 .,
1718 1499 1969 1559 doctoris
2003 1500 2169 1576 Gall,
2200 1503 2300 1583 qui
2331 1524 2392 1562 se

244 1598 318 1658 ab
373 1599 641 1680 impactis
707 1600 862 1657 notis
918 1598 1321 1658 materialismi
1386 1620 1450 1657 ac
1521 1598 1794 1657 fatalismi
1845 1619 2095 1680 purgare
2151 1599 2386 1659 adnisus

244 1707 333 1755 est
352 1696 452 1777 (2)
471 1740 487 1769 7
520 1694 903 1754 nihilominus
933 1707 1067 1776 post
1097 1695 1319 1774 egregia
1353 1715 1530 1775 opera
1554 1738 1571 1768 ‚
1607 1715 1735 1775 quae
1767 1694 1914 1752 circa
1943 1693 2391 1775 phrenologiam

244 1791 643 1850 recentissime
673 1789 827 1848 edita
855 1800 993 1848 sunt
1012 1833 1029 1864 ἢ
1059 1790 1440 1871 insequentes
1475 1787 1754 1848 veritates
1777 1786 1965 1869 colligi
1986 1810 2155 1870 posse
2180 1789 2390 1850 viden-

245 1897 342 1946 tur
373 1884 483 1967 (3).
523 1886 598 1945 Ac
638 1886 701 1943 1ο
744 1883 903 1966 quod
939 1885 1352 1967 plu-euologia,
1390 1882 1657 1966 pluribus
1699 1884 1878 1944 etiam
1912 1905 1983 1944 ex
2014 1883 2214 1960 factiS‚
2257 1878 2384 1967 qui-

319 2135 386 2201 (Ι)
432 2134 553 2185 Vide
596 2135 808 2184 Rosmini
838 2173 850 2193 ,
909 2135 1119 2201 Oriqine
1165 2135 1282 2184 delle

246 2218 376 2280 idee,
417 2228 532 2267 sect.
557 2238 613 2283 v,
633 2229 825 2284 part.V‚
850 2236 953 2285 cap.
988 2217 1078 2282 16,
1105 2231 1195 2269 art.
1217 2218 1279 2284 4,

252 2301 413 2348 Linea
446 2300 501 2348 di
536 2302 721 2365 confine
767 2309 842 2349 tra
878 2301 926 2348 la
964 2301 1206 2367 fisioloqia
1257 2320 1282 2350 e

255 2383 503 2431 medicina
533 2401 557 2430 e
586 2382 634 2431 la
651 2383 936 2450 psieoloqia.

316 2465 390 2530 (2)
424 2465 478 2513 In
498 2483 635 2531 opere
651 2467 922 2515 Fonctions
949 2465 1018 2514 du
1043 2483 1245 2515 cerveau
1261 2502 1277 2532 ,

251 2558 365 2596 tom.
399 2562 450 2609 1,
487 2567 590 2614 pag.
625 2550 718 2597 231
753 2560 798 2598 et
831 2567 963 2616 seqq.
991 2549 1123 2598 Certe
1151 2553 1280 2615 prin-

252 2631 372 2695 cipia
393 2648 419 2679 a
441 2629 544 2679 Gall
569 2633 714 2696 posita
746 2632 905 2680 saltem
928 2632 1123 2698 periculi
1144 2633 1279 2698 plena

246 2723 375 2761 sunt.
392 2710 486 2761 Les
498 2713 703 2778 facultas
724 2713 1014 2780 spirituelles
1031 2748 1046 2776 ,
1070 2717 1132 2763 ait
1150 2717 1246 2780 ipse
1261 2751 1276 2775 ,

256 2794 638 2861 n'aqissentque
656 2814 755 2862 par
771 2796 812 2845 le
835 2814 1004 2862 moyen
1033 2797 1153 2845 dela
1173 2815 1272 2846 ma·

250 2879 387 2927 tiere.
417 2877 641 2944 Quamvis
667 2882 807 2944 igitur
835 2880 920 2929 has
951 2880 1188 2929 facultates
1217 2881 1276 2929 ab

252 2963 511 3026 organismo
546 2963 835 3027 distinguat,
869 2965 931 3010 ita
968 2971 1124 3010 tamen
1158 2980 1274 3028 pen-

250 3043 409 3092 dentes
438 3045 499 3092 ab
533 3044 610 3092 illo
642 3046 785 3105 facit,
819 3055 870 3093 ut
894 3046 1073 3094 nullam
1102 3048 1274 3094 imma-

251 3125 460 3173 terialem
488 3132 802 3192 operationem
831 3140 1041 3193 praestare
1058 3147 1124 3178 eae
1144 3147 1276 3194 posse

253 3204 531 3268 videantur3
586 3211 983 3274 quemadmodum
1022 3214 1090 3259 vis
1134 3221 1274 3260 attra-

252 3290 417 3337 ctionis
436 3326 448 3350 ‚
479 3294 547 3339 vis
576 3296 826 3356 vegetativa
847 3332 858 3354 ‚
889 3306 977 3344 etc.
998 3295 1120 3342 Alibi
1151 3294 1276 3342 affir-

253 3380 378 3430 mat,
411 3387 503 3435 que
538 3371 584 3420 la
614 3373 778 3422 liberte
798 3376 974 3425 morale
1001 3393 1063 3424 ‘ne
1087 3378 1275 3425 saurait

249 3455 426 3501 existar
439 3455 631 3519 qu'aeec
646 3455 692 3504 Ia
701 3457 936 3522 pluo-alite
953 3460 1034 3508 des
1052 3477 1269 3524 orqanea.

252 3536 307 3583 F
302 3541 522 3586 onctiom
534 3538 601 3586 du
614 3556 815 3587 cerveau
825 3578 840 3599 ,
857 3552 968 3591 tom.
981 3561 995 3590 1
1007 3580 1019 3602 ‚
1038 3561 1144 3608 pag.
1156 3542 1271 3610 307.

254 3616 500 3686 Siquidem
534 3621 636 3672 Gall
661 3627 932 3675 necessarias
964 3627 1189 3676 voluntati
1214 3628 1273 3676 ad

1364 2136 1598 2202 agendum
1630 2136 1935 2201 impulsiones
1979 2138 2387 2200 organorumexis-

1364 2222 1525 2280 fimat,
1559 2235 1612 2267 ac
1639 2223 1739 2266 sine
1770 2220 1826 2265 iis
1860 2212 1963 2266 eam
2000 2218 2131 2266 nullo
2171 2234 2221 2267 se
2253 2228 2385 2283 pacto

1363 2302 1420 2350 ad
1452 2301 1709 2368 quidquam
1740 2301 2044 2349 determinare
2070 2317 2229 2366 posse3
2255 2299 2387 2350 addit

1362 2395 1582 2450 praeterea
1599 2422 1610 2444 ‚
1640 2383 1767 2450 quod
1791 2385 1884 2431 istae
1916 2384 2219 2448 impulsiones
2243 2384 2387 2447 fim'e·

1363 2475 1467 2514 sent
1490 2483 1592 2533 par
1619 2465 1886 2532 l’emporter
1904 2501 1919 2526 ,
1956 2465 2070 2513 ibid.
2106 2484 2211 2530 pag.
2246 2463 2339 2514 281
2366 2503 2381 2526 ,

1365 2550 1547 2615 aliaque
1575 2549 1880 2615 hujusmodi,
1922 2565 2027 2616 quae
2059 2551 2149 2597 nisi
2179 2558 2383 2598 mentem

1363 2634 1592 2691 auctoris,
1629 2632 1890 2680 doctrinam
1923 2632 2088 2682 saltem
2119 2633 2218 2698 ejus
2243 2629 2381 2680 valde

1363 2726 1623 2780 suspectam
1653 2715 1877 2764 reddunt.

1431 2797 1500 2862 (3)
1527 2796 1652 2845 Inter
1664 2814 1801 2862 opera
1818 2799 2071 2846 recentiora
2085 2832 2099 2854 ‚
2121 2812 2224 2863 quae
2243 2795 2379 2861 phre-

1361 2881 1632 2946 nologicum
1666 2889 1864 2944 systema
1890 2879 2137 2937 refellunt,
2173 2879 2381 2926 eminent

1362 2974 1460 3011 tum
1500 2960 1618 3010 illud
1652 2962 1713 3010 cl.
1751 2961 1994 3027 Debreyne
2028 2970 2126 3008 tum
2161 2958 2276 3006 illud
2312 2959 2376 3008 el.

1361 3046 1395 3094 F
1398 3045 1621 3093 orichonii
1648 3047 1745 3109 jam
1771 3063 1796 3092 a
1825 3044 1961 3092 nobis
1991 3050 2377 3100 commemorata3

1357 3130 1441 3196 qui
1482 3126 1674 3193 quidem
1716 3136 1954 3184 auctores,
1992 3140 2099 3171 cum
2140 3125 2376 3171 scientiam

1359 3211 1662 3260 anatomicam
1694 3226 1748 3257 ac
1780 3207 2133 3273 physiologicam
2169 3208 2378 3271 apprime

1359 3293 1587 3356 calleant,
1634 3298 1729 3341 imo
1769 3293 2100 3357 profiteantur,
2138 3290 2376 3356 iidemque

1358 3382 1538 3427 sincero
1552 3377 1784 3441 religionis
1793 3374 1946 3423 studio
1960 3384 2187 3439 praestent,
2200 3389 2376 3438 magnae

1356 3462 1445 3509 bac
1476 3463 1525 3508 in
1555 3478 1605 3508 re
1633 3475 1728 3508 esse
1753 3457 1926 3506 debent
1953 3459 2253 3505 auctoritatis.
2278 3455 2372 3503 Re·
2393 3478 2409 3497 ι

1358 3543 1641 3593 censendum
1668 3543 1805 3590 etiam
1829 3551 1896 3590 est
1919 3558 2034 3606 opus
2053 3541 2178 3589 doct.
2205 3538 2261 3588 L.
2285 3538 2374 3587 Ce-

1359 3629 1444 3675 rise
1465 3660 1479 3685 ,
1524 3623 1719 3691 Expose
1759 3631 1804 3671 et
1842 3639 2046 3673 examen
2075 3623 2277 3687 critique
2307 3620 2374 3669 du
