2502 4134
2077 136 2195 195 441

305 167 463 204 PAn'r.
502 166 592 202 111.
639 164 784 202 sEcT.
832 164 871 203 l.
919 164 1047 201 GAP.
1092 165 1132 200 1.
1182 164 1250 199 DE
1294 163 1420 199 ΕΔΤ.
1467 161 1596 199 ΔΝΤ.
1645 160 1753 197 Fu).
1799 158 1979 196 SPEC'r.

91 308 427 368 methodicae
449 311 813 386 zynorantz'oe
834 351 849 379 ,
885 326 996 386 qua
1034 303 1415 386 philosophus
1456 301 1531 361 ad
1565 300 1963 383 cognitionum
1998 298 2200 379 analy-

91 404 202 462 sim
235 400 655 460 instituendam
676 446 692 474 ,
734 421 946 480 easque
980 420 1082 457 suo
1137 399 1199 456 in
1233 397 1437 456 ordine
1473 392 1835 455 collocandas
1856 440 1871 469 ,
1910 394 2111 474 fingit,
2139 414 2203 452 se

91 498 348 570 nescire,
384 496 541 577 quod
582 493 934 577 inquirendo
969 493 1210 553 tandem
1251 492 1471 571 detegit
1519 513 1584 550 ac
1618 491 2005 551 demonstrat.
2048 489 2204 547 Her-

90 594 304 652 mesius
348 602 546 650 contra
584 590 719 649 data
746 610 925 670 opera
961 587 1217 648 intendit
1252 587 1327 646 ad
1357 608 1559 645 omnes
1604 584 1902 667 possibiles
1932 605 1998 644 36
2022 584 2200 643 serias

91 686 486 746 dubitationes
535 705 967 767 quoscumque,
1006 683 1108 764 qui
1152 703 1348 742 secum
1391 679 1912 762 philosophantur„
1950 678 2024 738 de
2060 679 2203 760 qui-

90 781 449 862 buscumque
494 780 832 840 veritatibus
867 777 1186 859 impellere.
1221 778 1290 858 Et
1340 776 1604 856 quamvis
1641 774 1881 834 demum
1913 795 1985 833 ex
2023 771 2204 833 dubi-

91 877 310 936 tatione
329 875 405 934 ad
425 875 880 955 dogmatismum
898 883 1156 952 assurgat
1170 916 1188 946 ,
1211 871 1290 930 ita
1306 882 1508 930 tamen
1534 869 1813 930 methodo
1836 888 1951 927 suae
1968 867 2205 927 dubita-

92 971 229 1031 tivae
277 969 570 1028 mordicus
614 967 878 1028 'adhaeret
902 1012 918 1042 ,
965 968 1043 1026 ita
1092 987 1183 1026 res
1232 965 1695 1032 evidentissimas
1730 962 2002 1024 omnibus
2042 961 2207 1022 dubii

97 1064 434 1144 ambagibus
474 1061 783 1123 obnubilat
804 1105 822 1137 ,
866 1063 946 1121 ita
987 1062 1129 1120 dum
1165 1060 1387 1142 aliquid
1429 1062 1573 1120 certi
1622 1071 1681 1120 te
1710 1061 1963 1141 arripere
1996 1069 2203 1140 putas,

94 1161 159 1218 in
195 1158 356 1218 dubii
385 1158 620 1240 pelagus
662 1159 877 1217 iterum
905 1167 962 1215 te
991 1155 1311 1235 demergit,
1351 1167 1452 1230 ut,
1493 1155 1594 1237 qui
1622 1159 1744 1233 ejus
1778 1155 1997 1236 premit
2034 1154 2210 1214 vesti-

98 1257 186 1337 gia
206 1300 222 1329 ,
247 1266 527 1337 perpetua
551 1252 917 1313 dubitatione
944 1252 1189 1323 fluctuet
1214 1263 1498 1334 oporteat.
1532 1252 1683 1311 Hinc
1706 1271 1777 1310 ex
1799 1250 1906 1310 hac
1928 1248 2207 1311 methodo

96 1350 314 1409 factum
355 1359 475 1422 est,
505 1358 570 1405 ut
604 1348 937 1418 Hermesius
964 1347 1085 1428 ipse
1123 1347 1186 1405 in
1231 1347 1331 1422 iis,
1363 1366 1490 1428 quae
1527 1344 1601 1405 de
1637 1345 1898 1406 veritatis
1933 1367 1998 1404 ac
2035 1344 2212 1405 certi-

96 1443 316 1502 tudinis
369 1441 608 1500 criteriis
640 1462 717 1506 se
774 1441 1203 1500 demonstrasse
1250 1452 1456 1521 putat,
1516 1439 2002 1500 contradictiones
2051 1439 2212 1500 haud

91 1537 326 1617 effugiat
345 1582 369 1619 ,¹
406 1557 472 1595 ac
506 1536 571 1594 in
622 1539 845 1595 circulo
881 1539 1087 1595 vitioso
1120 1535 1579 1615 circumagatur,
1615 1534 1676 1594 id
1712 1535 1870 1617 quod
1909 1534 2215 1618 probaturi

93 1653 310 1691 sumus.
339 1632 523 1691 Nimis
560 1630 736 1711 igitur
763 1630 1004 1692 evidens
1037 1642 1126 1690 est
1144 1675 1161 1704 ,
1188 1629 1338 1690 nihil
1370 1651 1490 1689 esse
1522 1630 1631 1689 hac
1654 1629 1933 1690 methodo
1956 1629 2031 1689 ad
2053 1651 2215 1711 scep-

95 1727 388 1786 ticismum
440 1726 758 1786 fovendum
796 1726 1008 1806 aptius·
1043 1725 1196 1798 Quid
1229 1746 1403 1800 vero,
1442 1726 1492 1784 si
1525 1726 1769 1805 cogiteS‚
1811 1725 1963 1784 hanc
1998 1726 2214 1784 metho-

94 1823 245 1881 dum
278 1822 461 1902 ipsam
510 1820 636 1879 dari
674 1832 956 1901 tanquam
999 1826 1399 1880 necessariam
1438 1823 1825 1882 conditionem
1856 1832 1912 1879 et
1945 1822 2214 1880 radicem

95 1917 444 1977 christianae
464 1917 608 1995 fidei
619 1958 643 1987 ,
664 1936 908 1996 eamque
934 1913 1008 1973 ad
1036 1913 1306 1975 revelatae
1329 1914 1622 1995 religionis
1647 1917 1955 1978 veritatem
1970 1916 2215 1976 demon-

98 2010 401 2071 strandam
437 2009 510 2069 ab
532 2011 833 2070 Hermesio
867 2008 1198 2069 ordinatam
1229 2009 1404 2070 fuisse
1428 2009 1564 2092 (l)‘?

169 2176 236 2240 (l)
272 2172 595 2241 Introd.phil.
610 2175 740 2241 praef.
757 2192 859 2240 pag.
885 2191 960 2239 17.
979 2174 1112 2224 Certe

100 2274 158 2305 ex
192 2257 281 2304 hoc
317 2259 415 2322 ipso
453 2259 660 2306 cernitur
698 2257 951 2306 discrimen
995 2259 1114 2305 inter

100 2335 441 2386 dubitationem
465 2337 774 2386 methodicam
803 2337 990 2386 Cartesii
1009 2372 1023 2396 ‚
1056 2337 1115 2385 de

104 2436 196 2484 qua
227 2421 435 2484 superius
461 2417 604 2467 locuti
629 2436 789 2467 sumus
808 2454 823 2478 ,
853 2428 898 2467 et
929 2435 1031 2467 eam
1056 2417 1114 2465 ab

107 2500 345 2550 Hermesio
368 2511 605 2551 statutam.
628 2501 857 2551 Cartesius
886 2501 1116 2566 professus

48 2593 54 2596 ’
106 2594 199 2644 est,
234 2602 282 2633 se
309 2584 526 2633 methodo
544 2601 626 2632 sua
650 2568 876 2651 quidquid
900 2584 958 2632 ad
977 2584 1116 2632 fidem

105 2669 305 2733 pertinet
322 2677 495 2715 sartum
513 2677 683 2715 tectum
703 2664 841 2732 plane
857 2666 1117 2732 relinquere

104 2750 252 2812 velle3
283 2749 544 2798 Hermesius
565 2767 591 2797 a
617 2767 697 2798 sua
725 2749 944 2798 methodo
970 2751 1118 2797 ratio-

103 2829 264 2879 nabile
292 2833 442 2896 ipsum
471 2830 742 2895 obsequium
765 2830 886 2894 fidei
912 2832 1118 2896 pendens

105 2913 297 2962 omnino
326 2914 455 2962 facit.
487 2915 676 2962 Cartesii
713 2912 936 2962 dubitatio
964 2931 1118 2962 revera

110 2995 198 3043 fuit
224 2995 538 3061 philosophica
576 2995 822 3061 quaedam,
869 2995 940 3044 vel
982 2998 1116 3045 etiam

110 3080 257 3126 verius
270 3079 459 3139 dixeris,
480 3079 607 3128 velut
613 3083 803 3144 poetica
820 3079 963 3140 fictio,
980 3096 1119 3145 quam

111 3160 206 3223 ipse
231 3163 380 3209 statim
411 3162 608 3222 deserit,
651 3172 703 3209 ut
730 3163 967 3210 veritatem
991 3161 1122 3209 avide

113 3242 295 3305 arripiat
309 3243 593 3310 firmiterque
615 3243 835 3291 stabiliat.
855 3243 1122 3291 Hermesius

100 3323 162 3368 -in
188 3322 401 3372 omnibus
427 3325 557 3374 dubii
588 3324 860 3390 ambagibus
879 3327 995 3373 serio
1014 3323 1121 3373 diu-

113 3422 202 3470 que
230 3406 349 3453 circa
376 3424 559 3457 omnem
586 3413 725 3458 etiam
746 3410 1026 3474 primitivam
1043 3425 1121 3456 ve-

110 3488 287 3533 ritatem
324 3499 558 3550 versatur‚
600 3501 738 3557 teque
778 3493 838 3539 ita
873 3491 1120 3539 haerentem

111 3584 165 3615 ac
192 3585 462 3632 suspensum
493 3571 694 3634 detinet,
732 3583 783 3622 ut
811 3590 904 3639 quo
932 3573 1118 3622 tandem

112 3665 331 3700 evasurus
354 3652 413 3699 sis
442 3655 650 3717 nescias3
690 3656 751 3704 ita
789 3671 900 3705 vero
936 3656 1119 3707 tandem

1198 2175 1258 2224 ad
1289 2174 1468 2242 aliquid
1502 2176 1625 2224 firmi
1658 2179 1897 2241 pervenit,
1940 2187 1990 2225 ut
2026 2177 2216 2226 dubita-

1198 2260 1347 2305 tiones
1373 2274 1534 2306 omnes
1561 2275 1613 2306 ex
1637 2260 1792 2307 animo
1820 2262 1883 2307 ita
1908 2261 2007 2326 jam
2038 2260 2096 2308 ad
2127 2259 2218 2307 du-

1198 2338 1445 2387 bitandum
1471 2346 1653 2388 assueto
1677 2342 1872 2390 minime
1895 2341 2216 2409 dispellantur.

1200 2420 1429 2470 Cartesius
1459 2423 1519 2471 ad
1552 2422 1704 2472 Deum
1731 2426 1950 2472 citissime
1977 2423 2217 2487 ascendit3

1201 2503 1467 2553 Hermesius
1498 2522 1596 2553 non
1626 2506 1766 2553 modo
1801 2503 2037 2552 mundum
2067 2506 2218 2553 inter-

1200 2601 1318 2633 num
1330 2621 1347 2648 ‚
1382 2586 1557 2634 scilicet
1579 2597 1789 2635 nostrum
1814 2585 1950 2651 E90‚
1981 2586 2059 2636 sed
2083 2589 2221 2635 etiam

1202 2667 1437 2715 mundum
1474 2677 1750 2727 externum,
1797 2686 1851 2718 ac
1889 2670 2035 2734 legem
2074 2673 2223 2735 ipsam

1202 2750 1425 2798 moralem
1458 2751 1658 2816 perfecte
1693 2751 1973 2816 obligantem
2004 2754 2105 2818 jam
2136 2752 2221 2801 de-

1204 2842 1453 2882 monstrata
1481 2836 1643 2898 exigit,
1673 2844 1923 2901 antequam
1948 2835 2005 2884 de
2024 2837 2223 2884 existen-

1204 2917 1265 2963 tia
1302 2914 1389 2964 Dei
1424 2916 1553 2982 loqui
1595 2918 1843 2983 quisquam
1886 2919 2045 2981 possit.
2085 2917 2224 2967 Plura

1204 2997 1296 3047 alia
1315 3001 1463 3064 urgeri
1482 3008 1696 3063 possent3
1723 3016 1819 3047 non
1840 2999 1967 3064 quod
1986 3016 2071 3048 nos
2091 3001 2222 3048 omni

1204 3097 1259 3128 ex
1290 3090 1418 3145 parte
1447 3081 1643 3129 velimus
1675 3080 1922 3130 defendere
1951 3082 2225 3130 methodum

1205 3161 1515 3211 Cartesianam
1537 3197 1552 3224 ,
1606 3180 1707 3228 quae
1753 3163 1977 3212 abusibus
2023 3163 2223 3212 obnoxia

1206 3261 1302 3292 esse
1343 3254 1528 3308 potest,
1579 3245 1656 3292 sed
1701 3254 1754 3293 ut
1794 3246 1974 3295 eluceat
1995 3283 2008 3304 ‚
2057 3246 2184 3312 quod
2206 3283 2221 3306 ‚

1207 3328 1385 3374 etiamsi
1420 3326 1684 3375 Hermesius
1720 3344 1849 3375 suam
1886 3327 2227 3376 dubitationem

1203 3427 1228 3457 a
1262 3400 1463 3457 Cartesio
1496 3409 1701 3457 hauserit
1727 3412 1846 3474 (nisi
1876 3426 1930 3459 ea
1963 3412 2114 3459 verius
2143 3411 2226 3458 in-

1202 3489 1379 3555 diqena
1403 3492 1676 3540 hermesiani
1703 3494 1938 3542 criticismi
1965 3490 2125 3557 planta
2147 3491 2225 3539 di-

1204 3573 1346 3621 cenda
1372 3574 1474 3634 sit),
1504 3590 1604 3621 eam
1632 3583 1751 3623 certe
1779 3584 1908 3623 extra
1939 3589 2099 3623 omnes
2117 3588 2228 3620 can-

1204 3654 1341 3704 cellos
1382 3640 1693 3720 protrudent,
1738 3673 1791 3706 ac
1823 3657 2021 3706 maxime
2062 3653 2224 3703 saltem
