2502 4134
295 122 374 182 58
885 144 1086 187 rnAc'r.
1131 151 1200 188 m:
1244 151 1396 190 roms
1439 150 1823 191 Tunozocmis.

288 309 429 348 nam
468 288 918 371 inspirationem
947 292 1246 355 vindicare
1270 342 1285 371 .,
1328 306 1507 378 prout
1548 319 1580 356 a
1620 296 1879 358 Concilio
1911 298 2254 360 Tridentino
2296 323 2431 363 cum

288 386 565 447 universa
605 384 852 446 Ecclesia
890 391 1097 469 quovis
1140 390 1332 451 seculo
1372 403 1596 452 asserta
1635 405 1743 454 est.

373 483 471 540 92.
518 482 737 541 Verum
776 482 840 541 in
878 484 1078 567 plures
1107 485 1199 546 hic
1230 485 1544 547 incidimus
1582 511 1797 572 easque
1836 491 2205 572 gravissimas
2242 513 2432 574 quaes-

285 578 516 652 tioneS‚
567 599 695 659 quae
741 580 864 640 sive
911 593 1186 641 naturam
1237 584 1643 665 inspirationis
1694 592 1935 669 ejusque
1987 590 2428 666 extensionem,

284 673 407 737 sive
449 674 715 752 ejusdem
759 677 1070 737 veritatem
1107 700 1206 737 seu
1244 680 1621 740 existentiam
1659 680 1976 763 attingunt.

368 770 472 829 93.
521 771 600 829 Ut
634 783 834 831 autem
871 774 932 831 in
965 795 1029 832 re
1072 776 1223 833 tanti
1258 777 1550 836 momenti
1581 777 1876 859 quaslibet
1904 779 2271 840 obscuritatis
2297 800 2434 842 um-

283 864 456 942 bras,
484 867 679 949 quoad
715 872 838 946 ejus
873 869 999 929 fieri
1034 881 1265 952 potest„
1303 870 1666 933 declinemus
1687 918 1702 946 ,
1743 873 1906 955 prius
1953 889 2216 937 accurate
2249 899 2436 938 secer-

283 985 497 1039 namus
527 975 762 1046 oportet
785 1010 799 1039 ,
835 986 965 1047 quae
1003 967 1080 1025 ad
1116 966 1447 1029 doctrinam
1480 969 1828 1029 catholicam
1853 982 2156 1053 spectant,
2195 985 2324 1033 tum
2358 973 2436 1034 ab

282 1060 352 1119 iis
390 1082 517 1142 quae
551 1060 736 1120 libere
771 1063 833 1121 in
865 1061 1077 1122 scholis
1119 1063 1418 1123 catholicis
1458 1067 1757 1145 agitantur
1779 1112 1794 1141 ,
1835 1079 1962 1125 tum
2003 1068 2183 1127 etiam
2217 1090 2251 1127 a
2280 1091 2437 1129 non-

282 1156 583 1217 nullorum
613 1159 872 1218 erroneis
913 1169 1015 1217 aut
1046 1159 1442 1239 singularibus
1473 1172 1629 1222 certe
1663 1165 1972 1222 sententiis
1995 1209 2011 1239 ,
2039 1185 2168 1246 quae
2192 1177 2439 1247 praeter-

282 1266 528 1338 propter
558 1277 590 1314 a
631 1255 856 1315 sincera
897 1254 1163 1316 Ecclesiae
1200 1256 1500 1318 catholicae
1537 1258 1805 1319 doctrina
1841 1259 2188 1320 desciscunt.

366 1350 468 1411 94.
519 1352 798 1410 Doctrina
834 1373 1012 1432 porro
1048 1352 1332 1412 catholica
1363 1365 1488 1429 est,
1533 1377 1743 1415 omnes
1776 1378 2017 1438 prorsus
2058 1358 2182 1417 sive
2212 1359 2437 1418 Veteris

280 1448 407 1510 sive
449 1449 598 1511 Novi
635 1448 996 1507 Testamenti
1031 1450 1338 1508 canonicos
1373 1449 1579 1511 Libros
1619 1473 1748 1511 esse
1775 1449 2061 1514 divinitus
2096 1454 2436 1534 inspiratos,

367 1544 469 1602 95.
516 1546 619 1605 Ast
658 1545 722 1603 in
763 1565 881 1626 quo
916 1545 1180 1604 consistit
1217 1546 1506 1624 ejusmodi
1538 1548 1848 1631 inspiratio
1869 1549 1897 1606 P
1932 1551 2217 1623 Quaenam
2253 1551 2441 1633 requi-

281 1654 500 1702 runtur
538 1641 908 1703 conditiones
939 1663 1006 1702 ac
1042 1642 1377 1718 sufficiunt,
1416 1655 1485 1703 ut
1518 1644 1671 1706 liber
1705 1644 1894 1710 veluti
1934 1645 2218 1708 divinitus
2251 1647 2442 1732 inspi-

287 1751 450 1799 ratus
490 1737 781 1798 habeatur
803 1740 832 1797 P

371 1837 471 1895 96.
522 1835 882 1896 Existimant
929 1836 1241 1913 nonnulli7
1285 1837 1362 1897 ad
1408 1837 1675 1900 divinam
1711 1861 1815 1899 seu
1859 1840 2208 1923 inspiratam
2246 1842 2443 1925 Scrip-

288 1945 487 1993 turam
538 1933 1016 1994 constituendam
1058 1935 1318 2017 requiri,
1363 1946 1429 1994 ut
1456 1981 1472 2011 ,
1517 1935 1807 2018 quidquid
1853 1937 1915 1996 in
1957 1959 2023 1997 ea
2067 1940 2441 2016 continetur,

286 2030 466 2090 fuerit
505 2053 538 2090 a
568 2030 951 2113 scriptoribus
990 2031 1401 2114 hagiographis
1441 2035 1562 2092 Deo
1592 2032 1852 2093 dictante
1887 2045 2194 2094 exaratum
2217 2081 2233 2110 ,
2276 2035 2445 2095 nullo

289 2126 627 2188 discrimine
656 2129 1010 2211 interposito
1042 2129 1198 2189 inter
1236 2150 1301 2188 ea
1324 2175 1340 2204 7
1374 2151 1506 2211 quae
1540 2130 1804 2210 primum
1838 2129 1953 2188 illis
1979 2130 2238 2194 revelata
2262 2141 2437 2208 sunt,

288 2236 351 2286 et
385 2247 452 2285 ea
481 2246 611 2307 quae
649 2226 762 2307 ipsi
797 2225 908 2286 sibi
942 2225 1205 2285 humana
1238 2225 1528 2286 industria
1566 2237 1893 2309 potuerunt
1923 2248 2302 2310 comparare,
2337 2249 2446 2287 cu—

280 2322 543 2401 jusmodi
586 2332 728 2381 sunt
775 2321 1053 2382 historica
1104 2334 1281 2405 atque
1327 2323 1591 2383 moralia.
1632 2324 1707 2383 Hi
1749 2346 1925 2404 porro
1961 2345 2084 2397 non
2123 2346 2216 2384 res
2256 2324 2447 2384 solum

288 2429 467 2500 atque
515 2418 881 2493 sententias,
920 2419 1024 2489 sed
1067 2431 1127 2479 et
1172 2417 1354 2480 verba
1408 2418 1635 2499 singula
1683 2431 1743 2479 et
1795 2431 2088 2480 commata
2132 2421 2442 2503 apicesque

289 2515 662 2575 contendunt
696 2517 869 2576 fuisse
904 2516 1208 2599 inspirata.
1249 2515 1534 2576 Nonnulli
1564 2537 1708 2578 vero
1744 2516 1810 2575 in
1841 2517 1952 2576 hoc
1977 2527 2284 2601 tantopere
2304 2538 2442 2597 pro·

289 2612 472 2690 gressi
517 2624 689 2686 sunt,
735 2625 803 2671 ut
840 2614 1163 2695 Scriptores
1207 2633 1399 2672 saeros
1445 2612 1607 2673 velut
1652 2614 1884 2693 passiva
1927 2633 2166 2693 prorsus
2208 2613 2441 2671 instru-

291 2718 494 2767 menta
535 2719 849 2768 autument
888 2710 1148 2768 extitisse
1199 2708 1261 2765 in
1307 2708 1378 2766 iis
1421 2706 1898 2781 conscribendiS‚
1939 2730 2069 2790 quae
2107 2708 2247 2790 ipsis
2289 2707 2443 2770 divi-

291 2804 451 2864 nitus
489 2803 880 2865 tradebantur
920 2806 1031 2886 (l).
1078 2803 1251 2864 Unde
1286 2805 1609 2886 riyidioris
1654 2808 2086 2886 inspirationis
2124 2815 2438 2867 sectatores

291 2923 358 2961 ac
397 2899 660 2962 vindices
704 2902 920 2983 passim
958 2900 1229 2960 audiunt.

377 2997 477 3058 97.
528 2996 645 3056 Alii
697 3009 898 3057 autem
953 3019 1023 3057 ex
1077 2996 1323 3058 adverso
1348 3043 1364 3074 .,
1433 2997 1532 3079 qui
1588 2998 1958 3058 liberalioris
2012 3003 2442 3079 inspirationis

292 3103 606 3153 sectatores
649 3092 963 3169 dicuntur7
1006 3114 1114 3175 per
1149 3093 1360 3174 gradus
1394 3092 1580 3154 veluti
1611 3093 1902 3175 quosdam
1927 3095 2007 3153 ita
2046 3094 2332 3154 recedunt
2364 3094 2439 3153 ab

363 3357 430 3421 (l)
469 3353 568 3404 Cfr.
591 3355 733 3404 Bern.
757 3354 1018 3420 Rabaudy‚
1039 3352 1324 3403 Ord.Praed.
1409 3352 1627 3401 Janssens
1653 3369 1731 3417 op.
1767 3355 1848 3402 cit.
1881 3353 1968 3402 lib.
2004 3371 2046 3416 1,
2078 3354 2215 3419 chap.
2254 3371 2282 3402 2
2302 3393 2315 3417 ‚
2353 3355 2379 3423 §
2413 3359 2443 3407 3

295 3437 604 3487 Exercitatio
650 3438 706 3485 de
748 3438 1007 3503 Scriptura
1048 3437 1201 3486 Sacra
1244 3439 1329 3499 (in
1411 3445 1458 3484 et
1487 3433 1552 3498 43
1584 3434 1690 3484 Nic.
1723 3433 1963 3498 Serarius,
1996 3439 2047 3484 in
2079 3436 2447 3502 Proleqomem'o

304 3522 557 3571 Thesauro
599 3521 649 3570 T
648 3519 766 3570 heol.
798 3518 1095 3583 Zachariae‚
1131 3530 1248 3568 tom.
1283 3519 1327 3582 1)
1412 3517 1607 3567 biblicie
1635 3555 1652 3576 ,
1709 3517 1924 3584 Mogunt.
1993 3516 2120 3568 1612
2144 3556 2159 3580 ,
2213 3539 2316 3588 cap.
2368 3519 2402 3584 4
2427 3556 2442 3581 ,

298 3616 412 3654 sect.
446 3620 499 3666 2,
527 3602 616 3653 sub
647 3604 791 3653 finem
819 3602 845 3669 S
875 3603 938 3669 33
966 3620 1053 3653 nec
1072 3620 1169 3651 non
1201 3602 1330 3651 Bon·
1414 3611 1578 3669 quaest.
1613 3617 1697 3650 21.

297 3688 463 3737 frerius
480 3726 494 3748 ‚
525 3706 603 3755 op.
625 3687 710 3737 cit.
729 3706 834 3754 cap.
866 3686 898 3735 8
919 3724 932 3749 ,
959 3706 985 3737 a
1017 3697 1128 3737 sect.
1153 3704 1168 3734 1
1187 3687 1244 3735 ad
1268 3703 1294 3753 7
1315 3703 1330 3751 3
