2502 4134
217 130 335 191 580

835 153 1034 199 TRActr.
1084 153 1153 191 ΒΕ
1197 154 1349 193 Locis
1394 155 1753 199 Tflnomclcts

213 296 447 357 infensi.
493 294 588 356 Nil
631 294 791 354 enim
839 305 1038 370 vetat,
1085 296 1265 377 quin,
1333 296 1656 358 dummodo
1693 304 1975 380 generalis
2011 306 2384 384 methoduS,'

215 414 348 475 quae
398 402 591 451 totum
644 399 900 470 systema
947 390 1336 450 scientificum
1388 392 1670 454 informat
1691 431 1714 469 ‚⁴
1757 396 2086 478 synthetica
2135 403 2244 478 sit,
2294 403 2359 463 in

212 486 661 571 particularium
721 507 923 546 rerum
969 488 1320 559 tractatione
1370 488 1623 570 analysis
1670 492 2026 574 quandoque
2066 497 2249 558 veluti
2299 500 2360 558 in

213 582 541 659 subsidium
585 580 962 660 adhibeatur.
1007 583 1080 641 ld
1101 581 1298 642 locum
1336 582 1555 645 habere
1597 587 1923 667 praesertim
1953 598 2180 670 potest,
2227 613 2362 654 cum

213 677 519 759 theologus
550 699 766 736 munus
789 722 804 751 ‚
830 676 994 759 quod
1025 680 1467 757 speculativum
1497 679 1752 741 diximus
1773 726 1792 755 .‚
1826 685 2145 766 suscipiens
2168 730 2185 762 ‚
2207 687 2361 749 ,inti-

212 796 373 833 mam
418 773 835 854 Mysteriorum
899 771 1209 847 indolem,
1273 787 1564 855 quantum
1619 778 1849 860 assequi
1914 782 2142 840 ratione
2192 781 2361 861 licet,

208 880 536 944 scrutatur,
595 889 780 951 eaque
826 868 901 927 ad
937 868 1260 950 quamdam
1295 870 1747 952 intelligentiam
1800 886 2045 935 conatur
2083 877 2357 939 evehere.

210 965 278 1026 Id
312 966 492 1035 etiam
527 987 700 1024 usum
735 963 982 1025 habebit
1007 1010 1022 1039 ,
1064 986 1199 1024 cum
1223 965 1695 1028 adversariorum
1733 968 2103 1032 difficultates
2138 972 2365 1037 solvere

208 1061 545 1144 aggi-essm,
604 1060 841 1119 illarum
890 1052 1076 1122 veluti
1133 1059 1610 1146 latebras'catque
1671 1067 1967 1127 anfractus
2010 1068 2358 1146 rimabitur,

209 1171 276 1218 ut
320 1159 534 1218 veritas
557 1155 818 1216 tenebris
849 1155 924 1215 ab
954 1156 1165 1218 iisdem
1197 1157 1451 1219 obducta
1495 1161 1854 1226 extrahatur,
1879 1163 1942 1221 in
1976 1162 2192 1225 lucem.
2286 1223 2288 1227 .

294 1254 434 1314 355.
484 1251 765 1333 Analysin
816 1253 994 1333 igitur
1057 1265 1391 1315 accuratam
1445 1276 1646 1315 rerum
1701 1259 1766 1316 in
1818 1258 1995 1320 variis
2057 1250 2363 1342 theologiae

208 1348 512 1434 partibuS,
541 1359 664 1408 aut
719 1348 898 1409 etiam
939 1349 1296 1431 analyticam
1344 1350 1696 1412 methodum
1745 1353 1807 1412 in
1848 1352 2044 1437 aliqua
2083 1355 2364 1436 singulari

208 1448 283 1508 de
322 1441 387 1507 re
432 1445 756 1526 theologica
800 1447 1152 1506 tractatione
1197 1469 1319 1506 non
1367 1458 1605 1507 tantum
1644 1471 1787 1515 non>
1819 1449 2220 1525 excludimuS.
2259 1450 2364 1512 sed

207 1541 693 1603 commendamus
740 1542 956 1615 etiam3
1011 1553 1102 1600 ast
1146 1564 1255 1622 pro
1315 1553 1437 1599 toto
1483 1542 1810 1620 theologico
1854 1542 2197 1622 dog-matum
2238 1546 2363 1606 sive

200 1640 477 1720 generali
512 1638 635 1696 sive
675 1639 931 1714 speciali
960 1645 1289 1721 ,systemate
1325 1633 1671 1694 adornando
1693 1679 1710 1709 .,
1755 1656 1820 1694 ac
1854 1658 1965 1717 pro
2020 1650 2178 1699 recta
2214 1639 2362 1720 dog—

208 1735 439 1795 maticae
468 1730 774 1791 tradendae
824 1730 1055 1789 ratione
1086 1730 1414 1808 synthetz‘ce
1445 1750 1512 1789 ac
1550 1731 2014 1792 demonstrative
2041 1735 2363 1814 proceden-

208 1831 355 1890 dum
380 1824 806 1887 contendimus
829 1824 945 1905 (1).

288 1923 438 1983 356.
490 1924 683 2003 Atque
729 1919 851 1980 haec
902 1922 925 1997 (
974 1930 1041 1978 ut
1087 1919 1312 2002 aliquid
1368 1919 1612 1980 demum
1668 1921 1777 1981 hac
1834 1923 1911 1984 de
1961 1945 2025 1984 re
2072 1926 2366 1987 coronidis

211 2022 340 2080 loco
387 2020 706 2077 innuamus
743 2015 1228 2097 )accommodari
1274 2016 1454 2076 etiam
1502 2029 1754 2099 possunt
1798 2021 2108 2100 quaestioni
2157 2021 2359 2099 alteri,

211 2136 340 2200 quae
374 2114 594 2176 versari
627 2111 777 2173 solet
812 2111 886 2173 de
914 2111 1111 2193 lingua
1150 2113 1214 2171 in
1263 2111 1441 2173 rebus
1483 2112 1823 2195 theologicis
1858 2114 2214 2178 adhibenda.
2245 2120 2362 2179 Nos

213 2215 377 2276 enim
422 2234 547 2272 non
606 2212 650 2270 ii
706 2232 940 2285 sumus7
990 2212 1092 2292 qui
1133 2232 1374 2270 omnem
1433 2211 1763 2272 vernaculae
1820 2212 2032 2294 linguae
2085 2220 2365 2298 cujusque

164 2383 171 2397 ι
212 2309 472 2370 nationis
528 2309 787 2390 propriae
846 2329 1017 2366 usum
1058 2328 1090 2366 e
1135 2306 1462 2388 theologica
1500 2329 1564 2367 re
1602 2330 1842 2390 prorsus
1888 2310 2124 2371 exulare
2149 2310 2364 2390 jubea-

212 2427 367 2466 muS.
419 2406 570 2464 Sunt
593 2403 805 2486 aliquae
839 2402 1219 2462 tractationes
1261 2402 1355 2463 vel
1392 2405 1765 2485 apoloyeticoe
1793 2405 1887 2466 vel
1904 2408 2242 2485 polemicoe,
2269 2406 2364 2467 vel

213 2506 461 2562 irenicoe
518 2498 988 2569 velliistoricoe,
1036 2497 1133 2587 vel
1181 2500 1432 2561 eruditae
1475 2498 1550 2559 ad
1602 2521 1733 2560 eam
1783 2503 2183 2583 pertinenteS,
2235 2523 2363 2585 quae

287 2756 355 2821 (l)
395 2754 460 2804 lta
495 2754 620 2819 apud
650 2753 949 2802 scholasticos
985 2752 1248 2818 praeclario-

218 2856 289 2890 res
310 2874 325 2898 ,
361 2836 469 2885 licet
501 2837 589 2900 ipsi
617 2833 893 2884 methodum
928 2831 1249 2898 syntheticam

220 2938 274 2970 ac
293 2920 708 2969 demonstrativam
730 2920 874 2966 secuti
895 2918 989 2964 sint
1003 2952 1016 2977 ,
1041 2916 1250 2981 perfectae

219 3005 392 3068 passim
426 3000 665 3067 analyseos
686 3001 943 3066 specimina
975 3009 1245 3048 occurrunt.

152 3133 154 3135 ,
218 3085 351 3133 Falso
368 3094 528 3133 tamen
552 3101 579 3132 a
605 3083 891 3150 quibusdam
919 3082 1247 3141 contenditur,

158 3234 161 3236 -
220 3166 516 3216 scholasticos
563 3165 784 3215 methodo
826 3165 1055 3231 analytica
1102 3175 1147 3213 et
1196 3182 1251 3213 ex

219 3249 366 3298 dubio
403 3260 622 3313 praeterea
649 3249 859 3315 positivo
899 3247 1166 3313 procedere.
1202 3246 1252 3295 Si

222 3333 351 3381 enim
385 3333 690 3396 quaestionem
721 3318 1135 3395 principio‘forma
1161 3329 1250 3377 du-

220 3413 407 3462 bitandi
437 3423 705 3477 proponunt
742 3429 809 3460 an
839 3413 913 3461 vel
944 3420 1109 3460 utrum
1139 3422 1249 3473 etc.‚

223 3500 262 3546 si
275 3499 466 3561 insuper
482 3494 777 3544 difficultates
789 3497 1138 3561 contrariasque
1151 3513 1254 3543 sen-

220 3582 390 3629 tentias
420 3579 548 3644 prius
578 3577 831 3637 exhibent,
866 3578 957 3627 hoo
982 3595 1079 3627 non
1096 3579 1248 3642 arguit

222 3672 342 3712 certe
364 3660 637 3712 methodum
671 3657 958 3726 analyticam
981 3697 995 3722 ,
1026 3676 1137 3709 cum
1161 3662 1247 3724 ipsi

1332 2769 1488 2802 revera
1530 2752 1698 2802 thesim
1739 2770 1872 2802 suam
1914 2756 2107 2819 positive
2147 2766 2358 2821 ponant,

1333 2853 1531 2901 eamque
1550 2835 1943 2884 demonstratione
1964 2838 2172 2886 evincere
2189 2855 2360 2886 conen-

1335 2927 1427 2967 tur.
1459 2916 1799 2966 Difficultatum
1826 2921 1998 2984 praevia
2014 2921 2246 2984 expositio
2263 2934 2360 2966 non

1333 3010 1398 3048 est
1421 3001 1510 3055 nisi
1535 3000 1791 3049 materiali-s
1815 2999 1996 3049 ordinis
2016 3002 2234 3051 inversio.
2256 2998 2359 3047 Du-

1333 3082 1467 3131 bium
1514 3100 1657 3142 vero,
1705 3100 1801 3149 quo
1845 3101 1944 3132 rem
1983 3084 2191 3148 plerique
2231 3080 2361 3130 exhi-

1335 3164 1448 3213 bent
1468 3202 1482 3225 ‚
1537 3166 1593 3213 ad
1640 3166 1957 3215 methodicam
2006 3165 2263 3230 quamdam
2304 3182 2360 3214 ac

1335 3264 1462 3296 mere
1483 3249 1593 3296 item
1613 3247 1900 3296 materialem
1923 3248 1987 3296 rei
2011 3246 2356 3311 dispositionem

1335 3332 1566 3395 pertinet,
1620 3334 1868 3397 statimque
1909 3327 1968 3376 ad
2012 3328 2180 3376 thesim
2228 3347 2358 3377 suam

1336 3415 1623 3477 systematice
1640 3429 1694 3461 ac
1707 3411 1952 3460 theoretice
1972 3410 2262 3474 probandam
2280 3411 2360 3459 de-

1339 3497 1550 3545 veniunt.
1585 3494 1654 3543 Ita
1685 3492 1840 3542 videre
1870 3502 1938 3540 est
1965 3492 2089 3557 apud
2121 3493 2359 3542 scholasti-

1334 3593 1498 3627 corum
1528 3577 1783 3643 principem
1817 3573 1868 3623 S.
1902 3574 2150 3624 Thomam.
