2502 4134
250 140 370 201 33'2
840 162 1036 200 rator.
1086 165 1154 199 nn
1198 165 1348 202 Locis
1393 163 1774 207 ‘rnnonoaiffls

335 307 430 367 ll.
473 308 558 365 Ex
603 304 906 364 neotericae
958 305 1128 384 hujus
1179 305 1568 389 philosophiae
1615 321 1823 371 natura
1877 311 2019 394 quid
2064 311 2377 371 christiana

251 404 449 482 religio
470 401 578 460 sibi
602 413 908 482 expectare
934 401 1175 462 deberet
1194 449 1209 478 ,
1232 426 1490 486 pronum
1519 416 1645 464 erat
1666 406 1953 487 colligere.
1983 411 2158 468 Juxta
2180 408 2375 468 Kantii

251 500 459 583 placita
502 497 876 558 revelationis
929 500 1193 580 positivae
1238 522 1302 559 ac
1348 501 1804 581 supernaturalis
1841 505 2186 584 possibilitas
2227 526 2383 562 nou-

252 615 467 654 menon
501 605 621 669 est,
667 593 740 653 de
765 617 880 676 quo
903 595 992 653 nil
1028 596 1158 654 sciri
1187 607 1287 654 aut
1325 596 1602 655 affirmari
1630 608 1856 678 potest3
1890 621 2065 679 quam
2093 621 2233 659 vero
2261 600 2383 680 ipse

251 693 407 749 intra
434 689 610 748 solius
645 691 885 749 rationis
912 691 1126 751 limites
1159 693 1361 750 statuit
1387 692 1728 772 religionem
1747 739 1762 767 ,
1793 694 2117 771 cujusmodi
2142 695 2385 754 demum

255 788 479 866 generis
519 807 642 845 esse
675 788 889 868 poterit
910 833 925 862 ,
969 809 1103 846 cum
1143 789 1305 846 omni
1338 788 1656 847 theoretico
1693 788 2080 853 fundamento
2108 791 2181 848 sit
2204 790 2385 850 desti-

255 893 415 959 tuta,
451 904 515 941 ac
550 884 777 943 ratione
802 895 1035 942 tantum
1054 889 1337 963 practica
1367 883 1680 943 fulciatur?
1714 887 1844 944 Haec
1870 886 2028 944 enim
2062 905 2204 944 caeca
2239 907 2386 966 qua-

257 977 396 1036 dam
455 999 522 1036 ac
574 977 892 1056 subjectiva
947 981 1289 1039 necessitate
1342 979 1454 1038 sibi
1511 982 1784 1041 veritates
1834 982 1987 1063 ipsas
2047 981 2389 1039 christianas

257 1074 443 1135 veluti
466 1077 775 1154 postulata
811 1075 1077 1157 quaedam
1117 1087 1306 1150 creat,
1335 1076 1693 1158 iisdemque,
1729 1077 1865 1137 licet
1905 1079 1967 1136 in
2004 1100 2063 1137 se
2093 1077 2391 1137 contradi·

260 1171 450 1230 ctoriis
470 1215 487 1246 ,
524 1170 701 1230 fidem
729 1171 1027 1252 adjungit,
1058 1183 1124 1231 ut
1152 1193 1364 1253 nempe
1386 1176 1639 1254 propriae
1665 1196 1784 1233 suae
1812 1173 2071 1234 libertati
2107 1195 2171 1233 ac
2195 1195 2394 1232 mora—

261 1265 413 1325 libus
450 1266 673 1347 legihus
712 1267 948 1327 credere
993 1270 1194 1350 possit.
1246 1269 1500 1341 Quinam
1542 1270 1604 1327 in
1656 1270 2023 1353 philosophia
2061 1269 2397 1350 Schellingii

262 1362 476 1423 divinae
515 1362 860 1423 revelationi
895 1385 1018 1423 esse
1055 1375 1250 1446 posset
1285 1363 1443 1423 locus
1465 1409 1480 1439 .,
1518 1365 1660 1424 dum
1691 1367 1990 1424 infinitum
2029 1387 2161 1424 cum
2192 1367 2395 1440 finito,

266 1460 601 1519 Creatorem
631 1481 763 1519 cum
789 1471 1050 1518 creatura
1077 1459 1412 1534 confundit,
1439 1472 1616 1544 atque
1643 1483 1829 1520 unum
1860 1461 2133 1543 idemque
2161 1482 2231 1520 ex
2255 1461 2395 1542 ipsis

263 1554 722 1615 substantialiter
773 1556 993 1616 efficit?
1038 1555 1311 1637 Hegelius
1362 1578 1538 1630 ver0,
1590 1558 1692 1638 qui
1736 1559 1913 1617 etiam
1957 1557 2030 1616 de
2070 1557 2398 1616 christianae

263 1651 559 1732 religionis
597 1653 888 1734 mysteriis
914 1654 975 1710 in
1000 1674 1103 1710 sua
1135 1651 1503 1733 philosophia
1534 1665 1854 1733 pertractat
1875 1699 1889 1727 ,
1915 1675 2036 1712 non
2063 1652 2235 1711 aliam
2257 1652 2398 1734 ipsis

265 1749 552 1829 originem
587 1750 841 1828 assignat
878 1749 991 1807 nisi
1033 1749 1234 1806 ideam
1267 1748 1483 1828 ipsam,
1524 1770 1655 1829 quae
1697 1749 1760 1807 in
1801 1749 2062 1807 humano
2100 1747 2400 1808 intellectu

264 1843 517 1919 residet,
568 1856 628 1903 et
663 1866 695 1902 a
734 1846 897 1922 cujus
938 1845 1301 1924 progressiva
1341 1843 1712 1920 evolutione,
1759 1844 1941 1905 veluti
1982 1844 2148 1924 logici
2188 1865 2254 1903 ac
2293 1866 2402 1902 na-

266 1939 482 1999 turales
513 1939 721 2016 foetuS,
756 1939 962 1999 eadem
987 1940 1260 2020 mysteria
1286 1952 1651 2022 promanant
1681 1940 1791 2019 (l).
1825 1943 2031 2022 Neque
2068 1962 2204 2001 vero
2230 1939 2302 1998 ab
2336 1961 2404 1999 eo

268 2035 444 2097 valde
484 2034 680 2095 differt
717 2035 1051 2116 religiosum
1096 2035 1317 2096 Fichtei
1361 2046 1614 2118 systema
1651 2036 1761 2118 (2).
1816 2039 1900 2095 De
1940 2036 2191 2118 positiva
2228 2036 2404 2119 igitur

272 2214 538 2266 Germania
563 2226 632 2265 est
654 2217 805 2267 velati
817 2217 993 2285 planta
1014 2218 1192 2284 insecta
1212 2236 1293 2268 ve·

269 2316 395 2348 neno
440 2300 768 2350 rationali-emi
801 2301 1070 2351 Kantiani.
1109 2301 1164 2349 In
1199 2311 1295 2350 toto

271 2399 406 2447 porro
433 2401 571 2448 opere
599 2395 759 2433 auctor
775 2401 831 2433 eo
852 2395 1049 2450 spectat,
1074 2395 1125 2432 ut
1141 2394 1296 2433 osten-

272 2467 350 2516 dat
393 2468 671 2535 doleatque,
730 2470 919 2535 prolatis
966 2470 1295 2530 documentis,

216 2598 228 2607 ,
272 2551 449 2600 excidia
479 2570 504 2599 a
532 2554 763 2600 neoterica
787 2552 1081 2617 philosophia
1102 2550 1295 2599 Germa-

274 2632 367 2680 niae
395 2636 657 2699 importata.
682 2634 753 2681 Ab
782 2634 880 2681 aliis
900 2637 1176 2699 scriptorum
1207 2643 1297 2682 tes·

274 2717 484 2764 timoniis
519 2717 768 2781 allegandis
802 2717 879 2765 hic
919 2716 1297 2782 supersedemus,

275 2815 384 2847 cum
429 2797 537 2846 alibi
582 2799 738 2847 locum
776 2797 951 2847 habere
996 2800 1188 2864 possint.
1229 2797 1302 2846 Ad

278 2880 448 2930 Gallias
476 2883 602 2948 quod
628 2886 826 2943 attinet,
869 2883 927 2930 ad
955 2900 1070 2948 quas
1098 2882 1304 2947 philoso-

278 2966 387 3031 phia
418 2966 517 3015 haec
547 2969 834 3032 penetravit,
864 2976 971 3015 nota
995 2976 1100 3014 sunt
1133 2984 1305 3030 nuper-

279 3051 397 3098 rime
427 3051 548 3099 edita
582 3051 864 3099 documenta
897 3049 1144 3115 pastoralia
1192 3049 1305 3113 Epi-

281 3148 524 3195 scoporum
547 3170 560 3193 ‚
601 3136 682 3199 qui
708 3134 918 3198 undique
947 3134 994 3180 in
1028 3149 1131 3181 eam
1164 3132 1306 3179 veluti

283 3215 524 3261 exitiosam
556 3216 766 3280 religioni
797 3226 839 3263 et
876 3218 1014 3262 statui
1045 3217 1307 3262 insurrexe-

283 3307 410 3345 runt.
443 3297 661 3346 Eminent
691 3302 809 3346 inter
836 3309 1008 3347 ceteros
1037 3298 1178 3346 Arch.
1217 3297 1311 3345 To·

289 3380 477 3428 losanus
507 3392 549 3428 et
578 3381 665 3438 Ep.
695 3381 1009 3430 Carnutensis.

355 3462 416 3526 (l)
454 3462 563 3512 Vid.
611 3463 785 3527 Hegelii
826 3460 1310 3528 Reliqions—philoso-

279 3545 398 3611 phie
420 3580 435 3606 ,
472 3563 551 3594 seu
584 3542 900 3610 Philosophia
935 3546 1203 3610 reliqionis.
1245 3544 1313 3593 De

292 3628 483 3694 Hegelio
522 3646 576 3679 ac
614 3628 875 3694 Hegelismo
918 3627 1048 3696 plura
1089 3628 1199 3678 alibi
1243 3628 1315 3677 di-

291 3728 468 3761 cemus·

1447 2219 1516 2285 (2)
1550 2218 1758 2268 Fichtius
1773 2257 1786 2279 ,
1808 2221 1860 2284 in
1875 2237 1953 2284 op.
1971 2216 2066 2267 Die
2084 2217 2402 2282 Anweizunq

1376 2319 1489 2351 zum
1511 2301 1716 2367 seeliqen
1736 2302 1917 2362 Leben,
1937 2302 2049 2350 oder
2062 2301 2186 2349 auch
2203 2301 2281 2349 die
2297 2303 2402 2348 Re-

1378 2383 1718 2449 liqzbnslelzre,
1771 2403 1851 2432 seu
1890 2382 2107 2434 Dc'reetio
2147 2383 2211 2431 ad
2253 2384 2402 2432 vitam

1379 2465 1565 2516 beatam
1597 2477 1683 2515 aut
1707 2469 1854 2515 etiam
1877 2466 2126 2532 reliqionis
2150 2466 2367 2514 doctrina
2383 2500 2399 2528 ,

1380 2549 1537 2599 Berol.
1589 2547 1714 2598 1828
1736 2588 1748 2610 ,
1788 2550 1993 2599 Proelect.
2026 2567 2104 2610 vi,
2139 2567 2244 2614 pag.
2277 2536 2400 2609 110,

1381 2633 1472 2681 hoc
1497 2633 1697 2698 religiosi
1725 2635 1796 2681 sui
1827 2635 2088 2697 systematis
2123 2633 2401 2680 fundamen-

1382 2725 1483 2763 tum
1512 2713 1624 2780 jecit
1652 2731 1666 2762 ε
1700 2713 1771 2762 In
1797 2714 2045 2781 reliqionis
2075 2714 2295 2763 doctrina
2314 2728 2403 2778 po-

1382 2801 1495 2849 sitio
1519 2801 1778 2848 creationis
1807 2809 1876 2848 est
1899 2801 2119 2866 primum
2149 2800 2402 2847 criterium

1375 2881 1612 2949 falsitatis
1627 2901 1646 2943 ‚-
1676 2880 2172 2950 neqatiofiujasmodi
2197 2881 2402 2929 creatio-

1384 2967 1497 3026 nis,
1527 2966 1575 3013 si
1614 2964 1718 3013 haeo
1735 2966 1858 3028 forte
1885 2965 1941 3012 ob
1976 2963 2188 3028 aliquam
2217 2978 2404 3029 proece-

1388 3041 1570 3095 dentem
1598 3045 1845 3110 religionis
1869 3046 2137 3093 doctrinam
2159 3045 2408 3110 supposita

1388 3148 1485 3180 esse
1527 3129 1741 3187 deberet,
1788 3138 1857 3176 est
1895 3130 2114 3194 primum
2155 3129 2407 3175 criterium

1389 3214 1605 3263 veritatis
1647 3211 1843 3273 hujusce
1880 3195 2132 3275 reliqz‘osoe
2159 3209 2409 3257 doctrinm.

1391 3297 1526 3347 Unde
1557 3296 1743 3354 subdit,
1783 3293 2012 3341 Joannem
2048 3296 2096 3340 in
2134 3311 2216 3340 suo
2256 3292 2414 3340 Evan-

1391 3381 1509 3446 gelio
1527 3416 1539 3439 ‚
1571 3387 1619 3426 ut
1639 3378 1874 3444 judaicam
1902 3376 1958 3423 de
1986 3378 2216 3424 creatione
2240 3375 2411 3423 doctri-

1393 3479 1503 3510 nam
1528 3460 1781 3525 prossigaret
1797 3495 1810 3518 ,
1841 3461 2039 3522 incipere
2060 3459 2118 3505 ab
2141 3460 2196 3505 iis
2218 3457 2367 3505 verbis
2394 3471 2409 3503 ε

1395 3543 1465 3591 In
1486 3542 1735 3607 principio
1765 3550 1867 3588 erat
1891 3538 2138 3601 Verbum,
2171 3550 2225 3587 ut
2244 3557 2296 3587 ea
2323 3555 2409 3602 op-

1394 3634 1585 3691 poneret
1622 3623 1778 3672 Verho
1818 3623 1991 3689 Moysis
2024 3638 2038 3673 ε
2074 3621 2144 3670 In
2168 3620 2416 3688 principio

1395 3708 1574 3756 creavit
1598 3703 1777 3766 Dens,·
1811 3708 1918 3772 quia
1946 3723 2117 3771 nempe
2145 3704 2263 3754 nihil
2293 3720 2417 3752 crea-
