2502 4134
314 166 474 207 PART.
520 167 610 202 111.
658 165 815 203 sac-r.
863 166 902 203 1.
947 149 1067 206 ου’».
1113 166 1152 201 1.
1199 166 1266 200 mi
1310 163 1438 203 en.
1488 162 1614 200 mr.
1661 159 1768 198 rm.
1813 159 1998 198 srscr.

2089 139 2206 198 445

92 308 414 390 quinimmo
454 307 515 370 in
564 304 812 364 dubium
853 304 1180 365 identidem
1228 302 1589 372 revocandO,
1631 314 1698 361 ut
1732 322 1846 362 suae
1893 303 2206 362 universali

90 402 438 462 dubitationi
476 423 707 482 semper
744 400 1039 460 adhaereat
1066 400 1180 480 (1).

174 497 312 558 160.
363 496 428 555 30
458 496 782 555 Kantianus
833 505 1030 577 posset
1076 494 1138 552 in
1187 493 1556 554 Hermesium
1589 492 1754 552 facile
1794 514 2056 572 regerere
2097 517 2110 551 t
2158 495 2205 553 si

90 607 259 654 tuum
296 604 741 672 argumentum,
784 613 899 673 quo
935 589 1181 672 probaS‚
1229 611 1301 649 ex
1343 592 1738 670 intelligentia
1778 601 1838 649 et
1879 596 2206 671 cognitione

90 711 212 747 non
253 688 379 745 dari
415 686 598 745 ullam
636 685 1078 758 certitudinem,
1114 683 1376 743 validum
1400 685 1474 742 sit
1496 729 1511 757 a
1544 690 1669 763 jam
1694 684 1802 743 hoc
1830 686 1956 766 ipso
1983 685 2204 768 proba-

90 795 188 842 tur
206 827 227 855 ‚
252 780 473 863 aliquid
495 781 635 840 certi
658 801 825 863 posse
841 802 872 839 e
886 779 1007 839 sola
1021 781 1414 859 intelligentia
1430 783 1830 859 etcoqnitione
1842 780 2078 862 probari
2094 782 2203 862 (2).

175 878 313 936 161.
362 876 429 934 40
456 877 529 935 At
556 874 713 958 quod
745 885 920 956 caput
947 885 1036 933 est
1057 919 1073 949 ,
1100 875 1437 934 Hermesius
1469 875 1532 932 10
1562 874 1828 934 inutilem
1859 875 2036 957 plane
2062 898 2206 958 ope-

90 994 215 1032 ram
246 972 309 1031 in
338 972 621 1031 Kantium
644 970 895 1049 suscepit
927 968 1050 1049 (3);
1072 969 1290 1029 etenim
1319 969 1675 1052 principium
1695 974 2202 1047 rationalisticum

161 1192 228 1255 (1)
251 1188 518 1239 Absurdum
536 1199 655 1238 certe
670 1199 737 1238 est
753 1188 984 1254 disputare
1001 1188 1106 1254 phi·
1187 1187 1388 1237 adactas
1408 1189 1511 1253 fuit
1532 1188 1597 1237 ad
1616 1170 1814 1239 criticas
1834 1191 2200 1256 inquisitiones,

91 1273 349 1339 losopffice,
383 1271 456 1321 vel
488 1271 742 1320 dubitando
773 1272 831 1320 de
865 1275 1103 1320 veracitate

91 1357 341 1406 testimonii
359 1353 649 1401 immediatas
673 1354 1003 1414 conscientias,
1029 1355 1102 1402 vel

90 1437 215 1485 illam
228 1446 405 1483 tantum
417 1432 753 1499 problematice
769 1435 1072 1498 supponendo
1086 1449 1102 1496 3

88 1517 316 1583 quidquid
342 1518 467 1564 enim
506 1514 826 1568 ratiocinando
856 1515 1062 1564 effeceris
1084 1550 1099 1575 ‚

87 1597 330 1663 cujusnam
367 1597 534 1645 valoris
577 1600 664 1644 erit
703 1598 792 1644 nisi
842 1595 984 1644 dubi-i
1020 1606 1100 1645 aut

78 1679 415 1746 problematici
429 1714 446 1740 ,
487 1679 624 1744 quale
652 1688 718 1727 est
743 1680 1063 1727 testimonium
1082 1716 1095 1737 ‚

88 1761 213 1810 unde
246 1761 363 1809 illud
402 1759 628 1808 deducis?
664 1760 752 1807 Hic
781 1763 925 1826 aptari
956 1771 1100 1826 potest

88 1842 205 1890 illud
231 1842 502 1907 praeclarum
533 1841 774 1906 Augustini
804 1859 818 1890 ε
844 1841 932 1890 An
960 1842 1102 1890 aliter

89 1927 236 1972 scires
261 1934 303 1972 te
331 1924 500 1972 habere
525 1926 790 1985 rationem,
822 1925 923 1971 nisi
946 1924 1001 1971 id
1018 1941 1100 1973 ra-

90 2008 217 2055 tione
227 2007 533 2071 perciperes?
561 2003 631 2054 De
643 2004 726 2054 lib.
743 2005 918 2054 arbitr.
936 2005 1021 2055 lib.
1037 2021 1098 2068 11,

91 2106 195 2153 cap.
221 2085 303 2136 38.

162 2169 226 2233 (2)
265 2168 398 2217 Hanc
436 2171 701 2218 instantiam
741 2169 923 2218 eludere
963 2169 1099 2218 vellet

93 2248 389 2311 Hermesius,
423 2251 565 2310 dum,
598 2269 703 2315 pag.
741 2249 831 2313 134
853 2288 866 2310 ,
902 2251 1094 2311 fatetur,

91 2331 213 2380 hanc
227 2334 375 2397 ipsam
396 2333 831 2381 demonstrationem
848 2350 977 2380 suam
994 2333 1099 2381 nul-

91 2413 191 2460 lum
209 2431 390 2478 prorsus
407 2413 574 2462 habere
589 2413 783 2462 valorem
797 2414 1096 2479 objectionem,

86 2495 166 2543 sed
198 2505 349 2543 tamen
375 2513 456 2560 pro
478 2498 533 2544 iis
553 2496 708 2544 saltem
729 2496 878 2545 valere
898 2496 1094 2558 debere,

87 2581 168 2643 qui
206 2579 310 2641 (uti
347 2579 598 2641 Kantiani)
646 2578 896 2627 admittunt
945 2588 1098 2627 tenere

76 2677 170 2726 pro
201 2679 308 2710 vero
331 2672 507 2711 certum
535 2679 589 2711 ac
614 2663 800 2711 firmum
829 2680 883 2711 ex
915 2662 1097 2711 intelli-

82 2746 248 2807 qentia
276 2743 576 2807 (Einsicltt).
613 2743 712 2795 Sed,
732 2746 804 2792 isti
840 2746 978 2794 iidem
1011 2746 1096 2810 ipsi

85 2826 314 2890 urgebunt
349 2844 559 2891 semper,
606 2844 699 2892 quo
737 2829 842 2896 jure
880 2837 927 2875 tu
970 2841 1096 2893 potes

85 2917 282 2957 evertere
296 2908 616 2956 certitudinem
631 2907 957 2973 intelliqentioe
969 2942 986 2969 ‚
1007 2912 1096 2958 nisi

86 3006 138 3038 ex
173 2988 536 3054 intelliqentiaf'
575 2990 634 3037 Et
670 2992 707 3038 si
735 3007 886 3039 revera
919 2990 1092 3053 efficis,

88 3070 212 3134 quod
237 3072 474 3120 contendis
492 3107 507 3131 ‚
539 3088 644 3135 ergo
668 3071 843 3138 aliquid
873 3076 983 3121 certi
1015 3074 1094 3120 in-

87 3150 340 3215 telliqentia
350 3172 431 3219 per
441 3172 488 3203 se
502 3156 754 3203 necessario
768 3154 1092 3220 deprehendet.

156 3232 218 3296 (3)
252 3234 433 3284 Fatetur
483 3237 678 3285 candide
729 3239 824 3301 ipse
877 3236 1058 3286 Baltzer
1076 3276 1090 3296 ‚

88 3313 374 3364 Hermesium
404 3320 454 3373 in
490 3328 583 3367 tota
618 3319 705 3366 hac
736 3328 863 3383 parte
899 3320 1093 3384 inquisi-

88 3397 223 3443 tionis
250 3412 342 3444 suae
368 3398 520 3448 oleum·
542 3411 586 3450 et
609 3417 793 3466 operam
816 3399 1090 3465 perdidisse.

90 3473 197 3523 Hoc
215 3484 364 3541 potest
388 3479 591 3544 sufficere
621 3481 687 3529 ad
703 3482 1092 3547 patefaciendam

80 3558 294 3621 primam
306 3557 358 3606 K
357 3561 606 3610 antianum
618 3563 875 3629 reliquiam
890 3565 948 3612 in
962 3563 1091 3612 Her-

89 3639 232 3688 mesio
269 3648 568 3704 manentem‚·
607 3660 664 3693 σω
695 3661 752 3694 ea
782 3648 958 3712 quippe
988 3647 1091 3713 ipse

1186 1286 1306 1334 qaas
1341 1271 1449 1335 ipsev
1483 1277 1690 1319 ceterum
1724 1287 1784 1318 ex
1814 1274 1898 1321 via
1928 1276 2052 1338 puri
2079 1275 2206 1340 facti

1176 1352 1355 1416 paucis
1363 1352 1567 1416 paqinis
1582 1349 1819 1400 absolvere
1828 1356 2090 1418 potuisset,
2110 1356 2200 1407 loc.

1185 1435 1265 1480 cit.
1296 1448 1400 1497 pag.
1445 1447 1557 1481 122.
1602 1431 1767 1499 Quum
1805 1436 1962 1499 iqitur
1996 1436 2204 1487 Herme-

1184 1514 1290 1559 sius
1301 1546 1320 1573 ‚
1338 1513 1552 1561 admissa
1570 1517 1897 1580 suppositione
1911 1516 2170 1568 Kantiana
2179 1555 2199 1582 ,

1182 1610 1230 1641 se
1259 1594 1439 1658 confert
1468 1595 1533 1642 ad
1562 1582 1870 1660 refutandam
1896 1596 2204 1649 Kantianam

1172 1674 1532 1742 philosophiam
1566 1693 1651 1742 ope
1675 1680 1867 1743 proprii
1892 1678 2039 1746 hujus
2069 1683 2205 1746 (phi-

1182 1758 1429 1822 losephiae)
1458 1760 1738 1824 principii,
1767 1761 1869 1826 fuit
1901 1761 2018 1822 hoc,
2055 1765 2104 1812 si
2130 1766 2206 1813 rei

1179 1839 1494 1887 substantiam
1525 1849 1732 1906 spectes,
1771 1841 1906 1891 labor
1933 1845 2129 1894 inutilis
2158 1856 2204 1895 et

1173 1939 1352 1987 parum
1379 1925 1713 1974 meritorius...
1743 1942 1800 1972 ac
1825 1942 1878 1973 eo
1903 1928 2069 1975 minus
2099 1947 2198 1977 me-

1179 2006 1381 2052 ritorius
1395 2040 1412 2067 ‚
1450 2005 1576 2069 quod
1600 2007 1688 2054 iste
1718 2009 1821 2072 ipse
1851 2009 2089 2058 secundus
2113 2027 2198 2060 ar-

1178 2085 1355 2134 ticulus
1370 2122 1387 2147 ,
1418 2087 1554 2135 modo
1578 2104 1674 2136 non
1698 2088 1814 2148 adeo
1848 2089 2094 2156 explicatu
2112 2093 2198 2157 sa-

1179 2167 1288 2214 cilis
1299 2204 1312 2228 ,
1334 2167 1474 2216 talem
1492 2169 1642 2216 subiit
1657 2172 2119 2236 interpretationem,
2137 2191 2196 2224 ac

1179 2250 1226 2296 si
1242 2248 1527 2297 Hermesius
1554 2249 1687 2298 vellet
1713 2251 1790 2298 ibi
1805 2253 1871 2300 ad
1887 2259 2073 2302 exitum
2084 2274 2197 2320 per·-

1181 2330 1350 2377 ducere
1364 2346 1498 2378 sua-m
1517 2333 1673 2396 ipsius
1675 2331 2034 2399 philosophiam
2043 2370 2060 2396 ‚
2081 2336 2198 2386 dum

1180 2419 1339 2459 tamen
1378 2412 1481 2476 ipse
1519 2419 1708 2460 tantum
1750 2415 1964 2463 intendit
1994 2417 2198 2481 refellere

1180 2495 1459 2558 principium
1520 2495 1709 2545 Kantii.
1765 2497 1830 2546 Ita
1896 2498 2146 2550 Baltzerius
2178 2539 2195 2563 ,

1179 2593 1283 2639 pag.
1330 2573 1454 2639 164,
1497 2594 1550 2624 ac
1585 2580 1706 2626 inter
1745 2590 1959 2642 caeteros,
2003 2582 2086 2648 qui
2130 2586 2196 2634 ita

1180 2657 1472 2708 Hermesium
1489 2662 1774 2726 interpretati
1800 2675 1908 2712 sunt
1923 2703 1936 2729 ‚
1959 2683 2034 2715 me
2055 2669 2197 2716 etiam

1179 2739 1244 2787 ibi
1285 2752 1488 2790 recenset
1527 2745 1578 2791 in
1615 2761 1718 2792 meo
1759 2747 1962 2795 secundo
1999 2749 2194 2798 articulo

1179 2821 1628 2874 Anti-Hermesiano.
1662 2826 1756 2892 Ego
1794 2844 1902 2877 vero
1932 2829 2192 2893 Baltzerio,

1179 2909 1400 2970 quoniam
1437 2909 1533 2971 ipse
1563 2911 1739 2957 sincero
1769 2911 1973 2974 procedit
2001 2915 2158 2961 animo
2176 2949 2194 2974 ‚

1178 3004 1395 3051 reponam
1419 3025 1431 3047 ‚
1479 3005 1577 3036 non
1627 3007 1701 3038 me
1746 2992 1938 3055 quidem
1973 2993 2189 3058 saqisse,

1181 3068 1470 3118 Hermesium
1515 3072 1566 3118 in
1612 3089 1663 3119 ea
1716 3083 1842 3136 parte
1884 3076 2193 3142 inquisitionis

1177 3166 1273 3198 suae
1288 3187 1301 3210 ‚
1331 3151 1444 3199 dum
1468 3159 1625 3199 tenere
1645 3170 1739 3218 pro
1755 3170 1862 3203 vero
1885 3163 2191 3211 necessarium

1176 3251 1234 3282 ex
1281 3237 1325 3282 vi
1367 3234 1696 3298 intelliqentioe
1740 3236 2034 3306 (Einsichtl)
2075 3243 2190 3293 adeo

1175 3319 1339 3366 acriter
1366 3320 1636 3381 impugnat,
1669 3318 1890 3368 Kantium
1918 3325 2190 3391 impugnare

1175 3399 1305 3447 velle.
1323 3398 1375 3447 ld
1402 3402 1566 3463 apertis
1592 3401 1742 3450 verbis
1776 3404 1941 3452 tradidi
1966 3423 2062 3455 non
2094 3424 2189 3456 uno

1173 3482 1223 3529 in
1247 3482 1382 3544 loco;
1413 3500 1468 3531 ac
1500 3486 1719 3548 scriptum
1753 3503 1911 3535 meum
1945 3491 2007 3536 ita
2031 3489 2186 3537 absol-

1174 3563 1363 3623 vebam‚
1391 3574 1445 3612 ut
1474 3582 1710 3615 monerem
1739 3566 1929 3619 lectores
1946 3607 1960 3630 ‚
1991 3569 2186 3619 Herme-

1173 3649 1291 3696 sium
1314 3658 1417 3711 post
1443 3645 1559 3698 illud
1592 3664 1711 3714 opas
1735 3649 2100 3714 destructionis,
2128 3653 2185 3702 ad
