2502 4134
283 89 401 155 368

859 110 1052 149 macr.
1102 113 1169 149 DE
1212 112 1363 150 Locis
1407 115 1779 155 THROLOGICIS.

284 256 397 316 nisi
426 255 500 317 ab
534 258 859 314 extrinseco
885 252 1270 333 cognoscendi
1305 254 1505 329 fonte
1538 257 1754 319 scilicet
1787 263 2131 322 auctoritate
2161 262 2253 322 vel
2290 274 2410 322 tra-

285 351 543 424 ditione
576 371 699 407 non
739 370 877 411 vero
919 348 993 407 ab
1027 353 1355 409 i'ntrznseco
1402 350 1526 410 veri
1556 352 1824 431 criterio‚
1858 357 2016 438 quod
2053 359 2291 418 intimas
2324 360 2408 420 rei

283 450 534 507 rationes
555 445 894 528 patefacit.
871 428 1032 506 Nihil
1061 468 1236 528 porro
1260 446 1438 506 refert
1454 449 1667 530 quod
1682 449 1889 532 aliquis
1916 465 2068 533 optet
2086 467 2188 514 aut
2205 458 2412 515 eredat

283 542 624 618 veritatem,
661 564 839 622 quam
867 541 977 601 sibi
1015 541 1141 600 vult
1176 492 1597 608 demonstiari·
1582 543 1887 628 alioquin
1920 548 2042 607 fieri
2071 571 2192 610 non
2216 561 2408 633 posset

283 648 383 698 aut
404 638 592 720 optari
620 637 1040 698 demonstratio
1059 636 1297 716 alicujus
1325 637 1701 699 theorematis
1720 685 1734 714 ,
1760 641 1918 723 quod
1942 641 2148 725 aliquis
2172 645 2406 705 aliunde

283 734 389 794 scit
430 755 556 794 esse
595 756 834 811 verum,
870 733 971 793 sed
1010 738 1169 811 cujus
1203 733 1772 796 demonstrationem
1811 736 2043 817 ignorat
2079 739 2190 818 (1).

366 830 466 891 50.
517 830 606 891 Ad
642 831 750 907 4¹¹²,
782 830 1142 890 Transmissa
1175 829 1274 890 illa
1307 833 1638 911 argumenti
1675 842 1874 914 parte,
1917 855 2046 916 quae
2090 835 2270 895 afficit
2297 839 2407 897 de-

284 929 655 1000 ductionem,
685 948 818 986 cum
852 938 985 1009 post
1008 927 1063 986 S.
1093 926 1382 986 Thomam
1409 926 1665 1010 theologi
1693 950 1760 988 ac
1789 929 2124 1013 philosophi
2149 931 2412 1015 plerique

284 1024 615 1083 inficientur
639 1069 655 1099 ,
707 1044 875 1106 posse
920 1023 1228 1083 efficaciter
1268 1046 1307 1082 a
1335 1027 1548 1103 priori
1588 1024 1818 1084 ostendi
1860 1027 1964 1085 Dei
2004 1026 2409 1104 existentiam,

284 1118 408 1179 aliis
448 1131 648 1180 tamen
675 1119 1110 1200 ‘refragantibus
1147 1119 1268 1201 (2);
1302 1142 1583 1200 negamus
1619 1121 1814 1204 quoad
1849 1121 2094 1183 alteram
2135 1137 2401 1206 partem,

284 1237 415 1298 quae
444 1218 850 1276 inductionem
883 1215 1155 1297 attingit,
1198 1238 1312 1299 qua
1346 1238 1563 1298 nempe
1598 1238 1668 1276 ex
1700 1217 1999 1278 effectibus
2035 1232 2413 1299 argumenta-

284 1333 418 1371 mur
469 1312 544 1373 ad
598 1334 850 1372 causam.
914 1315 980 1369 In
1031 1311 1139 1371 hac
1197 1334 1375 1393 porro
1427 1316 1938 1393 argumentatione
1987 1314 2167 1375 debet
2213 1317 2415 1398 utique

286 1408 502 1467 assumi
534 1418 600 1467 ut
632 1418 788 1468 certa
823 1409 1081 1467 anterior
1120 1408 1372 1487 cognitio
1411 1409 1697 1468 factorum
1738 1411 2242 1492 contingentium,
2286 1433 2413 1494 quae

286 1503 678 1565 ostenduntur
716 1525 840 1564 esse
881 1503 1130 1564 totidem
1180 1501 1460 1578 effectuS‚
1520 1514 1585 1563 ut
1638 1505 1875 1587 procedi
1917 1507 2057 1567 inde
2109 1508 2290 1589 possit
2340 1508 2415 1568 ad

287 1599 713 1660 ostendendam
743 1611 964 1659 certam
994 1600 1366 1658 existentiam
1393 1621 1577 1659 causae
1607 1602 1964 1662 necessariae.
1997 1603 2097 1662 Ast
2127 1602 2250 1663 haec
2279 1625 2416 1684 cog-

286 1695 430 1755 nitio
460 1695 663 1755 haberi
691 1706 884 1777 potest
917 1716 982 1754 ac
1015 1693 1193 1755 debet
1222 1693 1698 1777 independenter
1727 1718 1759 1754 a
1794 1698 2126 1777 cognitione
2157 1699 2414 1758 existen-

286 1792 379 1851 tiae
395 1792 530 1867 Dei,
553 1790 971 1871 constituitque
986 1795 1276 1868 majorem
1290 1788 1457 1848 illam
1473 1835 1488 1862 ‚
1512 1811 1691 1871 quam
1714 1791 1953 1870 exigunt
1974 1791 2292 1853 adversarii
2305 1793 2415 1875 (3).

289 1885 459 1961 Quod
482 1887 530 1945 si
558 1886 687 1969 quis
725 1885 943 1946 realem
983 1906 1294 1968 corporum
1333 1885 1703 1945 existentiam
1737 1885 1799 1943 in
1829 1885 2076 1946 dubium
2101 1887 2418 1949 idealistice

287 2003 556 2046 revocare
594 1982 802 2059 vellet,
836 2002 1019 2065 eaque
1051 1993 1115 2040 ut
1151 2003 1312 2041 mera
1349 1981 1739 2063 phaenomena
1777 1993 2074 2064 spectare,
2112 2006 2258 2042 num
2288 1986 2417 2066 ipsa

287 2078 713 2162 phaenomena,
762 2100 893 2161 quae
924 2090 1080 2138 certe
1121 2081 1169 2138 si
1211 2077 1749 2160 apprehenduntur
1787 2077 1939 2136 nihil
1975 2101 2099 2138 non
2139 2091 2312 2155 sunt,
2353 2100 2419 2139 ac

285 2176 412 2257 ipsa
452 2175 660 2235 saltem
701 2175 926 2256 proprii
983 2175 1112 2254 Eyo
1160 2173 1510 2249 existentia,
1555 2195 1684 2254 quae
1735 2195 1766 2231 a
1813 2173 2050 2233 nemine
2090 2175 2417 2256 oppugnari

288 2281 516 2351 potest,
555 2290 800 2352 quaeque
835 2271 901 2328 in
931 2291 991 2329 se
1029 2269 1412 2330 necessariam
1457 2268 1748 2328 rationem
1784 2268 2018 2329 essendi
2055 2270 2275 2331 habere
2309 2292 2419 2331 ne-

289 2365 416 2447 quit
434 2411 451 2442 ,
485 2368 622 2426 satis
645 2365 805 2427 haud
827 2377 1021 2426 essent
1047 2366 1124 2425 ad
1155 2366 1564 2426 necessitatem
1591 2385 1777 2425 causas
1819 2365 2101 2427 absolutae
2129 2378 2190 2426 et
2213 2388 2420 2428 neces-

288 2462 451 2522 sariae
490 2462 1012 2524 demonstrandam
1048 2461 1182 2542 (4)?
1224 2460 1657 2521 Concludamus
1703 2460 1913 2521 falsum
1962 2482 2122 2538 esse,
2174 2462 2418 2523 certitu-

356 2659 427 2724 (Ι)
465 2657 616 2725 Atque
631 2658 710 2707 hic
726 2655 1194 2708 animadvertendum
1217 2665 1312 2716 est,
1397 2654 1524 2720 quod
1545 2655 1646 2719 ipse
1666 2663 1758 2715 est,
1782 2654 1908 2720 quod
1930 2653 2069 2703 habet
2090 2670 2214 2711 esse,
2233 2663 2278 2702 et
2293 2654 2420 2719 quod

291 2742 415 2790 hanc
453 2743 599 2807 ipsam
643 2740 966 2789 difficultatem
1012 2739 1098 2787 sibi
1134 2739 1317 2804 jamdiu
1398 2753 1497 2787 non
1522 2754 1706 2802 semper
1723 2736 1827 2800 fuit
1843 2757 1865 2799 ;
1893 2747 1937 2786 et
1960 2755 2019 2786 ex
2046 2738 2130 2786 hoc
2157 2738 2273 2785 bene
2296 2739 2415 2798 scit,

291 2825 582 2889 proposuisse
611 2822 663 2872 S.
678 2822 937 2883 Thomam,
969 2820 1150 2869 Contra
1177 2827 1307 2885 qent.

291 2906 378 2956 lib.
411 2923 461 2968 1,
495 2922 594 2971 cap.
631 2921 721 2966 12,
757 2923 853 2971 arg.
889 2918 940 2953 2.

361 2989 435 3054 (2)
469 2989 751 3039 Recolantur
775 3025 789 3050 ‚
830 3005 931 3054 quae
968 2988 1234 3051 scripsimus
1269 2987 1319 3032 in

294 3080 426 3122 tract.
442 3070 521 3120 De
545 3069 643 3121 Deo
668 3081 789 3137 part.
806 3087 824 3117 1
841 3107 853 3130 ‚
875 3087 978 3134 cap.
1002 3085 1020 3118 ι
1040 3105 1053 3129 ,
1072 3086 1317 3134 prop05.1‚

294 3169 347 3202 ιι.
380 3168 437 3202 21
457 3191 472 3216 ‚
489 3171 598 3203 cum
633 3163 741 3202 nota
758 3154 964 3219 apposita
985 3188 998 3211 ‚
1017 3150 1133 3200 t.12
1155 3188 1168 3209 ‚
1191 3168 1239 3216 p.
1258 3151 1318 3201 11.

364 3234 431 3300 (3)
471 3235 600 3285 Hanc
645 3239 813 3302 pariter
862 3233 1184 3284 difficultatem
1229 3234 1317 3283 sibi

295 3315 461 3383 objicit
492 3314 544 3366 S.
572 3316 664 3367 Th.
693 3318 784 3366 loc.
812 3319 893 3365 cit.

361 3398 434 3463 (h)
471 3397 574 3447 Hoc
601 3401 755 3463 ipsum
787 3407 1113 3464 argumentum
1151 3395 1320 3446 evolvit

296 3483 471 3547 egregie
517 3480 793 3530 Edmundus
849 3481 1224 3539 Cantuarieusis‚
1269 3480 1332 3527 in'

298 3563 498 3631 Speculo
529 3560 790 3625 Ecclesiae,
825 3581 930 3629 cap.
964 3580 1027 3629 27
1058 3580 1072 3611 ε
1099 3560 1322 3627 Quilibet

298 3645 464 3709 homo,
502 3648 595 3708 ait,
638 3645 753 3694 bene
777 3654 932 3712 potest
963 3644 1124 3694 videre
1150 3646 1208 3692 in
1237 3661 1317 3702 so,

1399 2818 1527 2883 quod
1552 2820 1752 2867 initium
1774 2819 2037 2884 aliquando
2055 2818 2243 2867 habuit.
2272 2818 2323 2866 T
2321 2835 2417 2867 unc

1400 2904 1647 2967 sequitur,
1683 2903 1809 2967 quod
1835 2902 1976 2950 aliud
2004 2911 2188 2968 tempus
2211 2909 2339 2961 erat,
2361 2903 2418 2949 in

1401 3002 1493 3051 quo
1525 2985 1628 3049 ipse
1667 3002 1763 3032 ‘non
1796 2986 1916 3049 fuit.
1954 2981 2052 3035 Sed
2085 2981 2276 3047 quando
2318 2999 2419 3030 non

1395 3067 1521 3133 suit,
1555 3074 1673 3114 tunc
1704 3066 1835 3115 nullo
1854 3065 1990 3115 modo
2008 3082 2057 3113 se
2075 3066 2236 3131 ipsum
2259 3065 2421 3129 facere

1394 3150 1574 3216 potuit.
1617 3147 1734 3196 Ideo
1773 3156 1950 3213 oportet
1990 3148 2259 3194 necessario
2295 3146 2420 3212 quod

1402 3249 1506 3280 una
1536 3247 1611 3279 res
1641 3233 1703 3278 sit
1722 3262 1738 3290 ,
1785 3246 1890 3295 quae
1919 3228 2003 3277 dat
2037 3228 2259 3277 omnibus
2290 3245 2417 3291 esse,

1402 3314 1488 3363 hoo
1520 3323 1617 3374 est,
1647 3329 1678 3361 a
1704 3329 1800 3376 qua
1838 3312 2005 3359 omnia
2032 3317 2175 3372 sunt,
2208 3317 2300 3360 etc.
2329 3311 2420 3360 Ce-

1402 3407 1553 3447 terum
1593 3395 1746 3443 Patres
1776 3395 1973 3442 maxime
1997 3393 2209 3442 delectati
2240 3404 2348 3442 sunt
2365 3395 2419 3442 iis

1401 3479 1682 3544 argumentis
1699 3477 1755 3525 ad
1780 3477 2081 3525 evincendam
2110 3475 2197 3524 Dei
2223 3478 2419 3524 existen·

1402 3563 1542 3621 tiam,
1580 3575 1684 3627 quae
1714 3577 1766 3608 ex
1797 3561 1895 3624 ipsa
1930 3560 2076 3607 animi
2109 3558 2305 3606 humani
2335 3573 2419 3604 na-

1402 3653 1503 3691 tura
1528 3659 1582 3692 ac
1605 3642 1792 3692 dotibus
1815 3642 2174 3707 depromuntur.
2202 3639 2269 3688 Ita
2290 3638 2418 3689 Basi-
