2502 4134
379 141 536 181 PAR-r.
581 141 669 178 ιιι.
712 141 861 180 ποτ.
905 141 945 177 1.
990 139 1112 178 cu».
1155 138 1239 178 ιιι.
1283 138 1371 178 ως,
1393 140 1523 177 ΜΤ.
1572 139 1699 177 rosr
1743 139 1850 180 rm.
2053 121 2170 180 547

64 289 451 345 Protestantes
468 329 485 358 ,
512 293 571 341 et
602 281 701 363 qui
734 280 808 341 ab
834 281 904 340 iis
926 279 1212 363 progeniti
1233 291 1370 338 sunt
1413 280 1783 341 rationalistae
1810 302 1876 341 ac
1905 282 2166 363 mythici.

65 382 208 440 Cum
246 398 384 437 vero
430 374 821 436 protestantes
841 419 859 452 ‚
902 374 1111 435 saltem
1154 374 1255 456 qui
1299 375 1613 435 orthodoxi
1655 375 1932 451 audiunt,
1973 376 2174 459 procul

65 471 451 533 rationalistas
477 493 542 531 ac
563 471 849 552 mythicos
873 468 1164 552 repellant
1179 514 1196 545 ,
1227 470 1347 528 imo
1381 480 1440 529 et
1462 470 1760 531 confutare
1791 471 2038 531 istorum
2059 493 2173 554 sys-

66 579 280 628 temata
317 567 617 640 nitantur,
670 565 786 624 duo
825 587 857 625 a
900 563 1068 623 nobis
1104 563 1198 623 hic
1241 563 1389 624 effici
1433 562 1680 640 debent,
1718 573 1923 643 primo
1958 567 2175 628 scilicet

65 662 371 723 ostendere
416 660 729 732 debemuS‚
777 659 1065 725 rationem
1106 657 1180 718 ab
1228 660 1568 718 auctoritate
1610 659 1789 719 fidem
1827 662 2175 741 objectivam

64 758 306 817 omnino
336 755 646 816 adsciscere
683 754 931 832 debere3
961 755 1216 814 secundo
1240 755 1541 828 evincere,
1578 755 2039 815 rationalismum
2059 802 2077 833 7
2110 778 2177 817 ac

65 865 375 937 propterea
407 850 665 929 ejusdem
689 849 1175 910 modificationem
1201 892 1218 923 7
1250 848 1688 928 mythicismum
1708 894 1724 925 ‚
1762 853 2084 912 necessario
2105 874 2178 912 ex

68 949 277 1007 intima
300 958 509 1006 natura
543 967 608 1005 ac
630 946 877 1005 essentia
913 943 1375 1004 Protestantismi
1412 943 1679 1018 effluere,
1713 965 1814 1004 seu
1842 946 2001 1028 quod
2018 946 2176 1007 idem

67 1053 188 1115 est,
247 1041 476 1101 nullum
542 1040 667 1099 dari
725 1039 1019 1112 medium,
1079 1038 1127 1096 si
1178 1043 1353 1119 loyz'ce
1408 1029 1476 1098 ac
1525 1039 1800 1100 historice
1853 1041 2030 1100 etiam
2084 1031 2176 1103 res

68 1137 501 1210 consideretur,
550 1136 705 1194 inter
752 1133 1225 1195 Catholicismum
1266 1154 1330 1192 ac
1369 1134 1546 1192 totius
1585 1133 2010 1195 Christianismi
2041 1136 2173 1197 des-

66 1234 436 1291 tructionem.
482 1231 619 1304 Quae
655 1228 892 1312 quidem
938 1227 1378 1310 insequentibus
1423 1228 1918 1310 propositionibus
1953 1231 2180 1292 efficere

67 1326 450 1407 aggredimur.
2170 1327 2173 1331 ‘

785 1528 789 1532 ’
871 1526 1281 1579 PROPOSITIO
1318 1485 1365 1578 i.

68 1688 300 1767 Nequit
328 1688 600 1746 humana
634 1688 791 1744 ratio
833 1706 890 1744 se
941 1688 1140 1763 ipsam
1180 1687 1431 1743 unicam
1466 1685 1612 1763 fidei
1650 1689 1922 1766 regulam
1965 1692 2185 1748 consti-

160 1794 352 1852 tuere,
402 1786 552 1862 quin
588 1782 769 1858 fidem
809 1781 1109 1849 destruat,
1150 1800 1287 1858 quoe
1332 1781 1412 1839 ab
1458 1786 1809 1841 auctoritate
1846 1784 2086 1862 pendet.

149 1988 287 2048 306.
337 1987 574 2048 Crimen
624 1986 734 2046 hoc
777 1998 866 2047 est
905 1986 1188 2047 haereticis
1238 1986 1535 2046 omnibus
1563 2008 1906 2064 commune,
1962 1991 2062 2072 qui
2123 2012 2186 2050 se

68 2084 348 2146 extollere
367 2082 488 2142 ausi
508 2093 647 2141 sunt
662 2093 863 2142 contra
881 2082 1285 2142 auctoritatem
1304 2080 1586 2143 divinitus
1605 2082 1932 2143 institutam
1955 2129 1972 2158 .,
2001 2085 2186 2145 Eccle-

71 2181 216 2238 siam
244 2178 456 2238 Christi
486 2176 754 2238 videlicet
774 2221 791 2251 ‚
834 2189 900 2237 ut
938 2188 1127 2237 custos
1157 2188 1306 2236 esset
1339 2199 1403 2236 ac
1442 2178 1656 2238 vindex
1688 2177 1934 2260 depositi
1965 2180 2183 2240 revela-

70 2273 280 2348 tioni5‚
338 2273 519 2332 immo
577 2273 753 2332 etiam
795 2284 863 2331 ut
907 2273 1179 2353 magistra
1227 2284 1377 2332 esset·
1422 2272 1781 2347 infallibilis,
1831 2294 1897 2332 ac
1938 2275 2185 2356 proinde

2 2435 5 2437 ,
71 2367 265 2448 regula
299 2366 435 2428 fidei
467 2367 732 2450 proxima
777 2366 1205 2427 credendorum
1233 2378 1292 2426 et
1329 2368 1726 2449 agendorum3
1762 2368 1844 2427 ita
1879 2379 1942 2427 ut
1968 2369 2182 2451 seipsos

75 2486 176 2524 seu
211 2464 498 2524 rationem
529 2463 952 2524 individualem
993 2474 1276 2547 tanquam
1315 2464 1453 2524 fidei
1497 2485 1767 2524 normam
1817 2486 1882 2524 ac
1926 2465 2185 2546 regulam

73 2559 497 2619 substituerint.
541 2559 707 2618 Nulla
749 2571 950 2620 tamen
994 2571 1149 2620 secta
1188 2581 1370 2642 usque
1400 2559 1474 2618 ad
1512 2571 1818 2622 novatores
1854 2559 2029 2620 seculi
2053 2561 2185 2619 XVI

74 2656 135 2713 in
168 2655 519 2736 principium
553 2653 794 2714 formale
828 2654 1011 2715 erexit
1052 2654 1578 2736 independentiam
1606 2654 1932 2715 absolutam
1954 2702 1970 2729 .,
2004 2657 2186 2715 ratio-

75 2749 165 2808 nis
214 2770 247 2808 a
275 2749 479 2830 quavis
536 2750 895 2810 auctoritate.
948 2749 1233 2809 Lutherus
1278 2753 1544 2810 omnium
1584 2752 1806 2833 primus
1850 2750 2187 2811 libertatem

77 2845 357 2904 examinis
405 2844 823 2926 proclamavit,
865 2866 1110 2927 eamque
1148 2845 1330 2906 veluti
1367 2846 1895 2906 ⁴characteristicam
1946 2856 2145 2906 notam
2173 2891 2188 2915 .,

78 2940 197 2998 imo
239 2941 674 3000 constitutivam
723 2941 1187 3001 ProtestantiSmi
1231 2945 1468 3023 ejusque
1512 2940 1698 3000 basim
1749 2942 1962 3024 posuit.
2009 2943 2186 3000 Porro

80 3034 429 3116 principium
472 3033 629 3094 istud
671 3034 805 3095 fidei
849 3037 1092 3095 omnino
1146 3037 1472 3098 eversivum
1509 3058 1630 3096 esse
1674 3035 1948 3118 perfacile
1980 3048 2179 3096 osten-

82 3129 292 3189 dimuS.

158 3216 304 3284 307.
357 3225 435 3284 Ex
462 3249 564 3286 suo
609 3226 735 3286 loco
759 3226 1169 3286 demonstratis
1196 3227 1458 3286 Christus
1500 3226 1758 3287 Ecclesiae
1797 3250 1827 3286 a
1854 3249 1916 3287 se
1940 3228 2189 3289 conditae

87 3322 426 3380 universum
462 3323 749 3381 commisit
785 3322 1152 3381 revelationis
1198 3322 1563 3403 depositum,
1609 3324 1776 3404 eique
1823 3324 2188 3405 praedicatio-

87 3436 225 3474 nem
260 3415 688 3478 commendavit
723 3417 1002 3477 doctrinae
1036 3438 1194 3490 suae3
1243 3417 1304 3474 in
1334 3415 1492 3475 hunc
1535 3419 1712 3476 tinem
1761 3418 2188 3479 infallibilitatis

0 3511 2 3514 ’
88 3508 222 3568 dote
262 3531 389 3569 eam
425 3512 839 3584 communivit„
870 3523 935 3570 ut
965 3512 1074 3579 rite
1103 3511 1318 3591 jugiter
1357 3511 1693 3591 fungeretur
1736 3536 2007 3589 munere,
2033 3513 2192 3594 quod

88 3605 142 3664 ei
172 3603 579 3680 demandavit3
629 3617 694 3664 ut
734 3618 927 3667 autem
970 3606 1143 3666 fidem
1184 3607 1337 3687 apud
1379 3618 1579 3686 gentes
1617 3630 1820 3670 omnes
1862 3608 2191 3679 obtineret,

1847 3703 1944 3763 35.
