2502 4134
271 145 392 206 260
872 166 1072 203 TnAc‘r.
1122 168 1190 204 mi
1235 169 1382 207 Locis
1428 172 1810 213 rnnotoeicis.

273 321 525 393 quatuor
577 328 703 368 esse
743 305 1052 386 Evangelia
1079 353 1093 381 ,
1143 308 1278 388 quia
1330 321 1584 391 quatuor.
1638 314 1845 374 mundi
1884 329 2021 374 sunt
2060 329 2254 397 partes
2294 319 2404 398 (l).

275 406 342 466 30
369 408 484 464 Nec
508 402 677 461 aliter
709 402 891 460 sensit
922 401 996 460 de
1030 403 1364 463 Traditione
1393 406 1446 463 S.
1484 405 1753 466 Clemens
1779 411 1946 470 Rom.
1977 414 2076 493 qui
2097 413 2161 471 in
2186 412 2409 472 duabus

276 496 534 582 epistolis
561 497 677 554 suis
702 495 930 555 nullam
955 497 1285 588 traditionis
1308 500 1667 561 mentionem
1688 504 1914 582 injecit,
1944 507 2078 565 solis
2104 509 2412 589 Scripturis

274 605 607 654 contentus.
657 595 742 650 Ita
782 594 1003 674 pariter
1036 615 1098 653 se
1140 595 1312 673 gessit
1366 595 1750 678 PolycarpuS,
1793 601 1892 681 qui
1932 603 2122 683 potius
2155 603 2357 662 scribit
2389 626 2403 661 t

276 692 402 770 Qui
434 687 725 767 (Paulus)
755 700 810 746 et
836 690 1049 763 absens
1086 693 1247 749 vohis
1291 695 1537 769 scripsit
1570 685 1873 773 epistolds,
1921 693 1986 754 ir}
2032 720 2184 776 quas
2213 704 2270 758 si
2308 703 2408 758 in.-

273 790 613 854 tueamini,
657 786 955 864 (edificari
983 790 1252 864 poteritis
1288 789 1358 845 in
1389 789 1541 866 fide,
1573 811 1710 867 quoe
1749 791 1895 848 data
1936 802 2021 851 est
2062 794 2298 852 vobz‘S...
2341 796 2415 853 Sz·

268 886 405 962 quis
448 887 610 940 enim
649 885 816 941 intra
862 882 985 940 hoec
1024 885 1250 961 fecerit,
1290 886 1655 943 mandatum
1676 890 1941 964 justitiae
1986 890 2256 967 implevit
2295 889 2408 968 (2).

274 980 366 1038 Sic
403 980 583 1038 etiam
622 979 677 1036 S.
714 979 975 1059 ignatius
1006 978 1067 1036 in
1097 977 1353 1059 epistolis
1385 980 1500 1038 suis
1533 980 1803 1040 hortatur
1840 982 2069 1059 fideleS‚
2104 995 2170 1042 ut
2207 1005 2406 1044 rever-

269 1085 471 1133 tantur
509 1075 596 1131 acl
628 1074 732 1146 id,
777 1076 942 1153 quod
975 1078 1293 1133 invenitur
1323 1078 1660 1155 scriptum;
1697 1078 1974 1159 quoniam
2013 1080 2312 1152 lzoeretz'cz‘,
2343 1091 2409 1139 ut

267 1172 389 1252 ipse
424 1170 713 1251 loquitur,
744 1181 800 1228 ec
821 1172 1154 1250 implicatis
1197 1175 1537 1250 inquinant
1570 1173 1784 1231 Iesum.
1824 1174 2133 1233 Christum
2170 1175 2257 1255 (3)
2278 1202 2313 1250 ς.
2334 1198 2409 1235 ex

271 1265 484 1348 quibus
518 1277 683 1348 patet
706 1311 721 1340 7
756 1267 1123 1348 propositum
1166 1267 1374 1346 Ignatii
1414 1289 1565 1340 esse,
1598 1267 1825 1327 nullam
1860 1269 2171 1330 admittere
2202 1271 2407 1331 Tradi-

274 1363 497 1421 tionem
569 1383 691 1420 ozon
748 1365 1200 1443 inspiratarum
1251 1369 1566 1421 mentium.
1620 1365 1822 1446 Neque
1882 1365 2102 1446 syllaba
2152 1368 2214 1425 in
2268 1368 2409 1426 actis

274 1459 372 1517 SS.
425 1456 728 1539 polycarpi
775 1469 835 1516 et
883 1458 1089 1537 ignatii
1131 1458 1414 1531 occurrit,
1456 1481 1584 1538 quae
1632 1459 1726 1517 vel
1765 1460 1989 1519 innuat.
2015 1463 2236 1542 duplex
2272 1465 2416 1542 fidei

272 1555 580 1612 vexillum.
618 1554 852 1611 Frustra
894 1573 1113 1633 quaeres
1144 1553 1210 1610 in
1242 1554 1297 1611 S.
1326 1555 1360 1611 J
1369 1554 1543 1611 ustini
1583 1555 1811 1636 scriptis
1853 1556 2134 1616 indicium
2174 1558 2411 1636 alicujus

273 1648 563 1730 dogmatis
614 1647 980 1726 obligatorii,
1030 1646 1188 1728 quod
1227 1669 1346 1705 non
1396 1660 1789 1721 memoretur,
1829 1663 1930 1709 aut
1976 1655 2412 1731 identificatam

275 1767 396 1804 non
432 1746 508 1803 sit
534 1766 668 1803 cum
704 1743 1051 1823 Scripturis3
1082 1754 1279 1800 censet
1310 1742 1469 1801 enim
1497 1744 1553 1800 S.
1596 1745 1851 1826 Martyr.²
1881 1768 1988 1805 nos
2017 1747 2080 1806 in
2115 1750 2410 1831 Scriptura

277 1840 398 1899 sola
444 1851 631 1898 totam
676 1839 948 1898 invenire
987 1837 1374 1895 substantiam
1408 1858 1473 1896 ac
1513 1837 1968 1899 fundamentum
2002 1843 2137 1902 fidei
2173 1857 2406 1905 nostrae.

278 1936 344 1995 40
373 1937 554 2015 Igitur
578 1935 752 2014 longo
779 1945 1019 1992 centum
1043 1933 1466 2014 quinquaginta
1486 1956 1777 1992 annorum
1805 1946 1993 1995 tractu
2017 1939 2212 2017 ignota
2237 1939 2411 2022 plane

277 2033 387 2090 fuit
427 2054 458 2089 a
505 2032 800 2112 Scriptura
841 2029 1114 2087 distincta
1145 2028 1421 2088 Traditio.
1463 2030 1688 2107 Quare,
1735 2032 1843 2089 etsi
1889 2033 1968 2090 ΙΙΙ
2008 2045 2068 2092 et
2106 2035 2184 2092 1V
2218 2034 2410 2093 seculo

278 2128 525 2208 coeperit
556 2130 625 2185 in
656 2128 850 2204 prasci
879 2124 1232 2183 Traditionis
1263 2147 1397 2182 usus
1427 2125 1746 2199 insinuari,
1785 2126 2001 2187 nullius
2037 2128 2249 2190 valoris
2283 2143 2408 2206 est,

279 2245 347 2284 eo
384 2225 510 2305 ipso
545 2221 704 2302 quod
739 2221 812 2280 ab
851 2220 1141 2302 Apostolis
1170 2241 1291 2278 non
1327 2219 1696 2280 descenderit
1731 2222 1842 2303 (4).
1875 2225 2038 2304 Ergo.

363 2319 502 2378 382.
553 2321 727 2399 Resp.
758 2316 910 2396 Neq.
940 2328 1066 2375 ant.
1101 2315 1188 2374 Ad
1223 2317 1302 2373 1ω
1332 2315 1500 2396 prob.
1529 2319 1691 2376 Dist.
1719 2319 2023 2378 Diversatn
2055 2342 2157 2379 seu
2186 2332 2421 2381 contra-

278 2416 429 2476 riam
458 2416 520 2474 in
540 2414 852 2496 Scripturis
882 2435 1002 2471 non
1038 2411 1409 2487 tradiderunt
1431 2411 1699 2494 Apostoli
1722 2412 1795 2471 ab
1822 2436 1919 2488 ea,
1951 2438 2124 2497 quam
2148 2428 2419 2476 oretenus

284 2510 750 2594 praedicaverant
770 2554 786 2583 ,
818 2530 983 2568 cono.
1008 2532 1027 2575 ;
1067 2529 1304 2567 omnem
1336 2508 1664 2567 doctrinam
1697 2510 1828 2570 viva
1870 2532 2009 2570 voce
2048 2511 2421 2593 praedicatam

283 2608 512 2688 scriptis
550 2607 666 2665 suis
707 2603 997 2686 complexi
1041 2614 1212 2676 sunt,
1255 2625 1385 2684 neq.
1437 2605 1616 2680 Quae,
1653 2614 1716 2663 ut
1752 2605 1936 2688 probe
1975 2607 2415 2686 intelligantur,

285 2724 454 2762 mens
490 2715 579 2763 est
616 2700 1008 2783 expendenda
1050 2720 1114 2758 ac
1155 2720 1359 2780 scopus
1401 2701 1459 2758 S.
1497 2701 1722 2760 Irenaei.
1758 2703 2014 2763 Gnostici
2052 2716 2110 2763 et
2140 2704 2417 2764 Valenti-

283 2799 483 2873 niani,
526 2810 594 2856 ut
630 2820 759 2856 suas
798 2797 1090 2856 novitates
1136 2794 1625 2873 cohonestarent,
1660 2798 2069 2878 confugiebant
2113 2799 2187 2858 ad
2228 2802 2417 2868 nescio

284 2917 467 2976 quam
496 2893 781 2953 occultam
817 2902 1217 2972 secretamque
1259 2889 1588 2950 doctrinam.
1619 2891 1855 2950 auribus
1889 2893 2309 2953 nonnullorum
2344 2894 2417 2952 ab

291 2990 581 3072 Apostolis
611 2989 982 3049 commissam
1003 3032 1019 3062 ,
1053 3006 1301 3068 eamque
1338 3006 1462 3046 esse
1496 2985 1902 3065 affirmabant,
1937 3011 2114 3070 quam
2148 2990 2255 3069 ipsi
2283 3000 2417 3048 tue-

361 3225 425 3287 (1)
466 3224 591 3272 Ibid.
619 3242 721 3290 cap.
760 3241 776 3272 ι
796 3240 811 3271 ι
836 3259 852 3286 ,
884 3240 936 3272 n.
967 3220 1019 3272 8.
1401 3220 1569 3287 Epist.
1597 3220 1662 3268 ad
1684 3220 1908 3288 Philipp.
1933 3238 2037 3288 cap.
2069 3240 2148 3283 111,
2180 3226 2301 3287 apud
2328 3226 2418 3273 Co-

363 3306 429 3369 (2)
470 3303 705 3369 (Παύλος)
734 3301 811 3354 καὶ
843 3302 962 3353 οἶαι-ὦν
993 3303 1094 3367 εἶμ’ἱν
1114 3297 1315 3368 ἵγροιψεν
1403 3304 1530 3351 teler.
1563 3314 1674 3352 tom.
1703 3321 1766 3364 ιι,
1802 3321 1905 3368 pag.
1944 3302 2059 3354 185.

295 3386 543 3441 ἔπισ-τολοῖς
563 3426 575 3448 ,
603 3393 663 3441 εἷς
694 3385 749 3441 ὃς
785 3385 856 3437 ἔοῖν
889 3384 1168 3454 ἔγκρῦπτητε
1187 3426 1203 3446 ,
1233 3383 1316 3434 δυ·
1471 3385 1538 3450 (3)
1575 3385 1743 3452 Epist.
1762 3386 1827 3434 ad
1845 3385 2087 3436 Trallian.
2104 3405 2206 3455 cap.
2225 3388 2415 3440 6.1bid.

296 3471 531 3528 ὐηθῆο-έσθε
560 3469 890 3531 οἰκοδομεῖσθαι
925 3475 985 3525 εἰς
1011 3467 1088 3525 τὼ
1117 3467 1318 3518 &aeda-m
1401 3483 1504 3533 pag.
1531 3469 1609 3517 23.

292 3557 394 3619 εἶμ’ἶν
427 3553 636 3604 orla-vn...
668 3550 767 3602 Ἐοέν
799 3552 889 3621 γοῖρ
919 3575 989 3608 τις
1017 3551 1178 3603 τοᾶτων
1205 3549 1319 3607 ἔντος
1475 3551 1537 3615 (h)
1573 3551 1638 3599 Ita
1665 3551 1994 3601 Shuttleworth
2014 3592 2027 3611 ,
2061 3570 2137 3619 op.
2162 3557 2241 3604 cit.
2261 3573 2364 3621 pag.
2386 3557 2414 3603 3

294 3636 359 3708 ᾗ,
427 3635 713 3703 πεπλήρωκεν
781 3633 951 3693 ἔνι-ολδ,
1018 3632 1318 3690 &zanoa-‹irns-
1404 3644 1449 3683 et
1480 3650 1608 3699 seqq.
