2502 4134
288 118 410 179 362

883 141 1081 180 TRAGT.
1131 142 1198 178 m:
1242 142 1394 181 LOCIS
1437 145 1818 189 TREOLOGICIS.

284 284 421 344 fidei
458 280 953 366 praeeambulum‚
993 294 1059 341 ut
1091 283 1352 367 loquitur
1394 287 1698 367 Angelicus
1726 291 1959 369 doctor,
2000 306 2401 378 supponatur,

283 389 538 461 nequeat
571 376 761 438 valide
784 378 1003 438 factum
1031 379 1260 439 ostendi
1286 381 1658 442 revelationis
1679 429 1696 459 ,
1730 406 1860 468 quae
1897 390 2001 449 Dei
2030 391 2403 451 existentiam

280 474 613 558 praeexigit3
646 475 895 556 seposita
924 478 1083 535 enim
1115 477 1222 535 Dei
1246 477 1551 537 existentia
1572 525 1588 554 a
1622 480 1900 541 revelatio
1931 483 2128 546 divina
2161 507 2238 546 ne
2264 507 2404 546 con-

282 571 396 652 cipi
427 569 666 651 quidem
695 582 905 652 potest.
935 573 992 631 Si
1026 572 1153 654 quis
1185 595 1360 653 porro
1395 574 1697 635 incredulo
1730 578 1837 636 Dei
1864 580 2230 641 existentiam
2266 582 2404 640 infi-

280 666 486 740 cianti,
516 665 668 727 hanc
694 668 1003 728 veritatem
1025 668 1267 729 suadere
1294 669 1502 746 vellet,
1527 693 1672 730 num
1698 671 1761 731 id
1790 694 1863 734 ex
1892 674 2012 734 sola
2041 676 2400 738 revelatione

280 761 588 822 conficiet?
638 763 811 846 Atqui
863 764 973 824 hoc
1028 764 1209 825 veluti
1258 766 1462 848 petitio
1508 759 1780 850 principii
1834 768 1908 829 ab
1958 770 2262 831 incredulo
2305 771 2405 831 illo

279 858 690 940 repelleretur,
725 860 1011 943 siquidem
1033 866 1157 941 jam
1184 865 1372 923 Deum
1394 863 1745 924 existentem
1767 867 2090 926 necessario
2117 867 2404 949 supponit

278 954 575 1017 revelatio,
614 957 725 1030 Qui
752 957 926 1039 igitur
958 970 1269 1018 autumant
1298 981 1368 1018 ex
1398 958 1520 1021 sola
1554 960 1667 1021 fide
1698 983 1800 1021 seu
1835 961 2192 1022 revelatione
2229 983 2405 1044 posse

278 1050 385 1111 Dei
421 1051 788 1113 existentiam
826 1066 1126 1130 constare,
1165 1055 1423 1118 validam
1459 1078 1491 1116 e
1528 1056 1718 1117 medio
1757 1058 1976 1117 tollunt
2018 1059 2171 1120 viam
2205 1058 2402 1119 incre-

278 1146 487 1209 dulum
520 1147 594 1210 de
627 1149 752 1232 ipsa
792 1150 1151 1212 revelatione
1187 1153 1571 1215 convincendi
1609 1153 1720 1235 (1).

278 1442 479 1491 respons.
512 1424 572 1474 ad
601 1424 853 1493 obJ’ection.
887 1426 918 1477 5
947 1426 1116 1476 Culten
1135 1465 1148 1488 ‚
1186 1430 1297 1476 scri·-

274 1507 345 1556 bit
374 1525 388 1557 :
422 1505 581 1556 Homo
610 1509 712 1575 ipse
741 1525 833 1574 per
862 1526 910 1557 se
937 1526 1024 1558 nec
1050 1510 1290 1577 sez‘pssmn,

275 1606 361 1638 nec
394 1587 551 1639 Deam
578 1592 772 1658 ejusque
805 1591 1091 1642 voluntatem
1118 1610 1295 1658 coquo-

276 1688 403 1721 scere
430 1681 581 1738 potest
594 1694 615 1732 ;
645 1673 730 1721 sed
755 1691 939 1723 necesse
968 1683 1038 1723 est
1053 1711 1067 1735 ,
1114 1683 1168 1723 ut
1192 1675 1296 1724 hoee

276 1754 355 1805 illi
374 1753 506 1805 Deus
524 1754 695 1820 aliqua
727 1757 915 1805 ratione
940 1758 1220 1823 patefaciat.
1240 1757 1298 1806 Et

277 1843 328 1889 in
355 1835 574 1888 Proelect.
605 1838 800 1905 theoloq.
829 1858 936 1906 cap.
972 1859 1030 1901 2,
1059 1859 1166 1890 euin
1191 1860 1301 1908 pro-

275 1923 479 1988 posuerit
505 1924 802 1988 receptiorem
836 1942 915 1972 sua
950 1934 1080 1972 aetate
1108 1935 1296 1974 senten-

276 2006 389 2052 tiam
419 2005 476 2053 de
500 2007 762 2070 cognitione
779 2005 864 2054 Dei
890 2006 1070 2056 homini
1100 2009 1295 2074 ejusque

278 2088 435 2135 auimo
476 2087 744 2136 naturaliter
783 2090 954 2150 insita,
998 2106 1099 2138 eam
1140 2092 1297 2156 rejecit

277 2170 416 2219 etiam
451 2170 523 2218 his
558 2173 838 2237 argumentis
873 2188 888 2221 ε
929 2181 978 2220 1⁰
1008 2172 1134 2239 quod
1168 2172 1292 2222 Deus

277 2252 337 2302 ab
354 2255 486 2302 initio
503 2256 745 2302 creationis
772 2272 820 2303 se
839 2257 989 2319 primo
1007 2255 1189 2303 homini
1210 2275 1292 2321 pa-

277 2337 540 2387 tefecisset:
563 2337 667 2400 Qui
673 2339 868 2403 primas
884 2337 1019 2387 Ῐιοηιο
1039 2355 1151 2386 cum
1173 2355 1296 2387 non-

274 2419 432 2483 qentis
459 2420 659 2483 triginta
676 2421 826 2467 annis
851 2421 1027 2468 vixerit
1042 2455 1058 2482 ,
1081 2430 1293 2489 posteros

277 2517 386 2550 suos
394 2500 539 2567 facile
552 2501 830 2552 divinitatis
844 2504 1070 2568 opinione
1083 2504 1297 2553 imbuere

269 2587 449 2652 potuit.
474 2594 524 2634 2⁰
555 2586 717 2653 Quia,
752 2588 800 2634 si
823 2586 1103 2636 divinitatis
1129 2589 1296 2655 opinio

278 2671 470 2717 cunctis
498 2669 739 2719 naturalis
776 2679 924 2733 esset,
961 2678 1084 2719 certe
1115 2688 1171 2720 ea
1197 2687 1297 2720 mon

277 2760 396 2801 esset
432 2769 491 2801 ex
523 2752 621 2817 fide
635 2772 658 2814 ;
687 2755 823 2819 atqui
852 2770 911 2802 ex
939 2753 1037 2818 fide
1064 2770 1170 2802 eam
1198 2771 1296 2802 esee

278 2834 408 2885 docet
453 2834 653 2901 epistola
699 2835 766 2883 ad
819 2834 1052 2885 Hebraeos
1104 2851 1157 2884 xt
1174 2873 1189 2900 ‚
1241 2834 1294 2886 6.

278 2916 460 2970 Deinde
487 2920 631 2984 pergit
647 2918 844 2968 aliorum
861 2936 1095 2984 exponens
1112 2930 1298 2969 senten-

279 3002 391 3049 tiam
411 3038 424 3059 ‚
465 3011 509 3050 et
538 3019 592 3052 ea
622 3011 720 3061 est,
759 3002 817 3050 de
851 3020 944 3068 qua
974 3001 1054 3050 hic
1085 3004 1293 3066 agimus,

281 3083 437 3131 scribit
470 3100 484 3132 ε
517 3083 590 3132 At
618 3092 732 3132 sunt
757 3085 844 3149 qui
880 3083 1049 3133 dicant
1067 3117 1086 3145 ,
1120 3082 1175 3131 id
1202 3083 1297 3133 sal·

282 3174 372 3212 tem
399 3168 571 3230 neyari
601 3183 701 3216 non
723 3184 896 3233 posse,
933 3182 993 3215 eat
1022 3164 1122 3214 sola
1154 3165 1300 3232 hujus

282 3248 458 3296 mundi
486 3250 710 3298 machina
725 3286 742 3314 ‚
781 3252 828 3299 si
847 3252 956 3316 quis
974 3250 1197 3299 animum
1210 3250 1299 3297 ad·

282 3339 461 3390 vertat,
501 3348 639 3397 posse
677 3332 960 3398 quemlibet,
1010 3348 1108 3380 non
1148 3331 1301 3379 solum

283 3412 449 3461 Deam
471 3429 592 3476 esse,
620 3416 871 3481 manifeste
898 3429 1193 3480 coquoecere,
1223 3430 1301 3462 ve-

282 3512 396 3544 rum
425 3497 573 3544 etiam
609 3497 753 3548 reimsr
777 3497 1007 3547 Immanis
1042 3513 1154 3545 eum
1185 3511 1302 3562 pro-

284 3581 493 3645 spicere,
525 3577 671 3645 plane
690 3582 952 3647 percipere.
981 3577 1141 3628 Immo
1173 3595 1302 3627 com-

277 3659 441 3728 plures
483 3661 667 3713 addant
690 3702 707 3726 ‚
762 3680 820 3712 ex
867 3664 1032 3713 eadem
1077 3662 1316 3712 machina.

1382 1445 1544 1477 omnes
1566 1431 1686 1478 satis
1706 1428 1967 1494 intelliqere
1981 1466 1995 1490 ‚
2023 1428 2265 1495 quidquid
2284 1446 2401 1495 opus

1382 1519 1453 1560 est
1477 1511 1542 1559 ad
1567 1529 1670 1560 eam
1691 1511 1794 1566 Dei
1813 1514 2070 1574 notitiam,
2099 1528 2158 1560 ea·
2182 1528 2278 1576 qua
2303 1529 2404 1560 om-

1383 1596 1465 1643 nis
1483 1593 1651 1659 reliqio
1675 1595 2020 1660 proficiscitur.
2042 1591 2294 1644 Sententia
2310 1594 2403 1641 ista

1382 1676 1607 1727 similiter
1638 1676 1710 1724 vel
1731 1693 1788 1724 ex
1812 1693 1863 1724 eo
1885 1675 2118 1742 salsitatis
2143 1676 2370 1740 arquitur
2386 1714 2402 1735 ‚

1385 1769 1471 1808 etc.
1493 1762 1544 1807 in
1568 1757 1805 1807 Biblioth.
1829 1759 2041 1823 fratrum
2072 1757 2365 1805 polonorum
2381 1793 2396 1813 ‚

1385 1853 1502 1891 tom.
1526 1859 1571 1902 1,
1602 1857 1707 1907 pag.
1738 1840 1835 1908 537
1865 1851 1910 1890 et
1933 1858 2031 1906 seq.
2063 1840 2184 1888 Hinc
2210 1838 2398 1888 Ostoro-

1384 1925 1498 1985 dus,
1515 1926 1780 1973 socinianus
1794 1962 1806 1984 ‚
1823 1927 1873 1972 in
1887 1922 2051 1971 Instit.
2066 1921 2201 1987 reliq.
2217 1921 2396 1971 Clu-ise.

1382 2025 1488 2073 cap.
1529 2024 1545 2055 1
1573 2043 1587 2068 ,
1619 2025 1722 2073 pag.
1757 2023 1846 2066 xo,
1885 2007 1980 2054 haec
2005 2005 2185 2053 habet:
2218 2003 2396 2070 Quam

1380 2099 1482 2139 tum
1501 2089 1717 2139 homines
1732 2089 1789 2137 de
1812 2088 1912 2137 Deo
1925 2096 2010 2136 aut
2025 2088 2194 2135 deitate
2209 2088 2393 2147 sciunt,

1379 2172 1435 2220 id
1460 2189 1556 2221 non
1576 2171 1748 2220 habent
1769 2189 1799 2220 a
1822 2179 2024 2227 natura,
2040 2186 2194 2235 neque
2211 2184 2269 2216 ex
2287 2183 2398 2216 eon-

1379 2256 1669 2304 sideratione
1703 2262 2067 2314 creaturarum,
2104 2251 2188 2300 sed
2209 2267 2269 2300 ea·
2303 2240 2396 2298 aa·

1379 2338 1501 2389 dita.
1518 2338 1597 2387 Ab
1617 2338 1760 2385 initio
1785 2338 1916 2385 enim
1933 2335 2072 2384 Deus
2097 2351 2146 2382 se
2171 2351 2219 2382 se
2243 2333 2399 2381 homi-

1380 2420 1526 2469 nibus
1551 2419 1803 2486 patefecit.
1823 2419 1961 2468 Porro
1984 2410 2044 2468 ex
2080 2418 2249 2465 nostris
2276 2415 2403 2464 hanc

1381 2507 1642 2556 doctrinam
1701 2503 1990 2553 socinianam
2045 2500 2356 2550 confutarunt
2381 2532 2398 2557 ‚

1382 2598 1615 2655 quotquot
1640 2585 1728 2636 Dei
1762 2587 2011 2635 existentiae
2047 2582 2400 2634 demonstratio-

1382 2687 1492 2718 nem
1522 2669 1839 2718 confecerunt.
1857 2665 1924 2715 Ex
1942 2663 2302 2714 protestantibus
2319 2662 2395 2710 in-

1383 2764 1453 2803 ter
1467 2762 1638 2801 eeteros
1662 2768 1719 2799 ex
1739 2751 1943 2815 professo
1963 2748 2133 2798 refellit
2153 2748 2274 2795 hanc
2291 2760 2397 2792 sen-

1383 2837 1581 2885 tentiam
1625 2833 1838 2882 Calovius
1863 2870 1877 2893 ‚
1941 2849 2018 2898 op.
2073 2830 2152 2878 cit.
2205 2825 2398 2891 Scripta

1383 2916 1762 2966 anti-sociniana
1777 2951 1792 2972 ,
1831 2926 1957 2964 tom..
1982 2930 2033 2973 ι,
2079 2928 2191 2977 pag.-
2223 2906 2310 2958 51.
2348 2909 2398 2955 in

1383 3002 1495 3050 diss.
1525 2996 1598 3048 De
1626 2999 1886 3047 existentia
1912 2995 2014 3045 Dei
2038 2995 2231 3060 ejusque
2257 2998 2401 3038 natu-

1382 3082 1477 3134 rali
1498 3082 1785 3146 oo'ynitione‘.

1449 3164 1518 3228 (l)
1558 3163 1679 3211 Hinc
1698 3163 1901 3227 apposite
1926 3159 2136 3208 observat
2153 3193 2168 3217 ,
2189 3156 2239 3206 S.
2260 3155 2398 3205 Joan.

1383 3247 1621 3314 Chrysost‘.
1672 3242 1944 3309 Apostolum
1991 3240 2189 3289 Paulum
2207 3275 2220 3298 ,
2263 3237 2402 3286 Athe-

1384 3333 1567 3380 nienses
1598 3328 1656 3377 de
1678 3327 1849 3376 divinis
1871 3324 2183 3389 alloquentem
2198 3357 2213 3382 ‚
2233 3338 2330 3369 non
2348 3336 2409 3367 ex⁴

1386 3412 1633 3478 Scripturis
1646 3445 1660 3467 ‚
1684 3408 1765 3457 sed
1784 3407 2039 3455 rationibus
2055 3415 2191 3471 atque
2206 3403 2410 3468 exprin-

1386 3497 1517 3560 cipiis
1548 3493 1607 3542 ab
1635 3490 1726 3540 illis
1764 3491 1962 3539 ethnicis
1987 3489 2198 3541 admissis
2220 3500 2412 3552 proces--v

1385 3579 1515 3626 sisse.
1539 3573 1709 3637 jHom.
1743 3588 1797 3621 111
1817 3610 1830 3634 ‚
1859 3575 1915 3621 in
1939 3570 2043 3638 Ep.
2065 3569 2130 3620 ad
2158 3568 2263 3618 Tit.
2282 3566 2400 3615 Prae·

1388 3671 1510 3710 terea
1541 3657 1754 3708 revelatio
1794 3665 1956 3722 praeter
1992 3654 2081 3704 Dei.
2107 3650 2401 3703 existentiam
