2502 4134
373 167 376 171 ’
430 183 591 221 mar.
640 183 707 218 11.
755 179 879 218 car.
912 180 981 218 11.
1029 178 1099 218 DE
1140 178 1316 222 mvm·
1361 177 1495 216 cm.
1544 175 1684 214 nnn.
1734 174 1938 213 msrm.
2183 150 2262 208 57

1032 346 1270 407 CAPUT
1312 346 1384 405 ΙΙ.

424 524 492 559 ΒΕ
534 520 735 561 DIVINA
779 519 1181 559 GANONICORUM
1226 519 1511 556 LIBRORUM
1557 509 1967 556 IR'SPIRATIONE.

221 707 316 766 90.
361 706 419 765 Si
440 706 709 765 recensiti
729 706 1160 786 Scripturarum
1185 702 1323 770 libri
1354 715 1492 762 sunt
1517 713 1582 761 ut
1603 700 1865 761 canonici
1897 699 1971 759 ab
1996 700 2252 761 Ecclesia

142 802 389 876 sanciti,
439 799 548 859 hoc
592 801 718 881 ipso
767 800 945 859 iidem
988 812 1053 858 ut
1090 800 1410 859 authentici
1455 809 1514 858 et
1562 797 1772 875 integri
1818 795 2012 877 quoad
2056 817 2261 856 omnes

141 918 272 956 suas
305 907 499 978 partes
531 896 734 953 sanciti
766 907 922 955 sunt.
963 897 1095 954 Non
1137 896 1297 955 enim
1339 894 1451 953 alia
1486 892 1559 953 de
1590 914 1756 951 causa
1793 912 1890 950 eos
1927 890 1989 949 in
2022 911 2262 950 censum

141 991 447 1051 Librorum
476 990 885 1048 canonicorum
923 989 1130 1048 retulit
1177 987 1420 1047 Ecclesia
1449 1032 1466 1063 ,
1510 1009 1689 1068 quam
1721 996 1785 1045 ut
1823 986 1921 1060 iis,
1961 984 2176 1067 quiin
2206 1006 2262 1044 se

143 1084 463 1145 authentici
496 1093 693 1156 erant,
720 1083 939 1163 quippe
963 1083 1187 1163 Spiritu
1210 1082 1422 1139 Sancto
1447 1080 1685 1140 afflante
1709 1080 2055 1162 conscripti,
2087 1091 2263 1161 prout

143 1204 280 1241 mox
321 1178 729 1252 ostendemus,
776 1177 1117 1257 suffragium
1152 1199 1323 1236 suum
1362 1177 1743 1259 adjungeret,
1789 1198 1905 1258 quo
1940 1175 2263 1236 authentici

142 1278 316 1336 etiam
350 1275 552 1352 quoad
589 1294 696 1331 nos
733 1272 1121 1331 efficerentur.
1157 1271 1574 1332 Authenticum
1611 1271 1901 1355 siquidem
1938 1271 2087 1330 illud
2116 1271 2260 1332 dici-

139 1380 272 1442 tur,
308 1367 465 1449 quod
497 1368 897 1427 auctoritatem
922 1366 1100 1427 habet
1123 1379 1393 1449 respectu
1428 1367 1663 1427 illorum
1685 1413 1701 1442 ,
1735 1367 1948 1450 quibus
1977 1369 2107 1427 usui
2141 1389 2263 1429 esse

136 1474 328 1546 potest
366 1464 473 1544 (l).
519 1465 926 1546 Quapropter,
978 1462 1122 1522 dum
1171 1462 1370 1522 Libros
1416 1485 1605 1523 sacros
1661 1463 1910 1524 Ecclesia
1958 1465 2263 1524 canonicos

142 1580 263 1621 esse
299 1559 492 1618 sanxit
515 1604 531 1634 ,
568 1558 678 1618 hoc
707 1561 833 1641 ipso
861 1561 1053 1619 sanxit
1079 1553 1176 1618 eos
1202 1559 1570 1619 authenticos
1601 1581 1723 1619 esse
1756 1571 1816 1619 et
1846 1561 2104 1642 integros
2125 1606 2141 1637 ,
2182 1562 2262 1619 ita
2323 1621 2326 1623 ,

138 1667 205 1714 ut
242 1655 514 1736 nuspiam
554 1654 647 1717 vel
681 1656 994 1714 minimum
1036 1655 1226 1715 vitiati
1274 1656 1524 1731 fuerint,
1562 1656 1624 1714 in
1660 1656 1730 1714 iis
1771 1654 1979 1715 saltem
2019 1679 2149 1738 quae
2188 1656 2264 1716 ad

136 1752 221 1811 rei
254 1750 641 1810 substantiam
675 1763 977 1832 spectant,
1013 1751 1270 1833 alioquin
1300 1751 1528 1812 nullam
1557 1752 1668 1834 ipsi
1702 1751 1810 1811 sibi
1844 1774 2081 1833 prorsus
2105 1752 2263 1812 Libri

135 1847 397 1906 canonici
431 1847 837 1906 auctoritatem
883 1846 1189 1907 conciliare
1230 1847 1569 1908 valuissent.
1600 1850 1740 1921 Quae
1766 1871 1899 1908 cum
1927 1850 2009 1908 ita
2049 1870 2109 1908 se
2150 1849 2261 1909 ha-

135 1939 346 2017 beant,
381 1964 876 2025 supervacaneum
905 1941 1171 2002 ducimus
1202 1943 1556 2025 peculiarem
1583 1944 1890 2004 instituere
1918 1956 2262 2006 controver-

135 2037 280 2097 siam
317 2037 389 2098 de
425 2038 763 2113 authentia,
800 2048 868 2096 ut
907 2050 1155 2114 vocant,
1199 2037 1507 2098 Librorum
1548 2040 1962 2099 canonicorum
2003 2051 2063 2099 et
2102 2041 2262 2101 inte-

138 2133 366 2210 gritate.
417 2133 586 2207 Quod
632 2133 792 2193 enim
835 2133 912 2192 ad
948 2145 1144 2193 textus
1179 2135 1574 2214 integritatem
1619 2137 1833 2195 attinet
1885 2137 2008 2196 sive'
2033 2137 2257 2196 Veteris

138 2226 260 2287 sive
309 2216 455 2289 Novi
507 2230 863 2289 Testamenti
914 2228 1234 2306 librorum,
1285 2234 1406 2308 ejus
1435 2275 1454 2306 ,
1498 2231 1598 2312 qui
1643 2253 1831 2290 sacras
1883 2232 2130 2292 Litteras
2188 2253 2263 2292 ex

136 2322 396 2402 professo
422 2323 634 2399 tradit,
666 2335 756 2384 est
787 2346 918 2384 eam
946 2325 1242 2386 vindicare
1262 2370 1278 2399 ,
1315 2347 1448 2384 cum
1483 2327 1773 2405 agendum
1808 2326 1894 2385 illi
1928 2331 2003 2386 sit
2038 2328 2111 2387 de
2137 2328 2262 2387 fon·

137 2416 292 2475 tibus
311 2463 327 2492 ,
360 2430 425 2477 ut
453 2431 694 2494 vocant,
725 2418 1132 2499 originalibuS,
1165 2440 1367 2478 eorum
1403 2421 1824 2480 vicissitudines
1851 2421 2218 2503 inquirendae
2241 2467 2258 2499 ,

135 2512 198 2571 in
228 2511 434 2572 classes
458 2535 559 2573 seu
593 2514 838 2573 familias
874 2514 1203 2594 digerendi,
1235 2514 1528 2575 variantes
1553 2516 1912 2597 exponendae
1947 2517 2256 2594 lectioneS,

136 2609 498 2668 recensiones
546 2631 675 2690 quae
719 2609 1043 2669 identidem
1087 2630 1119 2667 a
1171 2608 1355 2667 doctis
1398 2611 1536 2671 viris
1581 2611 1643 2669 in
1687 2611 1934 2671 Ecclesia
1978 2612 2260 2673 catholica

138 2702 302 2761 factae
351 2714 489 2761 sunt
537 2703 1017 2779 dinumerandae,
1066 2703 1293 2786 aliaque
1350 2706 1634 2782 ejusmodi
1691 2707 2062 2787 praestanda,
2127 2730 2259 2791 quae

141 2798 326 2858 textui
360 2797 543 2881 probe
586 2799 985 2879 cognoscendo
1022 2799 1227 2860 lumen
1260 2799 1561 2860 affundere
1599 2813 1846 2883 queunt.

221 2893 319 2953 91.
367 2897 584 2956 Nostrae
625 2897 820 2978 itaque
865 2908 1060 2979 partes
1098 2906 1270 2972 sunt,
1303 2898 1715 2957 canonicorum
1753 2897 2061 2958 Librorum
2102 2897 2225 2962 divi
2258 2930 2260 2933 ⁴

141 3160 345 3205 tamenti.
389 3157 554 3207 Procul
605 3159 749 3210 dubio
794 3160 972 3227 ingenii
1016 3171 1156 3228 atque
1238 3162 1405 3210 ticum.
1425 3160 1608 3210 Etenim
1627 3161 1764 3210 latius
1786 3171 1905 3226 patet
1926 3159 2257 3211 authenticum

143 3236 373 3288 industriae
402 3259 492 3290 suae
511 3259 677 3291 nervos
702 3246 752 3292 in
782 3243 832 3292 id
859 3244 1025 3293 frustra
1044 3261 1157 3293 con·
1237 3263 1381 3311 quam
1410 3245 1704 3293 canonicum
1720 3279 1736 3305 ‚
1769 3262 1879 3294 cum
1900 3249 2256 3296 omne-canoni-

139 3317 311 3368 tendet.
1238 3345 1347 3377 cum
1378 3331 1437 3378 sit
1468 3329 1788 3377 authenticum
1807 3365 1822 3388 ‚
1853 3330 1934 3378 sed
1963 3348 2061 3379 non
2086 3348 2112 3380 e
2146 3347 2258 3380 con-

209 3397 278 3460 (l)
311 3401 408 3453 Cfr.
431 3404 720 3468 Bonfrerius,
760 3410 810 3456 in
835 3410 915 3457 cit.
943 3408 1154 3472 Proeloq.
1239 3427 1369 3460 verso
1386 3446 1403 3472 ‚
1444 3413 1617 3477 quippe
1654 3410 1830 3477 aliquid
1866 3423 2016 3477 posset
2049 3428 2146 3462 esse
2173 3428 2256 3460 au-

139 3495 242 3544 cap-
283 3480 346 3543 3,
388 3497 498 3538 sect.
539 3488 569 3536 3
589 3525 603 3548 ,
646 3492 728 3556 qui
767 3483 987 3556 praetere'a
1032 3491 1151 3539 ibid.
1239 3492 1500 3542 thenticum
1545 3503 1589 3542 et
1631 3510 1729 3542 non
1771 3496 2045 3543 canonicum
2066 3531 2080 3557 ‚
2128 3492 2255 3560 quod

143 3570 250 3609 sect.
303 3559 334 3611 5
353 3597 368 3626 ,
409 3570 758 3632 animadvertit,
807 3572 1153 3622 distinctionem
1237 3577 1508 3641 opportunis
1537 3574 1735 3625 illustrat
1762 3575 2001 3642 exempli&

139 3643 422 3696 intercedere
444 3649 562 3699 inter
578 3654 867 3703 canonicum
887 3664 934 3705 et
950 3654 1153 3704 authen-
