2502 4134
276 153 392 211 110
870 178 1076 216 TRAc‘r.
1122 180 1191 218 DE
1235 178 1390 218 Locls
1436 183 1826 225 rnnoiocicis.

270 316 374 376 sed
403 317 645 375 omnino
673 318 747 377 de
780 321 1096 398 vaticiniiS‚
1135 322 1346 403 quibus
1381 323 1895 405 praenunciabatur
1927 331 2190 392 Christus
2211 379 2228 409 ,
2265 357 2418 417 quae-

270 435 386 495 que
424 425 556 495 post
606 417 731 491 ejus
774 414 1102 477 adventum
1135 423 1418 496 majorem
1455 434 1594 481 sunt
1629 423 1956 486 claritatem
1987 439 2048 488 et
2077 428 2417 492 firmitatem

267 509 483 589 adepta
504 554 520 583 7
551 530 622 568 eo
645 510 773 591 ipso
801 512 960 594 quod
983 525 1229 573 eventus
1252 515 1622 596 responderit
1652 521 1969 581 vaticiniis,
1997 525 2210 583 Verum
2233 526 2418 586 enim-

268 625 411 663 vero
441 618 709 687 necpost
741 621 1027 669 eventum
1055 611 1330 670 vaticinia
1359 611 1459 671 illa
1484 635 1616 673 eam
1641 615 1970 684 claritatem
1997 619 2414 697 obtinuerunt,

267 712 335 758 ut
384 702 873 784 interpretatione
918 728 1040 765 non
1084 706 1467 786 indiguerint.
1521 713 1686 770 Patet
1742 712 1803 772 id
1866 736 1937 773 ex
1992 715 2254 793 Christo,
2316 718 2419 800 qui

267 797 402 856 Luc.
441 799 651 875 XXIV,
686 801 801 875 27,
835 802 932 860 illa
967 803 1392 884 interpretatus
1430 816 1518 864 est
1554 805 1784 865 duobus
1823 809 2116 892 discipulis
2143 812 2422 873 euntibus

266 893 330 951 in
366 895 677 967 Emmaus3
713 917 779 955 ac
811 909 1094 977 praeterea
1134 899 1426 980 Apostolis
1463 923 1704 961 sensum
1734 906 2002 986 aperuit,
2034 919 2098 966 ut
2124 909 2419 992 intellige-

265 1000 401 1063 rent
432 992 757 1073 Scripturas
777 1039 793 1068 ,
817 993 960 1052 ibid.
993 994 1107 1072 453
1137 997 1398 1056 Joannes
1431 997 1649 1058 fatetur
1670 1044 1684 1073 ,
1714 1021 1775 1057 se
1801 1011 1859 1058 et
1883 1003 2126 1061 Petrum
2147 1004 2417 1064 nondum

183 1137 186 1141 .
265 1090 503 1147 scivisse
533 1090 925 1168 Scripturas,
955 1091 1091 1172 quia
1123 1091 1439 1171 oportebat
1468 1094 1770 1152 Christum
1793 1118 1824 1153 a
1848 1097 2092 1156 mortuis
2119 1120 2419 1180 resurgere

266 1182 473 1263 (Joan.
503 1186 609 1243 XX
629 1231 645 1260 ,
680 1186 776 1265 9).
804 1189 940 1245 Post
968 1186 1128 1246 hunc
1154 1188 1334 1247 etiam
1362 1202 1648 1249 eventum
1679 1191 2072 1272 interrogatus
2107 1194 2420 1255 Eunuchus

264 1301 297 1338 a
334 1279 645 1363 Philippo,
679 1284 805 1341 Act.
863 1284 991 1342 VIII
1033 1306 1046 1342 :
1094 1285 1373 1344 Putasne
1410 1288 1698 1366 intelliyis
1734 1310 1868 1366 qua]
1897 1288 2083 1368 legis?
2117 1291 2243 1369 Qui
2280 1298 2374 1350 ait
2397 1315 2418 1351 .·

263 1387 320 1435 et
350 1380 637 1456 quoinodo
649 1401 903 1457 possum
920 1423 940 1451 ,
972 1385 1031 1438 si
1066 1403 1182 1439 non
1207 1383 1437 1460 aliquis
1461 1385 1780 1442 ostenderit
1810 1385 2008 1443 mihi?
2034 1387 2311 1446 Attamen
2345 1388 2421 1448 de

265 1494 526 1555 quonam
559 1474 842 1554 agebatur
873 1476 986 1534 nisi
1011 1477 1087 1535 de
1119 1477 1437 1559 prophetia
1466 1480 1627 1539 lsaiae
1646 1525 1663 1554 ,
1701 1481 1766 1539 in
1797 1503 1911 1562 qua
1945 1503 2140 1541 sermo
2167 1482 2424 1543 habetur

262 1569 337 1631 de
363 1571 635 1631 Christo?
666 1574 832 1631 Patet
869 1584 1150 1654 praeterea
1190 1595 1262 1633 ex
1297 1575 1748 1657 insequentibus
1783 1577 1978 1636 verbis
2022 1578 2266 1638 adducti
2301 1591 2423 1640 tes-

261 1668 498 1727 timonii
516 1713 533 1742 ,
582 1668 680 1727 ubi
721 1672 926 1728 Petrus
949 1672 1185 1751 pergit:
1219 1672 1423 1731 Donec
1446 1674 1573 1731 dies
1595 1676 1914 1744 elucescat,
1935 1686 1990 1733 et
2010 1677 2234 1755 lucifer
2254 1681 2422 1736 oria-

259 1774 367 1823 tur
391 1768 462 1823 in
500 1766 784 1823 cordibus
818 1771 1064 1836 vestris,·
1084 1768 1408 1847 prophetia
1437 1760 1777 1848 Scripturas
1812 1777 2077 1851 propria
2114 1777 2414 1853 interpre-

257 1865 486 1921 tatione
508 1883 631 1921 uon
646 1863 737 1940 fit.
759 1865 878 1922 Nec
898 1867 1062 1922 enim
1082 1872 1439 1924 auctoritate
1463 1867 1743 1926 humana
1769 1869 1957 1927 allata
1978 1880 2062 1927 est
2079 1871 2414 1949 aliquando

250 1960 615 2038 proplietim·
658 1962 763 2019 sed
800 1963 1043 2040 Spiritu
1080 1963 1300 2021 Sancto
1341 1968 1643 2042 inspirati
1675 1966 1862 2022 locuti
1893 1976 2040 2024 sunt
2067 1972 2270 2024 sancti
2300 1969 2418 2026 Dei

262 2056 547 2114 homines.
585 2057 666 2114 Ex
698 2055 910 2137 quibus
935 2056 1210 2115 discimus
1229 2104 1244 2131 a
1277 2081 1471 2139 neque
1501 2061 1746 2117 omnino
1778 2059 1961 2118 claras
1992 2082 2117 2120 esse
2148 2062 2410 2143 prophe-

261 2151 370 2210 tias
391 2197 406 2227 ,
437 2164 505 2210 ut-
538 2152 703 2211 facile
733 2152 982 2234 intelligi
1006 2165 1228 2235 queant
1260 2155 1282 2231 (
1303 2175 1367 2212 ac
1394 2167 1705 2236 propterea
1731 2156 1896 2214 tenui
1923 2155 2176 2216 lucernae
2198 2157 2411 2216 lumini

261 2261 685 2331 comparantur
711 2248 786 2307 ab
816 2249 1155 2330 Apostolo)„
1185 2271 1377 2331 neque
1405 2272 1478 2310 ex
1503 2253 1743 2332 proprio
1770 2273 1944 2310 sensu
1973 2272 2069 2310 eas
2093 2274 2218 2312 esse
2243 2253 2411 2313 intel-

263 2344 561 2425 ligendaS‚
598 2346 703 2404 sed
744 2345 954 2404 eodem
993 2347 1255 2427 Spiritu‚
1293 2369 1410 2427 quo
1444 2346 1614 2407 editae
1652 2348 1894 2406 fuerunt
1930 2359 2166 2408 auctore
2204 2349 2312 2429 (l).

359 2443 497 2501 167.
548 2441 636 2501 Ad
683 2441 791 2515 3¹27
846 2442 999 2522 ΝΘΕ).
1053 2447 1433 2522 suppositum
1459 2489 1474 2518 .,
1528 2443 1687 2523 quod
1713 2442 1931 2503 scilicet
1982 2445 2288 2525 Apostolus
2336 2446 2410 2506 de

263 2539 582 2621 Scripturis
613 2537 758 2599 ibid.
789 2538 1101 2620 loquatur3
1137 2542 1359 2599 etenim
1388 2562 1455 2599 eo
1480 2540 1595 2599 'loci
1637 2539 1868 2599 disserit
1895 2539 1968 2599 de
1997 2540 2112 2599 fide
2150 2541 2214 2598 in
2238 2541 2411 2600 Chri-

269 2647 452 2710 stum,
483 2658 663 2716 quam
687 2637 748 2696 E
752 2639 1016 2717 vanqelii
1034 2659 1135 2696 seu
1160 2636 1588 2719 praedicationis
1614 2637 1958 2716 evangelicae
1975 2637 2215 2696 nomine
2229 2639 2411 2719 signi-

263 2733 414 2791 ficat.
453 2734 574 2791 Nec
616 2731 777 2795 aliud
823 2732 918 2791 hic
958 2732 1067 2791 sibi
1109 2733 1238 2793 vult
1280 2732 1621 2813 Apostolus,
1669 2753 1847 2813 quam
1887 2752 2119 2791 causam
2158 2733 2406 2809 afferre,

264 2849 446 2910 quare
481 2827 708 2905 Judaei‚
752 2830 1127 2911 praeposteris
1172 2827 1403 2909 abrepti
1449 2827 1714 2906 judiciis,
1769 2849 1892 2886 non
1942 2827 2301 2888 crediderint
2342 2831 2404 2889 in

265 2924 602 2999 Christum,
648 2926 918 3007 quamvis
953 2936 1013 2984 et
1051 2925 1294 3007 antiqua
1334 2924 1604 2985 vaticinia
1644 2925 1706 2981 in
1737 2923 1863 3004 ipso
1898 2923 2138 3006 impleta
2171 2936 2402 3000 essent,

264 3042 330 3079 ac
373 3032 462 3080 tot
507 3022 567 3080 in
610 3020 826 3083 divinae
855 3021 1035 3104 ipsius
1080 3021 1369 3080 missionis
1403 3020 1913 3080 confirmationem
1946 3020 2224 3080 miracula
2263 3022 2406 3081 fuis·

264 3129 397 3176 sent
438 3129 668 3200 patrata
706 3118 820 3199 (2).

334 3382 406 3445 (l)
443 3380 545 3429 Cfr.
582 3380 702 3429 Pon.
735 3381 827 3429 loc.
863 3383 940 3428 cit.
979 3396 1085 3445 pag.
1121 3376 1221 3426 206
1253 3389 1299 3427 et
1381 3381 1525 3425 sentit
1557 3368 1816 3442 Apostolus
1837 3413 1853 3437 ,
1890 3377 2195 3441 Scripturam
2218 3394 2406 3425 sacram

265 3482 399 3530 seqq.
422 3471 469 3511 et
486 3461 759 3528 KnappiuS‚
794 3464 971 3528 pariter
991 3462 1084 3510 loc.
1108 3462 1189 3509 cit.
1215 3463 1298 3527 qui
1381 3459 1493 3509 solis
1521 3458 1803 3523 infidelibus
1828 3475 1886 3507 ac
1912 3460 2126 3524 reprobis
2155 3460 2407 3508 obscuram

264 3548 369 3597 fuse
397 3547 456 3596 de
484 3546 575 3594 hoc
598 3546 849 3594 disserunt.
1382 3559 1508 3599 esse,
1537 3540 1766 3606 fidelibus
1797 3550 1960 3590 autem
1983 3550 2026 3589 et
2047 3541 2208 3590 electis
2239 3543 2404 3588 mani·

332 3631 404 3693 (2)
436 3628 536 3677 Csr.
562 3627 715 3676 Estius
732 3665 744 3686 ‚
774 3626 963 3676 Comm.
987 3628 1037 3675 in
1055 3626 1184 3674 hunc
1205 3625 1296 3674 loc.
1375 3626 1552 3691 sestam
1570 3662 1584 3679 ,
1617 3623 1671 3672 id
1705 3632 1799 3680 est,
1839 3623 1904 3672 ad
1935 3624 2300 3690 intelliqendum
2317 3624 2401 3687 fa-

266 3713 348 3760 ubi
382 3713 438 3761 ad
467 3728 562 3760 rem
596 3721 804 3759 nostram
834 3709 993 3758 scribit
1029 3708 1168 3757 :Nec
1189 3724 1298 3756 vero
1381 3707 1518 3757 cilem
1557 3725 1614 3757 ac
1642 3709 1904 3774 perviam3
1945 3707 2071 3772 quod
2103 3723 2161 3756 ex
2197 3706 2282 3755 hoe
2309 3704 2404 3753 loco
