2502 4134
380 181 545 218 rAn'r.
595 181 658 217 11.
705 178 830 217 cst.
876 179 939 216 11.
985 179 1051 214 ΒΕ
1096 177 1274 217 mvm.
1322 174 1452 214 CAN.
1503 176 1646 213 una.
1695 175 1902 212 msrm.
2119 153 2195 215 97

83 326 336 383 buerunt
364 324 604 382 omnino
629 369 643 396 ,
675 344 796 380 non
817 343 981 382 secus
1010 343 1075 380 ac
1098 320 1316 402 reliqua
1345 317 1615 398 dogmata
1633 365 1648 392 ,
1680 339 1808 401 quae
1845 318 1919 379 ab
1950 318 2197 380 Ecclesia

86 419 222 502 ipsis
262 417 550 477 credenda
582 417 875 499 proposita
919 427 1075 474 sunt.
1119 414 1366 475 Ecclesia
1406 415 1565 472 enim
1591 459 1605 487 ,
1648 426 1714 472 ut
1749 415 1918 474 toties
1945 413 2198 473 diximus

89 534 305 594 suoque
329 511 689 572 ostendimus
717 512 842 571 loco
870 512 987 621 ⁸(l),
1005 509 1357 594 praescripsit
1372 529 1472 568 seu
1498 509 1754 568 anterior
1776 522 1863 589 est
1890 509 2054 569 libris
2077 533 2201 570 om-

88 608 259 667 nibus
296 610 446 668 Novi
476 610 634 668 Test.
678 630 821 690 quos
866 609 992 689 ipsa
1038 606 1344 689 probavit,
1391 625 1457 663 ac
1486 604 1569 662 uti
1607 604 1826 686 Spiritu
1874 607 1930 664 S.
1969 605 2203 667 afflante

89 704 440 786 conscriptos
470 702 739 762 fidelibus
767 702 1032 762 tradidit.

175 797 312 857 150.
363 797 447 857 Ad
474 800 585 872 2¹¹¹,
615 797 766 878 Νε9.
799 799 1114 880 paritatem
1139 801 1307 876 juxta
1349 793 1524 854 modo
1560 793 1734 854 dicta
1780 794 2099 854 Existentia
2133 797 2206 855 si-

90 895 329 976 quidem
355 895 459 954 Dei
479 904 566 953 est
596 894 658 952 in
684 895 947 972 subjecta
967 895 1227 952 materia
1247 891 1434 973 prima
1464 889 1707 964 'veritaS‚
1734 909 1860 971 quae
1883 891 2207 949 necessario

90 991 341 1071 supponi
386 988 595 1062 debet3
631 987 888 1069 alioquin
921 986 1080 1047 enim
1101 1030 1119 1059 ,
1155 984 1255 1044 illa
1291 984 1560 1044 nondum
1602 933 1917 1043 coristituta
1939 1029 1953 1058 ,
1997 983 2209 1043 absur-

93 1084 232 1142 dum
265 1095 414 1144 esset
441 1083 514 1142 de
552 1082 750 1142 divina
787 1080 1145 1140 revelatione
1179 1077 1500 1158 quidquam
1535 1078 1815 1159 proferre.
1853 1080 1999 1137 Cum
2036 1079 2209 1158 igitur

94 1202 165 1241 ex
202 1180 319 1239 sola
356 1176 746 1250 revelatione
792 1175 936 1256 quin
977 1175 1246 1234 circulus
1280 1175 1527 1231 vitiosus
1561 1171 1942 1247 admittatur
1983 1174 2213 1234 ostendi

91 1284 340 1355 nequeat
387 1271 644 1353 supremi
686 1270 957 1329 Numinis
1005 1269 1352 1342 existentia
1399 1289 1469 1355 ex
1515 1269 1871 1347 argumentis
1906 1290 1939 1326 a
1982 1268 2209 1329 ratione

90 1369 285 1450 petitis
312 1367 700 1426 demonstrari
724 1377 783 1425 et
803 1376 996 1447 potest
1022 1376 1082 1425 et
1106 1362 1314 1437 debet·
1345 1384 1458 1444 qua
1482 1362 1556 1422 de
1584 1384 1752 1421 causa
1778 1362 2211 1444 praeambulum

89 1463 222 1523 fidei
249 1474 403 1523 recte
431 1461 530 1521 illa
564 1473 821 1522 vocatur.
856 1460 1027 1534 Quod
1067 1480 1208 1519 vero
1236 1469 1460 1541 spectat
1495 1459 1569 1516 ad
1599 1458 1942 1530 Ecclesiam
1973 1471 2040 1517 ut
2073 1459 2211 1519 alias

90 1561 306 1642 pariter
334 1557 723 1617 innuebamus
744 1602 760 1632 ,
791 1555 865 1615 ab
888 1557 1022 1638 ipso
1050 1566 1183 1614 ortu
1219 1576 1323 1612 suo
1350 1575 1546 1613 secum
1576 1553 1673 1612 illa
1698 1576 1828 1612 suas
1854 1525 2050 1613 attulit
2080 1577 2212 1637 pro-

90 1654 352 1714 bationes
394 1676 500 1735 per
543 1676 607 1714 ea
642 1652 920 1724 credendi
958 1653 1215 1725 motiva,
1262 1672 1390 1731 quae
1426 1649 1865 1708 identificantur
1901 1671 2034 1709 cum
2070 1651 2211 1732 ipsis

93 1750 305 1810 divinae
348 1749 720 1810 revelationis
757 1745 1234 1828 probationibuS,
1273 1744 1600 1826 quibusque
1632 1744 1894 1803 divinam
1934 1745 2217 1824 originem

92 1867 256 1904 suam
298 1844 755 1928 luculentissime
807 1842 1143 1902 declaravit.
1194 1841 1442 1922 Accepta
1480 1840 1640 1898 enim
1676 1861 1708 1897 a
1751 1839 1982 1898 Christo
2014 1839 2213 1901 divina

23 1983 29 1990 .
91 1941 393 2014 missione,
430 1938 716 2022 Apostoli,
753 1939 852 2020 qui
878 1938 1135 2020 primum
1159 1937 1601 1995 constituerunt
1639 1933 1985 2008 Ecclesiam,
2025 1935 2208 1994 mira-

94 2034 233 2104 culis
284 2036 648 2126 potissimum
692 2045 753 2093 et
791 2034 1075 2096 vaticiniis
1122 2053 1183 2091 se
1222 2031 1501 2093 divinitus
1555 2030 1757 2088 missos
1788 2029 2001 2089 Judaeis
2036 2041 2214 2111 atque

97 2130 337 2188 ethnicis
351 2129 754 2203 ostenderunt,
776 2130 1191 2209 neminemque
1210 2127 1272 2184 in
1287 2125 1490 2185 album
1506 2125 1970 2184 Cluistianorum
1985 2137 2214 2207 coopta—

100 2234 313 2282 verunt
334 2225 523 2305 q,uin
548 2223 725 2282 simul
760 2223 1016 2283 Ecclesiae
1041 2222 1225 2282 filium
1255 2221 1575 2280 efficerent.
1606 2222 1785 2279 Porro
1816 2231 2036 2279 ceteros
2058 2220 2213 2280 inter

98 2318 367 2377 articulos
389 2363 405 2393 ,
442 2340 586 2399 quos
625 2318 1054 2377 catechumenis
1085 2315 1406 2375 credendos
1449 2315 1890 2396 proponebant,
1921 2313 2064 2373 fides
2089 2325 2216 2373 erat

97 2415 159 2470 in
208 2413 516 2472 Ecclesiam
548 2458 564 2488 ,
611 2424 677 2471 ut
712 2411 895 2493 liquet
938 2411 1115 2470 etiam
1161 2432 1232 2470 ex
1282 2408 1557 2489 Symbolo
1601 2408 1914 2489 apostolico
1957 2430 1970 2467 ε
2030 2410 2215 2468 Credo

96 2519 367 2567 sanctam
413 2510 762 2569 Ecclesiam.
800 2508 926 2580 Quo
961 2504 1198 2587 quidem
1243 2506 1307 2563 in
1347 2503 1588 2562 articulo
1624 2502 1908 2584 implicite
1945 2503 2216 2563 contine—

95 2602 312 2662 bantur
343 2602 440 2676 illa
479 2603 673 2661 omnia
696 2647 712 2676 ,
750 2622 879 2683 quae
916 2599 1161 2659 Ecclesia
1184 2599 1523 2658 auctoritate
1551 2618 1652 2656 sua
1681 2596 1969 2656 credenda
2003 2619 2215 2680 propo-

95 2698 303 2758 suisset
337 2710 620 2780 tanquam
657 2697 938 2756 divinitus
969 2694 1246 2754 revelata.
1290 2694 1396 2752 Hic
1426 2705 1516 2753 est
1543 2692 1864 2772 analyticus
1899 2703 2073 2774 atque
2094 2738 2111 2767 ,
2150 2703 2215 2752 ut

97 2794 178 2852 ita
207 2794 395 2853 dicam
414 2839 431 2868 ,
455 2798 759 2874 yenetz'cus
792 2812 1091 2874 processus
1118 2789 1330 2869 regulae
1353 2789 1633 2870 proximae
1660 2786 2086 2847 credendorum
2105 2832 2121 2857 ‚
2150 2798 2216 2846 ut

98 2910 310 2971 nempe
346 2890 504 2972 prius
546 2890 708 2970 quasi
745 2885 1174 2970 praeambulum
1213 2885 1565 2951 admittatur
1606 2878 1914 2944 existentia
1957 2883 2213 2942 Ecclesiae

101 2982 378 3044 divinitus
417 2985 694 3043 institutoe
728 3005 833 3066 per
874 2981 1079 3041 eadem
1114 2982 1239 3063 ipsa
1267 2981 1486 3039 motiva
1524 2977 1958 3051 credibilitatis‚
1999 2976 2213 3059 quibus

99 3079 404 3139 existentia
441 3078 726 3138 adseritur
756 3078 968 3140 divinae
1006 3075 1417 3148 revelationis3
1459 3073 1671 3133 deinde
1693 3119 1708 3148 ,
1757 3073 1865 3132 hac
1903 3073 2209 3134 evidenter

102 3174 324 3252 cognita
358 3195 422 3233 ac
450 3185 744 3256 comperta
768 3219 783 3246 ,
816 3171 1086 3232 credatur
1114 3183 1180 3229 ut
1205 3170 1337 3230 fidei
1365 3169 1638 3229 articulus
1664 3169 1869 3229 eadem
1898 3168 2146 3228 Ecclesia
2175 3191 2209 3228 a

107 3267 224 3324 Deo
253 3269 376 3349 ipso
403 3269 642 3328 fundata
673 3289 806 3327 cum
831 3266 1103 3326 omnibus
1132 3266 1522 3347 praerogativis
1543 3309 1558 3337 ,
1588 3263 1798 3346 quibus
1829 3286 1889 3323 se
1920 3286 1951 3322 a
1983 3263 2211 3323 Christo
2270 3312 2273 3315 .

103 3369 324 3421 auctam
348 3363 467 3424 haec
492 3363 698 3423 eadem
736 3363 981 3423 Ecclesia
1019 3362 1359 3444 profitetur3
1393 3361 1634 3422 demum
1666 3380 1737 3420 ex
1770 3357 2059 3418 infallibili
2087 3364 2211 3436 ejus

170 3574 235 3639 (l)
272 3575 393 3625 Tum
429 3581 480 3626 in
517 3590 644 3630 tract.
685 3579 754 3630 De
794 3596 906 3628 vera
940 3578 1109 3643 Reliq.
1194 3586 1796 3643 tractatuspart.i‚seet.1,
1821 3592 1986 3641 capa,
2007 3591 2139 3639 prop.
2158 3590 2213 3639 n,

106 3668 219 3722 part.
261 3675 296 3705 11
317 3696 331 3718 ‚
371 3676 500 3726 prop.
530 3679 546 3710 1
578 3674 623 3712 et
652 3681 686 3712 u
710 3700 723 3724 ,
760 3673 861 3712 tum
890 3665 940 3711 in
970 3660 1112 3728 hujus
1196 3671 1310 3711 tom.
1338 3677 1439 3721 vm,
1475 3677 1524 3725 p.
1557 3657 1637 3708 15.

264 3739 331 3797 T.
379 3741 476 3800 IX.
1944 3738 1981 3798 7
