<?xml version="1.0" encoding="UTF-8"?>
<!DOCTYPE html PUBLIC "-//W3C//DTD XHTML 1.0 Transitional//EN"
    "http://www.w3.org/TR/xhtml1/DTD/xhtml1-transitional.dtd">
<html xmlns="http://www.w3.org/1999/xhtml" xml:lang="en" lang="en">
 <head>
  <title>
</title>
<meta http-equiv="Content-Type" content="text/html;charset=utf-8" />
  <meta name='ocr-system' content='tesseract 3.04.00' />
  <meta name='ocr-capabilities' content='ocr_page ocr_carea ocr_par ocr_line ocrx_word'/>
</head>
<body>
  <div class='ocr_page' id='page_1' title='image "a603693809perruoft_0474.png"; bbox 0 0 2502 4134; ppageno 0'>
   <div class='ocr_carea' id='block_1_1' title="bbox 296 53 411 114">
    <p class='ocr_par' dir='ltr' id='par_1_1' title="bbox 296 53 411 114">
     <span class='ocr_line' id='line_1_1' title="bbox 296 53 411 114; baseline -0.035 0"><span class='ocrx_word' id='word_1_1' title='bbox 296 53 411 114; x_wconf 79' lang='lat'><strong>466</strong></span> 
     </span>
    </p>
   </div>
   <div class='ocr_carea' id='block_1_2' title="bbox 887 71 1820 113">
    <p class='ocr_par' dir='ltr' id='par_1_2' title="bbox 887 71 1820 113">
     <span class='ocr_line' id='line_1_2' title="bbox 887 71 1820 113; baseline 0.003 -5"><span class='ocrx_word' id='word_1_2' title='bbox 887 71 1083 108; x_wconf 72' lang='lat' dir='ltr'><strong>TRAc&#39;r.</strong></span> <span class='ocrx_word' id='word_1_3' title='bbox 1134 72 1203 107; x_wconf 74' lang='lat' dir='ltr'><strong>DE</strong></span> <span class='ocrx_word' id='word_1_4' title='bbox 1248 72 1396 110; x_wconf 76' lang='lat' dir='ltr'>LOCIS</span> <span class='ocrx_word' id='word_1_5' title='bbox 1441 73 1820 113; x_wconf 70' lang='lat' dir='ltr'><strong>&#39;rffltotoc-icts.</strong></span> 
     </span>
    </p>
   </div>
   <div class='ocr_carea' id='block_1_3' title="bbox 220 213 2442 1640">
    <p class='ocr_par' dir='ltr' id='par_1_3' title="bbox 220 213 2440 579">
     <span class='ocr_line' id='line_1_3' title="bbox 294 213 2437 295; baseline 0.002 -21"><span class='ocrx_word' id='word_1_6' title='bbox 294 219 661 295; x_wconf 79' lang='lat' dir='ltr'><strong>imperatam</strong></span> <span class='ocrx_word' id='word_1_7' title='bbox 691 233 724 270; x_wconf 79' lang='lat' dir='ltr'><strong>a</strong></span> <span class='ocrx_word' id='word_1_8' title='bbox 753 213 979 271; x_wconf 89' lang='lat' dir='ltr'><strong>ratione</strong></span> <span class='ocrx_word' id='word_1_9' title='bbox 1014 215 1296 295; x_wconf 19' lang='lat' dir='ltr'><strong>,practica</strong></span> <span class='ocrx_word' id='word_1_10' title='bbox 1317 257 1332 284; x_wconf 90' lang='grc'><strong>.,</strong></span> <span class='ocrx_word' id='word_1_11' title='bbox 1376 214 1526 271; x_wconf 90' lang='lat' dir='ltr'><strong>sicut</strong></span> <span class='ocrx_word' id='word_1_12' title='bbox 1563 214 1816 294; x_wconf 85' lang='lat' dir='ltr'><strong>quodvis</strong></span> <span class='ocrx_word' id='word_1_13' title='bbox 1848 216 2007 276; x_wconf 90' lang='lat' dir='ltr'><strong>aliud</strong></span> <span class='ocrx_word' id='word_1_14' title='bbox 2049 218 2268 278; x_wconf 88' lang='lat' dir='ltr'><strong>morale</strong></span> <span class='ocrx_word' id='word_1_15' title='bbox 2303 219 2437 278; x_wconf 87' lang='lat' dir='ltr'><strong>offi-</strong></span> 
     </span>
     <span class='ocr_line' id='line_1_4' title="bbox 296 307 2437 397; baseline 0.001 -26"><span class='ocrx_word' id='word_1_16' title='bbox 296 313 451 372; x_wconf 88' lang='lat' dir='ltr'><strong>cium</strong></span> <span class='ocrx_word' id='word_1_17' title='bbox 477 356 492 380; x_wconf 76' lang='lat'>‚</span> <span class='ocrx_word' id='word_1_18' title='bbox 526 307 838 390; x_wconf 89' lang='lat' dir='ltr'><strong>repudiare</strong></span> <span class='ocrx_word' id='word_1_19' title='bbox 855 328 978 380; x_wconf 84' lang='lat' dir='ltr'><strong>,·eo</strong></span> <span class='ocrx_word' id='word_1_20' title='bbox 1006 308 1130 389; x_wconf 88' lang='lat' dir='ltr'><strong>ipso</strong></span> <span class='ocrx_word' id='word_1_21' title='bbox 1159 307 1317 389; x_wconf 83' lang='lat' dir='ltr'><strong>&#39;quod</strong></span> <span class='ocrx_word' id='word_1_22' title='bbox 1342 330 1488 390; x_wconf 90' lang='lat' dir='ltr'><strong>opus</strong></span> <span class='ocrx_word' id='word_1_23' title='bbox 1521 307 1808 368; x_wconf 80' lang='lat' dir='ltr'><strong>libertatis</strong></span> <span class='ocrx_word' id='word_1_24' title='bbox 1834 322 1954 384; x_wconf 76' lang='lat' dir='ltr'><strong>est3</strong></span> <span class='ocrx_word' id='word_1_25' title='bbox 1986 313 2089 372; x_wconf 88' lang='lat' dir='ltr'><strong>sed</strong></span> <span class='ocrx_word' id='word_1_26' title='bbox 2112 315 2437 397; x_wconf 89' lang='lat' dir='ltr'><strong>repudiatio</strong></span> 
     </span>
     <span class='ocr_line' id='line_1_5' title="bbox 220 401 2440 486; baseline 0.003 -21"><span class='ocrx_word' id='word_1_27' title='bbox 220 401 222 403; x_wconf 49' lang='grc'>’</span> <span class='ocrx_word' id='word_1_28' title='bbox 295 404 582 485; x_wconf 89' lang='lat' dir='ltr'><strong>ejusmodi</strong></span> <span class='ocrx_word' id='word_1_29' title='bbox 614 416 701 464; x_wconf 91' lang='lat' dir='ltr'><strong>est</strong></span> <span class='ocrx_word' id='word_1_30' title='bbox 741 402 975 463; x_wconf 89' lang='lat' dir='ltr'><strong>violatio</strong></span> <span class='ocrx_word' id='word_1_31' title='bbox 1020 405 1227 482; x_wconf 82' lang='lat' dir='ltr'><strong>officii,</strong></span> <span class='ocrx_word' id='word_1_32' title='bbox 1273 425 1339 462; x_wconf 89' lang='lat' dir='ltr'><strong>ac</strong></span> <span class='ocrx_word' id='word_1_33' title='bbox 1373 403 1624 486; x_wconf 84' lang='lat' dir='ltr'>proinde</span> <span class='ocrx_word' id='word_1_34' title='bbox 1668 404 2068 486; x_wconf 87' lang='lat' dir='ltr'><strong>inseparabilis</strong></span> <span class='ocrx_word' id='word_1_35' title='bbox 2109 409 2184 469; x_wconf 89' lang='lat' dir='ltr'><strong>ab</strong></span> <span class='ocrx_word' id='word_1_36' title='bbox 2222 409 2322 470; x_wconf 90' lang='lat' dir='ltr'><strong>illo</strong></span> <span class='ocrx_word' id='word_1_37' title='bbox 2350 422 2440 470; x_wconf 89' lang='lat' dir='ltr'><strong>est</strong></span> 
     </span>
     <span class='ocr_line' id='line_1_6' title="bbox 295 499 1484 579; baseline -0.003 -19"><span class='ocrx_word' id='word_1_38' title='bbox 295 503 517 561; x_wconf 85' lang='lat' dir='ltr'><strong>sanctio</strong></span> <span class='ocrx_word' id='word_1_39' title='bbox 546 501 986 579; x_wconf 73' lang='lat' dir='ltr'><em>reprobationis</em></span> <span class='ocrx_word' id='word_1_40' title='bbox 1022 503 1124 559; x_wconf 78' lang='lat' dir='ltr'><strong>sui</strong></span> <span class='ocrx_word' id='word_1_41' title='bbox 1147 503 1348 578; x_wconf 79' lang='lat' dir='ltr'><strong>ipsius</strong></span> <span class='ocrx_word' id='word_1_42' title='bbox 1370 499 1484 578; x_wconf 90' lang='lat' dir='ltr'><strong>(l).</strong></span> 
     </span>
    </p>

    <p class='ocr_par' dir='ltr' id='par_1_4' title="bbox 285 594 2442 1640">
     <span class='ocr_line' id='line_1_7' title="bbox 384 594 2438 681; baseline 0.004 -27"><span class='ocrx_word' id='word_1_43' title='bbox 384 595 522 654; x_wconf 76' lang='lat'>184.</span> <span class='ocrx_word' id='word_1_44' title='bbox 573 597 638 654; x_wconf 84' lang='grc' dir='ltr'><strong>6Ο</strong></span> <span class='ocrx_word' id='word_1_45' title='bbox 682 598 974 670; x_wconf 89' lang='lat' dir='ltr'><strong>Demum,</strong></span> <span class='ocrx_word' id='word_1_46' title='bbox 1024 594 1323 654; x_wconf 82' lang='lat' dir='ltr'>concludit</span> <span class='ocrx_word' id='word_1_47' title='bbox 1359 594 1734 669; x_wconf 88' lang='lat' dir='ltr'><strong>Hermesius,</strong></span> <span class='ocrx_word' id='word_1_48' title='bbox 1777 596 1886 654; x_wconf 88' lang='lat' dir='ltr'><strong>ista</strong></span> <span class='ocrx_word' id='word_1_49' title='bbox 1931 599 2227 677; x_wconf 78' lang='lat' dir='ltr'><strong>persuasio</strong></span> <span class='ocrx_word' id='word_1_50' title='bbox 2243 623 2438 681; x_wconf 81' lang='lat' dir='ltr'><strong>prac-</strong></span> 
     </span>
     <span class='ocr_line' id='line_1_8' title="bbox 295 691 2437 774; baseline 0.004 -24"><span class='ocrx_word' id='word_1_51' title='bbox 295 695 420 752; x_wconf 87' lang='lat' dir='ltr'><strong>tica</strong></span> <span class='ocrx_word' id='word_1_52' title='bbox 465 691 891 753; x_wconf 87' lang='lat' dir='ltr'><strong>validissimum</strong></span> <span class='ocrx_word' id='word_1_53' title='bbox 930 691 1234 751; x_wconf 77' lang='lat' dir='ltr'><strong>criterium</strong></span> <span class='ocrx_word' id='word_1_54' title='bbox 1283 692 1678 758; x_wconf 73' lang='lat' dir='ltr'><strong>certitudinis</strong></span> <span class='ocrx_word' id='word_1_55' title='bbox 1718 703 1826 750; x_wconf 90' lang='lat' dir='ltr'><strong>est.</strong></span> <span class='ocrx_word' id='word_1_56' title='bbox 1875 692 2105 774; x_wconf 85' lang='lat' dir='ltr'>Quippe</span> <span class='ocrx_word' id='word_1_57' title='bbox 2143 694 2276 755; x_wconf 86' lang='lat' dir='ltr'><strong>talis</strong></span> <span class='ocrx_word' id='word_1_58' title='bbox 2313 710 2437 772; x_wconf 84' lang='lat' dir='ltr'><strong>est,</strong></span> 
     </span>
     <span class='ocr_line' id='line_1_9' title="bbox 297 785 2437 872; baseline 0.003 -25"><span class='ocrx_word' id='word_1_59' title='bbox 297 789 362 847; x_wconf 87' lang='lat'><strong>1⁰</strong></span> <span class='ocrx_word' id='word_1_60' title='bbox 400 788 443 847; x_wconf 85' lang='lat' dir='ltr'><strong>si</strong></span> <span class='ocrx_word' id='word_1_61' title='bbox 490 799 718 846; x_wconf 89' lang='lat' dir='ltr'><strong>tantum</strong></span> <span class='ocrx_word' id='word_1_62' title='bbox 757 798 1056 869; x_wconf 81' lang='lat' dir='ltr'><strong>spectetur</strong></span> <span class='ocrx_word' id='word_1_63' title='bbox 1090 785 1274 846; x_wconf 89' lang='lat' dir='ltr'><strong>veluti</strong></span> <span class='ocrx_word' id='word_1_64' title='bbox 1308 791 1602 845; x_wconf 74' lang='lat' dir='ltr'><strong>securitas</strong></span> <span class='ocrx_word' id='word_1_65' title='bbox 1630 792 1908 866; x_wconf 83' lang='lat' dir='ltr'><strong>practica</strong></span> <span class='ocrx_word' id='word_1_66' title='bbox 1926 812 1947 855; x_wconf 91' lang='lat'><strong>,·</strong></span> <span class='ocrx_word' id='word_1_67' title='bbox 1976 810 2115 847; x_wconf 88' lang='lat' dir='ltr'><strong>nam</strong></span> <span class='ocrx_word' id='word_1_68' title='bbox 2142 792 2437 872; x_wconf 85' lang='lat' dir='ltr'><strong>quomodo</strong></span> 
     </span>
     <span class='ocr_line' id='line_1_10' title="bbox 294 882 2442 969; baseline 0.001 -26"><span class='ocrx_word' id='word_1_69' title='bbox 294 884 478 964; x_wconf 79' lang='lat' dir='ltr'><strong>magis</strong></span> <span class='ocrx_word' id='word_1_70' title='bbox 519 882 783 942; x_wconf 88' lang='lat' dir='ltr'><strong>absolute</strong></span> <span class='ocrx_word' id='word_1_71' title='bbox 826 893 951 941; x_wconf 77' lang='lat' dir='ltr'><strong>tuto</strong></span> <span class='ocrx_word' id='word_1_72' title='bbox 989 904 1158 962; x_wconf 80' lang='lat' dir='ltr'><strong>agere</strong></span> <span class='ocrx_word' id='word_1_73' title='bbox 1195 904 1506 964; x_wconf 90' lang='lat' dir='ltr'><strong>possumus</strong></span> <span class='ocrx_word' id='word_1_74' title='bbox 1527 928 1542 957; x_wconf 94' lang='lat'><strong>,</strong></span> <span class='ocrx_word' id='word_1_75' title='bbox 1586 904 1764 965; x_wconf 89' lang='lat' dir='ltr'><strong>quam</strong></span> <span class='ocrx_word' id='word_1_76' title='bbox 1798 884 1861 942; x_wconf 90' lang='lat' dir='ltr'><strong>id</strong></span> <span class='ocrx_word' id='word_1_77' title='bbox 1890 884 2146 963; x_wconf 80' lang='lat' dir='ltr'><strong>agendO,</strong></span> <span class='ocrx_word' id='word_1_78' title='bbox 2175 885 2251 945; x_wconf 90' lang='lat' dir='ltr'><strong>ad</strong></span> <span class='ocrx_word' id='word_1_79' title='bbox 2277 891 2442 969; x_wconf 83' lang='lat' dir='ltr'><strong>quod,</strong></span> 
     </span>
     <span class='ocr_line' id='line_1_11' title="bbox 293 978 2437 1060; baseline 0.002 -21"><span class='ocrx_word' id='word_1_80' title='bbox 293 982 607 1040; x_wconf 80' lang='lat' dir='ltr'><strong>moraliter</strong></span> <span class='ocrx_word' id='word_1_81' title='bbox 631 990 906 1039; x_wconf 90' lang='lat' dir='ltr'><strong>tenemur</strong></span> <span class='ocrx_word' id='word_1_82' title='bbox 930 978 1019 1060; x_wconf 73' lang='lat'><strong>(2)</strong></span> <span class='ocrx_word' id='word_1_83' title='bbox 1035 980 1062 1036; x_wconf 76' lang='grc' dir='ltr'>Ρ</span> <span class='ocrx_word' id='word_1_84' title='bbox 1082 980 1152 1038; x_wconf 76' lang='lat'><strong>20</strong></span> <span class='ocrx_word' id='word_1_85' title='bbox 1184 979 1244 1038; x_wconf 91' lang='lat' dir='ltr'><strong>Si</strong></span> <span class='ocrx_word' id='word_1_86' title='bbox 1268 978 1559 1040; x_wconf 89' lang='lat' dir='ltr'><strong>referatur</strong></span> <span class='ocrx_word' id='word_1_87' title='bbox 1587 980 1767 1040; x_wconf 89' lang='lat' dir='ltr'><strong>etiam</strong></span> <span class='ocrx_word' id='word_1_88' title='bbox 1792 980 1868 1039; x_wconf 91' lang='lat' dir='ltr'><strong>ad</strong></span> <span class='ocrx_word' id='word_1_89' title='bbox 1895 983 2248 1060; x_wconf 78' lang='lat' dir='ltr'><strong>objectivam</strong></span> <span class='ocrx_word' id='word_1_90' title='bbox 2280 985 2437 1044; x_wconf 84' lang='lat' dir='ltr'><strong>veri-</strong></span> 
     </span>
     <span class='ocr_line' id='line_1_12' title="bbox 294 1074 2442 1161; baseline 0.002 -26"><span class='ocrx_word' id='word_1_91' title='bbox 294 1087 481 1137; x_wconf 84' lang='lat' dir='ltr'><strong>tatem</strong></span> <span class='ocrx_word' id='word_1_92' title='bbox 529 1097 758 1149; x_wconf 76' lang='lat' dir='ltr'><strong>rerum3</strong></span> <span class='ocrx_word' id='word_1_93' title='bbox 806 1097 949 1134; x_wconf 88' lang='lat' dir='ltr'><strong>nam</strong></span> <span class='ocrx_word' id='word_1_94' title='bbox 991 1076 1038 1134; x_wconf 92' lang='lat' dir='ltr'><strong>si</strong></span> <span class='ocrx_word' id='word_1_95' title='bbox 1075 1076 1139 1134; x_wconf 90' lang='lat' dir='ltr'><strong>in</strong></span> <span class='ocrx_word' id='word_1_96' title='bbox 1172 1074 1493 1135; x_wconf 83' lang='lat' dir='ltr'><strong>reflexione</strong></span> <span class='ocrx_word' id='word_1_97' title='bbox 1533 1074 1712 1135; x_wconf 88' lang='lat' dir='ltr'><strong>velim</strong></span> <span class='ocrx_word' id='word_1_98' title='bbox 1758 1076 2039 1156; x_wconf 84' lang='lat' dir='ltr'><strong>cogitare,</strong></span> <span class='ocrx_word' id='word_1_99' title='bbox 2093 1078 2251 1161; x_wconf 87' lang='lat' dir='ltr'><strong>quod</strong></span> <span class='ocrx_word' id='word_1_100' title='bbox 2293 1080 2442 1139; x_wconf 85' lang='lat' dir='ltr'><strong>ratio</strong></span> 
     </span>
     <span class='ocr_line' id='line_1_13' title="bbox 285 1171 2437 1254; baseline 0.001 -21"><span class='ocrx_word' id='word_1_101' title='bbox 285 1177 572 1253; x_wconf 79' lang='lat' dir='ltr'><strong>practica</strong></span> <span class='ocrx_word' id='word_1_102' title='bbox 588 1193 683 1232; x_wconf 90' lang='lat' dir='ltr'><strong>me</strong></span> <span class='ocrx_word' id='word_1_103' title='bbox 701 1171 985 1254; x_wconf 89' lang='lat' dir='ltr'><strong>decipiat,</strong></span> <span class='ocrx_word' id='word_1_104' title='bbox 1012 1182 1071 1232; x_wconf 91' lang='lat' dir='ltr'><strong>et</strong></span> <span class='ocrx_word' id='word_1_105' title='bbox 1087 1171 1246 1254; x_wconf 91' lang='lat' dir='ltr'><strong>quod</strong></span> <span class='ocrx_word' id='word_1_106' title='bbox 1269 1193 1301 1232; x_wconf 95' lang='lat' dir='ltr'><strong>e</strong></span> <span class='ocrx_word' id='word_1_107' title='bbox 1321 1183 1525 1231; x_wconf 89' lang='lat' dir='ltr'><strong>contra</strong></span> <span class='ocrx_word' id='word_1_108' title='bbox 1550 1173 1815 1233; x_wconf 80' lang='lat' dir='ltr'><strong>dubium</strong></span> <span class='ocrx_word' id='word_1_109' title='bbox 1843 1171 1992 1232; x_wconf 89' lang='lat' dir='ltr'><strong>illud</strong></span> <span class='ocrx_word' id='word_1_110' title='bbox 2007 1175 2401 1235; x_wconf 55' lang='lat' dir='ltr'><strong>‘theoreticam</strong></span> <span class='ocrx_word' id='word_1_111' title='bbox 2416 1220 2437 1249; x_wconf 90' lang='lat'><strong>,</strong></span> 
     </span>
     <span class='ocr_line' id='line_1_14' title="bbox 298 1263 2441 1353; baseline 0.001 -24"><span class='ocrx_word' id='word_1_112' title='bbox 298 1269 456 1353; x_wconf 90' lang='lat' dir='ltr'><strong>quod</strong></span> <span class='ocrx_word' id='word_1_113' title='bbox 494 1291 566 1330; x_wconf 82' lang='lat' dir='ltr'><strong>ex</strong></span> <span class='ocrx_word' id='word_1_114' title='bbox 590 1273 714 1348; x_wconf 90' lang='lat' dir='ltr'><strong>ejus</strong></span> <span class='ocrx_word' id='word_1_115' title='bbox 742 1268 991 1351; x_wconf 89' lang='lat' dir='ltr'><strong>imperio</strong></span> <span class='ocrx_word' id='word_1_116' title='bbox 1012 1272 1278 1347; x_wconf 80' lang='lat' dir='ltr'><strong>practice</strong></span> <span class='ocrx_word' id='word_1_117' title='bbox 1302 1263 1684 1329; x_wconf 80' lang='lat' dir='ltr'><strong>contemnere</strong></span> <span class='ocrx_word' id='word_1_118' title='bbox 1723 1268 1941 1344; x_wconf 89' lang='lat' dir='ltr'><strong>debe0,</strong></span> <span class='ocrx_word' id='word_1_119' title='bbox 1976 1292 2175 1331; x_wconf 87' lang='lat' dir='ltr'><strong>rerum</strong></span> <span class='ocrx_word' id='word_1_120' title='bbox 2210 1273 2441 1332; x_wconf 88' lang='lat' dir='ltr'><strong>veritati</strong></span> 
     </span>
     <span class='ocr_line' id='line_1_15' title="bbox 297 1364 2438 1450; baseline 0 -24"><span class='ocrx_word' id='word_1_121' title='bbox 297 1365 686 1450; x_wconf 75' lang='lat' dir='ltr'><strong>respondeat,</strong></span> <span class='ocrx_word' id='word_1_122' title='bbox 719 1370 847 1444; x_wconf 88' lang='lat' dir='ltr'><strong>jam</strong></span> <span class='ocrx_word' id='word_1_123' title='bbox 885 1364 1166 1424; x_wconf 86' lang='lat' dir='ltr'><strong>deberem</strong></span> <span class='ocrx_word' id='word_1_124' title='bbox 1206 1364 1519 1424; x_wconf 86' lang='lat' dir='ltr'><strong>admittere</strong></span> <span class='ocrx_word' id='word_1_125' title='bbox 1550 1364 1725 1423; x_wconf 90' lang='lat' dir='ltr'><strong>simul</strong></span> <span class='ocrx_word' id='word_1_126' title='bbox 1754 1365 1929 1424; x_wconf 89' lang='lat' dir='ltr'><strong>istam</strong></span> <span class='ocrx_word' id='word_1_127' title='bbox 1958 1365 2438 1427; x_wconf 88' lang='lat' dir='ltr'><strong>sublimissimam</strong></span> 
     </span>
     <span class='ocr_line' id='line_1_16' title="bbox 294 1459 2430 1533; baseline -0 -10"><span class='ocrx_word' id='word_1_128' title='bbox 294 1463 635 1524; x_wconf 84' lang='lat' dir='ltr'><strong>facultatem</strong></span> <span class='ocrx_word' id='word_1_129' title='bbox 674 1463 880 1519; x_wconf 89' lang='lat' dir='ltr'><strong>finium</strong></span> <span class='ocrx_word' id='word_1_130' title='bbox 906 1460 1220 1519; x_wconf 89' lang='lat' dir='ltr'><strong>moralium</strong></span> <span class='ocrx_word' id='word_1_131' title='bbox 1239 1506 1255 1533; x_wconf 82' lang='lat'><strong>,</strong></span> <span class='ocrx_word' id='word_1_132' title='bbox 1289 1461 1470 1520; x_wconf 90' lang='lat' dir='ltr'><strong>etiam</strong></span> <span class='ocrx_word' id='word_1_133' title='bbox 1496 1459 1638 1518; x_wconf 89' lang='lat' dir='ltr'><strong>dum</strong></span> <span class='ocrx_word' id='word_1_134' title='bbox 1665 1466 1888 1519; x_wconf 84' lang='lat' dir='ltr'><strong>morati</strong></span> <span class='ocrx_word' id='word_1_135' title='bbox 1915 1463 2258 1522; x_wconf 86' lang='lat' dir='ltr'><strong>necessitate</strong></span> <span class='ocrx_word' id='word_1_136' title='bbox 2284 1463 2430 1522; x_wconf 89' lang='lat' dir='ltr'><strong>diri-</strong></span> 
     </span>
     <span class='ocr_line' id='line_1_17' title="bbox 296 1556 2440 1640; baseline -0.001 -21"><span class='ocrx_word' id='word_1_137' title='bbox 296 1561 377 1640; x_wconf 79' lang='lat' dir='ltr'><strong>git</strong></span> <span class='ocrx_word' id='word_1_138' title='bbox 396 1607 411 1635; x_wconf 86' lang='lat'><strong>,</strong></span> <span class='ocrx_word' id='word_1_139' title='bbox 439 1581 535 1619; x_wconf 90' lang='lat' dir='ltr'><strong>me</strong></span> <span class='ocrx_word' id='word_1_140' title='bbox 567 1569 769 1617; x_wconf 88' lang='lat' dir='ltr'><strong>contra</strong></span> <span class='ocrx_word' id='word_1_141' title='bbox 794 1558 1144 1635; x_wconf 81' lang='lat' dir='ltr'><strong>objectivam</strong></span> <span class='ocrx_word' id='word_1_142' title='bbox 1179 1578 1378 1616; x_wconf 87' lang='lat' dir='ltr'><strong>rerum</strong></span> <span class='ocrx_word' id='word_1_143' title='bbox 1409 1559 1720 1615; x_wconf 83' lang='lat' dir='ltr'><strong>veritatem</strong></span> <span class='ocrx_word' id='word_1_144' title='bbox 1745 1556 1961 1617; x_wconf 88' lang='lat' dir='ltr'><strong>ducere</strong></span> <span class='ocrx_word' id='word_1_145' title='bbox 1993 1557 2105 1638; x_wconf 85' lang='lat'><strong>(3).</strong></span> <span class='ocrx_word' id='word_1_146' title='bbox 2127 1559 2260 1618; x_wconf 87' lang='lat' dir='ltr'><strong>Hoc</strong></span> <span class='ocrx_word' id='word_1_147' title='bbox 2288 1570 2440 1618; x_wconf 85' lang='lat' dir='ltr'><strong>certe</strong></span> 
     </span>
    </p>
   </div>
   <div class='ocr_carea' id='block_1_4' title="bbox 280 1832 1326 3643">
    <p class='ocr_par' dir='ltr' id='par_1_5' title="bbox 280 1832 1326 2645">
     <span class='ocr_line' id='line_1_18' title="bbox 280 1832 1325 1900; baseline -0.005 -17"><span class='ocrx_word' id='word_1_148' title='bbox 280 1863 282 1865; x_wconf 95' lang='lat'>·</span> <span class='ocrx_word' id='word_1_149' title='bbox 364 1837 429 1900; x_wconf 87' lang='lat' dir='ltr'><strong>(l)</strong></span> <span class='ocrx_word' id='word_1_150' title='bbox 455 1835 522 1882; x_wconf 85' lang='lat' dir='ltr'><strong>Ex</strong></span> <span class='ocrx_word' id='word_1_151' title='bbox 545 1834 635 1883; x_wconf 87' lang='lat' dir='ltr'><strong>hoc</strong></span> <span class='ocrx_word' id='word_1_152' title='bbox 650 1843 940 1900; x_wconf 81' lang='lat' dir='ltr'><strong>sequeretur,</strong></span> <span class='ocrx_word' id='word_1_153' title='bbox 963 1832 1089 1898; x_wconf 87' lang='lat' dir='ltr'><strong>quod</strong></span> <span class='ocrx_word' id='word_1_154' title='bbox 1108 1833 1325 1897; x_wconf 86' lang='lat' dir='ltr'><strong>quicum-</strong></span> 
     </span>
     <span class='ocr_line' id='line_1_19' title="bbox 295 1915 1320 1986; baseline -0.007 -18"><span class='ocrx_word' id='word_1_155' title='bbox 295 1937 388 1986; x_wconf 87' lang='lat' dir='ltr'><strong>que</strong></span> <span class='ocrx_word' id='word_1_156' title='bbox 442 1918 707 1967; x_wconf 86' lang='lat' dir='ltr'><strong>certitudini</strong></span> <span class='ocrx_word' id='word_1_157' title='bbox 768 1917 927 1964; x_wconf 87' lang='lat' dir='ltr'><strong>morali</strong></span> <span class='ocrx_word' id='word_1_158' title='bbox 979 1915 1283 1979; x_wconf 80' lang='lat' dir='ltr'><strong>refragaretur</strong></span> <span class='ocrx_word' id='word_1_159' title='bbox 1307 1953 1320 1974; x_wconf 86' lang='lat'>‚</span> 
     </span>
     <span class='ocr_line' id='line_1_20' title="bbox 295 1999 1325 2066; baseline -0.004 -17"><span class='ocrx_word' id='word_1_160' title='bbox 295 2017 607 2066; x_wconf 78' lang='lat' dir='ltr'><strong>qaoecumque</strong></span> <span class='ocrx_word' id='word_1_161' title='bbox 631 1999 820 2048; x_wconf 90' lang='lat' dir='ltr'><strong>tandem</strong></span> <span class='ocrx_word' id='word_1_162' title='bbox 840 2002 900 2046; x_wconf 89' lang='lat' dir='ltr'><strong>sit</strong></span> <span class='ocrx_word' id='word_1_163' title='bbox 917 2015 991 2046; x_wconf 81' lang='lat' dir='ltr'><strong>res</strong></span> <span class='ocrx_word' id='word_1_164' title='bbox 1016 1999 1074 2046; x_wconf 91' lang='lat' dir='ltr'><strong>de</strong></span> <span class='ocrx_word' id='word_1_165' title='bbox 1101 2016 1193 2063; x_wconf 86' lang='lat' dir='ltr'><strong>qua</strong></span> <span class='ocrx_word' id='word_1_166' title='bbox 1219 2015 1325 2062; x_wconf 83' lang='lat' dir='ltr'><strong>aga-</strong></span> 
     </span>
     <span class='ocr_line' id='line_1_21' title="bbox 296 2084 1326 2146; baseline -0.005 -14"><span class='ocrx_word' id='word_1_167' title='bbox 296 2095 403 2142; x_wconf 92' lang='lat' dir='ltr'><strong>tur,</strong></span> <span class='ocrx_word' id='word_1_168' title='bbox 453 2093 500 2131; x_wconf 91' lang='lat' dir='ltr'><strong>et</strong></span> <span class='ocrx_word' id='word_1_169' title='bbox 538 2085 590 2130; x_wconf 91' lang='lat' dir='ltr'><strong>in</strong></span> <span class='ocrx_word' id='word_1_170' title='bbox 627 2097 922 2146; x_wconf 79' lang='lat' dir='ltr'><strong>quocumque</strong></span> <span class='ocrx_word' id='word_1_171' title='bbox 970 2098 1078 2129; x_wconf 88' lang='lat' dir='ltr'><strong>casu</strong></span> <span class='ocrx_word' id='word_1_172' title='bbox 1125 2084 1326 2145; x_wconf 80' lang='lat' dir='ltr'><strong>graviter</strong></span> 
     </span>
     <span class='ocr_line' id='line_1_22' title="bbox 288 2164 1323 2235; baseline -0.003 -21"><span class='ocrx_word' id='word_1_173' title='bbox 288 2173 521 2235; x_wconf 79' lang='lat' dir='ltr'><strong>peccaret.</strong></span> <span class='ocrx_word' id='word_1_174' title='bbox 539 2166 715 2214; x_wconf 85' lang='lat' dir='ltr'><strong>Verum</strong></span> <span class='ocrx_word' id='word_1_175' title='bbox 736 2176 894 2213; x_wconf 85' lang='lat' dir='ltr'><strong>tamen</strong></span> <span class='ocrx_word' id='word_1_176' title='bbox 925 2174 1018 2222; x_wconf 90' lang='lat' dir='ltr'><strong>est,</strong></span> <span class='ocrx_word' id='word_1_177' title='bbox 1051 2164 1323 2230; x_wconf 82' lang='lat' dir='ltr'><strong>quodjuxta</strong></span> 
     </span>
     <span class='ocr_line' id='line_1_23' title="bbox 296 2249 1321 2312; baseline -0.005 -15"><span class='ocrx_word' id='word_1_178' title='bbox 296 2250 591 2298; x_wconf 90' lang='lat' dir='ltr'><strong>Hermesium</strong></span> <span class='ocrx_word' id='word_1_179' title='bbox 640 2249 726 2296; x_wconf 89' lang='lat' dir='ltr'><strong>hoc</strong></span> <span class='ocrx_word' id='word_1_180' title='bbox 772 2266 866 2295; x_wconf 86' lang='lat' dir='ltr'><strong>non</strong></span> <span class='ocrx_word' id='word_1_181' title='bbox 912 2258 1028 2296; x_wconf 83' lang='lat' dir='ltr'><strong>esset</strong></span> <span class='ocrx_word' id='word_1_182' title='bbox 1067 2255 1321 2312; x_wconf 77' lang='lat' dir='ltr'><strong>peccatam</strong></span> 
     </span>
     <span class='ocr_line' id='line_1_24' title="bbox 295 2329 1323 2397; baseline -0.002 -18"><span class='ocrx_word' id='word_1_183' title='bbox 295 2333 385 2379; x_wconf 88' lang='lat' dir='ltr'><strong>nisi</strong></span> <span class='ocrx_word' id='word_1_184' title='bbox 404 2329 792 2397; x_wconf 75' lang='lat' dir='ltr'><strong>philosophicum</strong></span> <span class='ocrx_word' id='word_1_185' title='bbox 810 2365 827 2391; x_wconf 86' lang='lat'><strong>,</strong></span> <span class='ocrx_word' id='word_1_186' title='bbox 860 2347 1029 2395; x_wconf 86' lang='lat' dir='ltr'><strong>nempe</strong></span> <span class='ocrx_word' id='word_1_187' title='bbox 1054 2339 1215 2377; x_wconf 85' lang='lat' dir='ltr'><strong>contra</strong></span> <span class='ocrx_word' id='word_1_188' title='bbox 1240 2346 1323 2377; x_wconf 87' lang='lat' dir='ltr'><strong>ra-</strong></span> 
     </span>
     <span class='ocr_line' id='line_1_25' title="bbox 293 2413 1321 2479; baseline -0.001 -17"><span class='ocrx_word' id='word_1_189' title='bbox 293 2416 473 2463; x_wconf 80' lang='lat' dir='ltr'><strong>tionem</strong></span> <span class='ocrx_word' id='word_1_190' title='bbox 524 2424 835 2462; x_wconf 82' lang='lat' dir='ltr'><strong>autonomam</strong></span> <span class='ocrx_word' id='word_1_191' title='bbox 854 2451 868 2471; x_wconf 92' lang='lat'>‚</span> <span class='ocrx_word' id='word_1_192' title='bbox 925 2430 980 2461; x_wconf 89' lang='lat' dir='ltr'><strong>ac</strong></span> <span class='ocrx_word' id='word_1_193' title='bbox 1029 2413 1321 2479; x_wconf 84' lang='lat' dir='ltr'><strong>infligentem</strong></span> 
     </span>
     <span class='ocr_line' id='line_1_26' title="bbox 296 2487 1324 2565; baseline -0.004 -18"><span class='ocrx_word' id='word_1_194' title='bbox 296 2517 481 2565; x_wconf 89' lang='lat' dir='ltr'><strong>poenam</strong></span> <span class='ocrx_word' id='word_1_195' title='bbox 518 2498 875 2564; x_wconf 73' lang='lat' dir='ltr'><strong>reprobationis</strong></span> <span class='ocrx_word' id='word_1_196' title='bbox 911 2500 982 2546; x_wconf 89' lang='lat' dir='ltr'><strong>sui</strong></span> <span class='ocrx_word' id='word_1_197' title='bbox 1019 2487 1164 2563; x_wconf 87' lang='lat' dir='ltr'><strong>ipsius</strong></span> <span class='ocrx_word' id='word_1_198' title='bbox 1203 2495 1324 2561; x_wconf 82' lang='lat' dir='ltr'><strong>(der</strong></span> 
     </span>
     <span class='ocr_line' id='line_1_27' title="bbox 294 2580 815 2645; baseline 0 -16"><span class='ocrx_word' id='word_1_199' title='bbox 294 2580 750 2645; x_wconf 77' lang='lat' dir='ltr'><strong>Selbstverwerfunq</strong></span> <span class='ocrx_word' id='word_1_200' title='bbox 764 2581 778 2643; x_wconf 87' lang='lat'>)</span> <span class='ocrx_word' id='word_1_201' title='bbox 792 2582 815 2629; x_wconf 72' lang='grc' dir='ltr'><em>Ι</em></span> 
     </span>
    </p>

    <p class='ocr_par' dir='ltr' id='par_1_6' title="bbox 288 2659 1323 3643">
     <span class='ocr_line' id='line_1_28' title="bbox 366 2659 1319 2729; baseline -0.001 -18"><span class='ocrx_word' id='word_1_202' title='bbox 366 2664 431 2728; x_wconf 71' lang='lat'>(⁰2)</span> <span class='ocrx_word' id='word_1_203' title='bbox 469 2663 609 2713; x_wconf 82' lang='lat' dir='ltr'><strong>Aliud</strong></span> <span class='ocrx_word' id='word_1_204' title='bbox 642 2674 709 2713; x_wconf 83' lang='lat' dir='ltr'><strong>est</strong></span> <span class='ocrx_word' id='word_1_205' title='bbox 733 2659 951 2712; x_wconf 81' lang='lat' dir='ltr'><strong>securitas</strong></span> <span class='ocrx_word' id='word_1_206' title='bbox 969 2664 1192 2729; x_wconf 83' lang='lat' dir='ltr'><strong>practica</strong></span> <span class='ocrx_word' id='word_1_207' title='bbox 1217 2679 1319 2710; x_wconf 87' lang='lat' dir='ltr'><strong>mo-</strong></span> 
     </span>
     <span class='ocr_line' id='line_1_29' title="bbox 295 2745 1322 2811; baseline -0.001 -16"><span class='ocrx_word' id='word_1_208' title='bbox 295 2745 465 2795; x_wconf 84' lang='lat' dir='ltr'><strong>raliter</strong></span> <span class='ocrx_word' id='word_1_209' title='bbox 491 2746 609 2795; x_wconf 79' lang='lat' dir='ltr'><strong>bene</strong></span> <span class='ocrx_word' id='word_1_210' title='bbox 632 2746 826 2811; x_wconf 87' lang='lat' dir='ltr'><strong>agendi,</strong></span> <span class='ocrx_word' id='word_1_211' title='bbox 859 2746 988 2794; x_wconf 90' lang='lat' dir='ltr'><strong>aliud</strong></span> <span class='ocrx_word' id='word_1_212' title='bbox 1013 2745 1245 2793; x_wconf 78' lang='lat' dir='ltr'><strong>certitudo</strong></span> <span class='ocrx_word' id='word_1_213' title='bbox 1264 2745 1322 2794; x_wconf 89' lang='lat' dir='ltr'><strong>de</strong></span> 
     </span>
     <span class='ocr_line' id='line_1_30' title="bbox 296 2827 1323 2896; baseline -0.003 -16"><span class='ocrx_word' id='word_1_214' title='bbox 296 2833 485 2895; x_wconf 40' lang='lat' dir='ltr'><strong>ueritate</strong></span> <span class='ocrx_word' id='word_1_215' title='bbox 521 2840 566 2878; x_wconf 88' lang='lat' dir='ltr'><strong>et</strong></span> <span class='ocrx_word' id='word_1_216' title='bbox 598 2831 805 2879; x_wconf 83' lang='lat' dir='ltr'><strong>realitate</strong></span> <span class='ocrx_word' id='word_1_217' title='bbox 833 2829 1020 2896; x_wconf 79' lang='lat' dir='ltr'><strong>obJ&#39;ecti.</strong></span> <span class='ocrx_word' id='word_1_218' title='bbox 1062 2827 1147 2877; x_wconf 89' lang='lat' dir='ltr'><strong>llla</strong></span> <span class='ocrx_word' id='word_1_219' title='bbox 1186 2831 1323 2895; x_wconf 83' lang='lat' dir='ltr'><strong>exigit</strong></span> 
     </span>
     <span class='ocr_line' id='line_1_31' title="bbox 294 2910 1323 2979; baseline -0.001 -17"><span class='ocrx_word' id='word_1_220' title='bbox 294 2924 478 2962; x_wconf 84' lang='lat' dir='ltr'><strong>tantum</strong></span> <span class='ocrx_word' id='word_1_221' title='bbox 516 2915 894 2979; x_wconf 83' lang='lat' dir='ltr'><strong>persuasionem,</strong></span> <span class='ocrx_word' id='word_1_222' title='bbox 936 2911 1063 2979; x_wconf 91' lang='lat' dir='ltr'><strong>quod</strong></span> <span class='ocrx_word' id='word_1_223' title='bbox 1097 2914 1214 2960; x_wconf 86' lang='lat' dir='ltr'><strong>actio</strong></span> <span class='ocrx_word' id='word_1_224' title='bbox 1245 2910 1323 2961; x_wconf 82' lang='lat' dir='ltr'><strong>hic</strong></span> 
     </span>
     <span class='ocr_line' id='line_1_32' title="bbox 295 2995 1322 3062; baseline -0.001 -17"><span class='ocrx_word' id='word_1_225' title='bbox 295 3007 339 3045; x_wconf 87' lang='lat' dir='ltr'><strong>et</strong></span> <span class='ocrx_word' id='word_1_226' title='bbox 375 3013 505 3045; x_wconf 91' lang='lat' dir='ltr'><strong>nunc</strong></span> <span class='ocrx_word' id='word_1_227' title='bbox 542 2995 680 3044; x_wconf 86' lang='lat' dir='ltr'><strong>licita</strong></span> <span class='ocrx_word' id='word_1_228' title='bbox 715 2997 808 3060; x_wconf 82' lang='lat' dir='ltr'><strong>sit3</strong></span> <span class='ocrx_word' id='word_1_229' title='bbox 848 2998 934 3044; x_wconf 89' lang='lat' dir='ltr'><strong>ista</strong></span> <span class='ocrx_word' id='word_1_230' title='bbox 976 2998 1322 3062; x_wconf 84' lang='lat' dir='ltr'><strong>persuasionem</strong></span> 
     </span>
     <span class='ocr_line' id='line_1_33' title="bbox 294 3081 1320 3147; baseline -0.002 -18"><span class='ocrx_word' id='word_1_231' title='bbox 294 3082 476 3130; x_wconf 85' lang='lat' dir='ltr'><strong>firmam</strong></span> <span class='ocrx_word' id='word_1_232' title='bbox 511 3098 565 3130; x_wconf 87' lang='lat' dir='ltr'><strong>ae</strong></span> <span class='ocrx_word' id='word_1_233' title='bbox 596 3081 917 3129; x_wconf 84' lang='lat' dir='ltr'><strong>rationabilem</strong></span> <span class='ocrx_word' id='word_1_234' title='bbox 938 3119 950 3138; x_wconf 88' lang='lat'><strong>,</strong></span> <span class='ocrx_word' id='word_1_235' title='bbox 991 3081 1120 3147; x_wconf 91' lang='lat' dir='ltr'><strong>quod</strong></span> <span class='ocrx_word' id='word_1_236' title='bbox 1151 3098 1220 3129; x_wconf 88' lang='lat' dir='ltr'><strong>res</strong></span> <span class='ocrx_word' id='word_1_237' title='bbox 1251 3081 1320 3127; x_wconf 82' lang='lat' dir='ltr'><strong>ita</strong></span> 
     </span>
     <span class='ocr_line' id='line_1_34' title="bbox 288 3162 1321 3229; baseline 0.003 -21"><span class='ocrx_word' id='word_1_238' title='bbox 288 3172 337 3210; x_wconf 75' lang='lat' dir='ltr'><strong>ct</strong></span> <span class='ocrx_word' id='word_1_239' title='bbox 373 3179 474 3211; x_wconf 75' lang='lat' dir='ltr'><strong>non</strong></span> <span class='ocrx_word' id='word_1_240' title='bbox 504 3162 648 3211; x_wconf 87' lang='lat' dir='ltr'><strong>aliter</strong></span> <span class='ocrx_word' id='word_1_241' title='bbox 673 3167 746 3212; x_wconf 87' lang='lat' dir='ltr'><strong>sit.</strong></span> <span class='ocrx_word' id='word_1_242' title='bbox 784 3163 866 3211; x_wconf 86' lang='lat' dir='ltr'><strong>llla</strong></span> <span class='ocrx_word' id='word_1_243' title='bbox 894 3163 1181 3229; x_wconf 85' lang='lat' dir='ltr'><strong>quandoque</strong></span> <span class='ocrx_word' id='word_1_244' title='bbox 1211 3181 1321 3212; x_wconf 91' lang='lat' dir='ltr'><strong>cum</strong></span> 
     </span>
     <span class='ocr_line' id='line_1_35' title="bbox 294 3246 1322 3314; baseline 0.002 -21"><span class='ocrx_word' id='word_1_245' title='bbox 294 3246 651 3310; x_wconf 84' lang='lat' dir='ltr'><strong>probabilitate,</strong></span> <span class='ocrx_word' id='word_1_246' title='bbox 693 3250 945 3314; x_wconf 85' lang='lat' dir='ltr'><strong>praesertim</strong></span> <span class='ocrx_word' id='word_1_247' title='bbox 990 3250 1221 3306; x_wconf 86' lang='lat' dir='ltr'><strong>maxima,</strong></span> <span class='ocrx_word' id='word_1_248' title='bbox 1264 3248 1322 3296; x_wconf 92' lang='lat' dir='ltr'><strong>de</strong></span> 
     </span>
     <span class='ocr_line' id='line_1_36' title="bbox 295 3331 1321 3396; baseline 0.001 -20"><span class='ocrx_word' id='word_1_249' title='bbox 295 3331 485 3377; x_wconf 85' lang='lat' dir='ltr'><strong>veritate</strong></span> <span class='ocrx_word' id='word_1_250' title='bbox 509 3332 574 3378; x_wconf 88' lang='lat' dir='ltr'><strong>rei</strong></span> <span class='ocrx_word' id='word_1_251' title='bbox 604 3340 719 3378; x_wconf 86' lang='lat' dir='ltr'><strong>stare</strong></span> <span class='ocrx_word' id='word_1_252' title='bbox 752 3340 926 3395; x_wconf 88' lang='lat' dir='ltr'><strong>potest,</strong></span> <span class='ocrx_word' id='word_1_253' title='bbox 954 3333 1072 3396; x_wconf 90' lang='lat' dir='ltr'><strong>quin</strong></span> <span class='ocrx_word' id='word_1_254' title='bbox 1107 3333 1203 3378; x_wconf 92' lang='lat' dir='ltr'><strong>imo</strong></span> <span class='ocrx_word' id='word_1_255' title='bbox 1233 3347 1321 3377; x_wconf 85' lang='lat' dir='ltr'><strong>sae-</strong></span> 
     </span>
     <span class='ocr_line' id='line_1_37' title="bbox 294 3412 1321 3479; baseline -0.001 -18"><span class='ocrx_word' id='word_1_256' title='bbox 294 3429 548 3477; x_wconf 85' lang='lat' dir='ltr'><strong>penumero</strong></span> <span class='ocrx_word' id='word_1_257' title='bbox 571 3414 803 3477; x_wconf 85' lang='lat' dir='ltr'><strong>agendum</strong></span> <span class='ocrx_word' id='word_1_258' title='bbox 831 3424 926 3471; x_wconf 81' lang='lat' dir='ltr'><strong>est,</strong></span> <span class='ocrx_word' id='word_1_259' title='bbox 954 3417 1068 3479; x_wconf 90' lang='lat' dir='ltr'><strong>quin</strong></span> <span class='ocrx_word' id='word_1_260' title='bbox 1087 3412 1321 3461; x_wconf 79' lang='lat' dir='ltr'><strong>certitudo</strong></span> 
     </span>
     <span class='ocr_line' id='line_1_38' title="bbox 294 3494 1320 3562; baseline 0.003 -20"><span class='ocrx_word' id='word_1_261' title='bbox 294 3499 435 3560; x_wconf 84' lang='lat' dir='ltr'><strong>possit</strong></span> <span class='ocrx_word' id='word_1_262' title='bbox 457 3494 647 3554; x_wconf 90' lang='lat' dir='ltr'><strong>haberi;</strong></span> <span class='ocrx_word' id='word_1_263' title='bbox 672 3495 774 3543; x_wconf 82' lang='lat' dir='ltr'><strong>haec</strong></span> <span class='ocrx_word' id='word_1_264' title='bbox 804 3513 910 3545; x_wconf 89' lang='lat' dir='ltr'><strong>vero</strong></span> <span class='ocrx_word' id='word_1_265' title='bbox 938 3498 1075 3562; x_wconf 91' lang='lat' dir='ltr'><strong>plane</strong></span> <span class='ocrx_word' id='word_1_266' title='bbox 1107 3497 1320 3546; x_wconf 89' lang='lat' dir='ltr'><strong>distincta</strong></span> 
     </span>
     <span class='ocr_line' id='line_1_39' title="bbox 289 3577 1314 3643; baseline -0.001 -16"><span class='ocrx_word' id='word_1_267' title='bbox 289 3597 315 3627; x_wconf 89' lang='lat' dir='ltr'><strong>a</strong></span> <span class='ocrx_word' id='word_1_268' title='bbox 352 3577 694 3643; x_wconf 79' lang='lat' dir='ltr'><strong>probabilitate</strong></span> <span class='ocrx_word' id='word_1_269' title='bbox 723 3588 790 3627; x_wconf 87' lang='lat' dir='ltr'><strong>est</strong></span> <span class='ocrx_word' id='word_1_270' title='bbox 808 3617 818 3637; x_wconf 90' lang='lat'><strong>,</strong></span> <span class='ocrx_word' id='word_1_271' title='bbox 858 3590 902 3627; x_wconf 90' lang='lat' dir='ltr'><strong>et</strong></span> <span class='ocrx_word' id='word_1_272' title='bbox 934 3580 1075 3628; x_wconf 86' lang='lat' dir='ltr'><strong>veluti</strong></span> <span class='ocrx_word' id='word_1_273' title='bbox 1102 3582 1152 3627; x_wconf 90' lang='lat' dir='ltr'><strong>iu</strong></span> <span class='ocrx_word' id='word_1_274' title='bbox 1179 3579 1314 3626; x_wconf 77' lang='lat' dir='ltr'><strong>indi-</strong></span> 
     </span>
    </p>
   </div>
   <div class='ocr_carea' id='block_1_5' title="bbox 1396 1828 2443 3641">
    <p class='ocr_par' dir='ltr' id='par_1_7' title="bbox 1398 1828 2443 2310">
     <span class='ocr_line' id='line_1_40' title="bbox 1410 1828 2434 1896; baseline 0.004 -18"><span class='ocrx_word' id='word_1_275' title='bbox 1410 1828 1599 1878; x_wconf 75' lang='lat' dir='ltr'><strong>visibili</strong></span> <span class='ocrx_word' id='word_1_276' title='bbox 1617 1831 1800 1896; x_wconf 80' lang='lat' dir='ltr'><strong>posita.</strong></span> <span class='ocrx_word' id='word_1_277' title='bbox 1828 1829 1931 1880; x_wconf 88' lang='lat' dir='ltr'><strong>Cfr.</strong></span> <span class='ocrx_word' id='word_1_278' title='bbox 1967 1831 2355 1883; x_wconf 75' lang='lat' dir='ltr'><strong>Proenotand.n.</strong></span> <span class='ocrx_word' id='word_1_279' title='bbox 2375 1848 2434 1882; x_wconf 70' lang='grc' dir='ltr'><strong>αι</strong></span> 
     </span>
     <span class='ocr_line' id='line_1_41' title="bbox 1408 1911 2443 1982; baseline 0.005 -21"><span class='ocrx_word' id='word_1_280' title='bbox 1408 1923 1454 1961; x_wconf 88' lang='lat' dir='ltr'><strong>et</strong></span> <span class='ocrx_word' id='word_1_281' title='bbox 1477 1911 1564 1963; x_wconf 80' lang='lat'><strong>26.</strong></span> <span class='ocrx_word' id='word_1_282' title='bbox 1584 1913 1650 1962; x_wconf 84' lang='lat' dir='ltr'><strong>Ex</strong></span> <span class='ocrx_word' id='word_1_283' title='bbox 1681 1931 1776 1980; x_wconf 90' lang='lat' dir='ltr'><strong>quo</strong></span> <span class='ocrx_word' id='word_1_284' title='bbox 1802 1917 2100 1980; x_wconf 88' lang='lat' dir='ltr'><strong>consequitur</strong></span> <span class='ocrx_word' id='word_1_285' title='bbox 2119 1953 2134 1975; x_wconf 92' lang='lat'><strong>‚</strong></span> <span class='ocrx_word' id='word_1_286' title='bbox 2170 1917 2296 1982; x_wconf 89' lang='lat' dir='ltr'><strong>quod</strong></span> <span class='ocrx_word' id='word_1_287' title='bbox 2315 1955 2328 1977; x_wconf 84' lang='lat'><strong>,</strong></span> <span class='ocrx_word' id='word_1_288' title='bbox 2360 1917 2443 1966; x_wconf 88' lang='lat' dir='ltr'><strong>ubi</strong></span> 
     </span>
     <span class='ocr_line' id='line_1_42' title="bbox 1406 1995 2443 2063; baseline 0.006 -20"><span class='ocrx_word' id='word_1_289' title='bbox 1406 1995 1645 2045; x_wconf 80' lang='lat' dir='ltr'><strong>certitudo</strong></span> <span class='ocrx_word' id='word_1_290' title='bbox 1665 2007 1709 2045; x_wconf 90' lang='lat' dir='ltr'><strong>et</strong></span> <span class='ocrx_word' id='word_1_291' title='bbox 1732 2013 1833 2044; x_wconf 91' lang='lat' dir='ltr'><strong>non</strong></span> <span class='ocrx_word' id='word_1_292' title='bbox 1854 2014 1982 2046; x_wconf 88' lang='lat' dir='ltr'><strong>mera</strong></span> <span class='ocrx_word' id='word_1_293' title='bbox 2001 1998 2322 2063; x_wconf 78' lang='lat' dir='ltr'><strong>probabilitas</strong></span> <span class='ocrx_word' id='word_1_294' title='bbox 2343 2003 2443 2049; x_wconf 88' lang='lat' dir='ltr'><strong>exi-</strong></span> 
     </span>
     <span class='ocr_line' id='line_1_43' title="bbox 1407 2078 2439 2145; baseline 0.006 -20"><span class='ocrx_word' id='word_1_295' title='bbox 1407 2081 1528 2144; x_wconf 84' lang='lat' dir='ltr'><strong>gitur</strong></span> <span class='ocrx_word' id='word_1_296' title='bbox 1560 2079 1616 2127; x_wconf 89' lang='lat' dir='ltr'><strong>ad</strong></span> <span class='ocrx_word' id='word_1_297' title='bbox 1654 2078 1905 2126; x_wconf 84' lang='lat' dir='ltr'><strong>moraliter</strong></span> <span class='ocrx_word' id='word_1_298' title='bbox 1947 2080 2182 2144; x_wconf 78' lang='lat' dir='ltr'><strong>agendum</strong></span> <span class='ocrx_word' id='word_1_299' title='bbox 2215 2082 2314 2145; x_wconf 82' lang='lat' dir='ltr'><strong>(uti</strong></span> <span class='ocrx_word' id='word_1_300' title='bbox 2354 2083 2439 2135; x_wconf 85' lang='lat' dir='ltr'><strong>ubi</strong></span> 
     </span>
     <span class='ocr_line' id='line_1_44' title="bbox 1405 2162 2439 2227; baseline 0.006 -18"><span class='ocrx_word' id='word_1_301' title='bbox 1405 2165 1556 2227; x_wconf 84' lang='lat' dir='ltr'><strong>agitur</strong></span> <span class='ocrx_word' id='word_1_302' title='bbox 1586 2162 1644 2210; x_wconf 86' lang='lat' dir='ltr'><strong>de</strong></span> <span class='ocrx_word' id='word_1_303' title='bbox 1670 2165 1874 2212; x_wconf 83' lang='lat' dir='ltr'><strong>veritate</strong></span> <span class='ocrx_word' id='word_1_304' title='bbox 1888 2162 2041 2210; x_wconf 83' lang='lat' dir='ltr'><strong>Fidei</strong></span> <span class='ocrx_word' id='word_1_305' title='bbox 2056 2166 2090 2224; x_wconf 87' lang='lat'><strong>),</strong></span> <span class='ocrx_word' id='word_1_306' title='bbox 2110 2167 2342 2213; x_wconf 75' lang='lat' dir='ltr'><strong>securitas</strong></span> <span class='ocrx_word' id='word_1_307' title='bbox 2360 2166 2439 2215; x_wconf 87' lang='lat' dir='ltr'><strong>illa</strong></span> 
     </span>
     <span class='ocr_line' id='line_1_45' title="bbox 1398 2244 2436 2310; baseline 0.008 -20"><span class='ocrx_word' id='word_1_308' title='bbox 1398 2246 1622 2310; x_wconf 84' lang='lat' dir='ltr'><strong>practica</strong></span> <span class='ocrx_word' id='word_1_309' title='bbox 1651 2244 1746 2293; x_wconf 90' lang='lat' dir='ltr'><strong>non</strong></span> <span class='ocrx_word' id='word_1_310' title='bbox 1778 2256 1896 2295; x_wconf 81' lang='lat' dir='ltr'><strong>esset</strong></span> <span class='ocrx_word' id='word_1_311' title='bbox 1930 2249 2020 2295; x_wconf 86' lang='lat' dir='ltr'><strong>nisi</strong></span> <span class='ocrx_word' id='word_1_312' title='bbox 2049 2246 2164 2296; x_wconf 83' lang='lat' dir='ltr'><strong>falsa</strong></span> <span class='ocrx_word' id='word_1_313' title='bbox 2198 2251 2436 2298; x_wconf 78' lang='lat' dir='ltr'><strong>securitas.</strong></span> 
     </span>
    </p>

    <p class='ocr_par' dir='ltr' id='par_1_8' title="bbox 1396 2328 2439 3641">
     <span class='ocr_line' id='line_1_46' title="bbox 1476 2328 2437 2398; baseline 0.004 -22"><span class='ocrx_word' id='word_1_314' title='bbox 1476 2329 1542 2394; x_wconf 73' lang='lat'><strong>(3)</strong></span> <span class='ocrx_word' id='word_1_315' title='bbox 1591 2328 1682 2378; x_wconf 90' lang='lat' dir='ltr'><strong>Sed</strong></span> <span class='ocrx_word' id='word_1_316' title='bbox 1736 2331 1774 2376; x_wconf 90' lang='lat' dir='ltr'><strong>si</strong></span> <span class='ocrx_word' id='word_1_317' title='bbox 1829 2347 1986 2378; x_wconf 88' lang='lat' dir='ltr'><strong>revera</strong></span> <span class='ocrx_word' id='word_1_318' title='bbox 2048 2333 2164 2379; x_wconf 87' lang='lat' dir='ltr'><strong>ratio</strong></span> <span class='ocrx_word' id='word_1_319' title='bbox 2213 2334 2437 2398; x_wconf 81' lang='lat' dir='ltr'><strong>practica</strong></span> 
     </span>
     <span class='ocr_line' id='line_1_47' title="bbox 1405 2412 2434 2478; baseline 0.004 -19"><span class='ocrx_word' id='word_1_320' title='bbox 1405 2413 1667 2478; x_wconf 86' lang='lat' dir='ltr'><strong>quidquam</strong></span> <span class='ocrx_word' id='word_1_321' title='bbox 1700 2412 1958 2477; x_wconf 85' lang='lat' dir='ltr'><strong>praescribit</strong></span> <span class='ocrx_word' id='word_1_322' title='bbox 1993 2413 2170 2462; x_wconf 87' lang='lat' dir='ltr'><strong>directe</strong></span> <span class='ocrx_word' id='word_1_323' title='bbox 2202 2414 2274 2462; x_wconf 87' lang='lat' dir='ltr'><strong>vel</strong></span> <span class='ocrx_word' id='word_1_324' title='bbox 2309 2415 2434 2463; x_wconf 88' lang='lat' dir='ltr'><strong>indi·</strong></span> 
     </span>
     <span class='ocr_line' id='line_1_48' title="bbox 1405 2496 2439 2560; baseline 0.002 -16"><span class='ocrx_word' id='word_1_325' title='bbox 1405 2506 1561 2556; x_wconf 89' lang='lat' dir='ltr'><strong>recte,</strong></span> <span class='ocrx_word' id='word_1_326' title='bbox 1618 2496 1876 2560; x_wconf 81' lang='lat' dir='ltr'><strong>refragante</strong></span> <span class='ocrx_word' id='word_1_327' title='bbox 1928 2498 2105 2546; x_wconf 88' lang='lat' dir='ltr'><strong>ratione</strong></span> <span class='ocrx_word' id='word_1_328' title='bbox 2151 2496 2405 2546; x_wconf 77' lang='lat' dir='ltr'><strong>theoretica</strong></span> <span class='ocrx_word' id='word_1_329' title='bbox 2426 2536 2439 2558; x_wconf 93' lang='lat'><strong>‚</strong></span> 
     </span>
     <span class='ocr_line' id='line_1_49' title="bbox 1405 2579 2437 2646; baseline 0.002 -20"><span class='ocrx_word' id='word_1_330' title='bbox 1405 2579 1520 2645; x_wconf 88' lang='lat' dir='ltr'><strong>quid</strong></span> <span class='ocrx_word' id='word_1_331' title='bbox 1548 2579 1794 2645; x_wconf 81' lang='lat' dir='ltr'><strong>prohibet,</strong></span> <span class='ocrx_word' id='word_1_332' title='bbox 1840 2579 1968 2646; x_wconf 92' lang='lat' dir='ltr'><strong>quod</strong></span> <span class='ocrx_word' id='word_1_333' title='bbox 1995 2579 2073 2628; x_wconf 88' lang='lat' dir='ltr'><strong>illa</strong></span> <span class='ocrx_word' id='word_1_334' title='bbox 2109 2582 2177 2627; x_wconf 88' lang='lat' dir='ltr'><strong>uti</strong></span> <span class='ocrx_word' id='word_1_335' title='bbox 2208 2579 2437 2646; x_wconf 84' lang='lat' dir='ltr'><strong>deceptrix</strong></span> 
     </span>
     <span class='ocr_line' id='line_1_50' title="bbox 1405 2660 2433 2730; baseline 0 -19"><span class='ocrx_word' id='word_1_336' title='bbox 1405 2660 1673 2713; x_wconf 84' lang='lat' dir='ltr'><strong>habeatur?</strong></span> <span class='ocrx_word' id='word_1_337' title='bbox 1724 2666 1866 2730; x_wconf 80' lang='lat' dir='ltr'><strong>Atqui</strong></span> <span class='ocrx_word' id='word_1_338' title='bbox 1914 2667 2052 2730; x_wconf 84' lang='lat' dir='ltr'><strong>juxta</strong></span> <span class='ocrx_word' id='word_1_339' title='bbox 2098 2663 2394 2713; x_wconf 89' lang='lat' dir='ltr'><strong>Hermesium</strong></span> <span class='ocrx_word' id='word_1_340' title='bbox 2419 2701 2433 2722; x_wconf 88' lang='lat'>‚</span> 
     </span>
     <span class='ocr_line' id='line_1_51' title="bbox 1406 2738 2432 2813; baseline -0.002 -18"><span class='ocrx_word' id='word_1_341' title='bbox 1406 2749 1488 2813; x_wconf 90' lang='lat' dir='ltr'><strong>qui</strong></span> <span class='ocrx_word' id='word_1_342' title='bbox 1511 2747 1784 2794; x_wconf 86' lang='lat' dir='ltr'><strong>conflictum</strong></span> <span class='ocrx_word' id='word_1_343' title='bbox 1809 2738 1992 2795; x_wconf 85' lang='lat' dir='ltr'><strong>inducit</strong></span> <span class='ocrx_word' id='word_1_344' title='bbox 2016 2749 2136 2796; x_wconf 90' lang='lat' dir='ltr'><strong>inter</strong></span> <span class='ocrx_word' id='word_1_345' title='bbox 2159 2757 2404 2812; x_wconf 88' lang='lat' dir='ltr'><strong>utramque</strong></span> <span class='ocrx_word' id='word_1_346' title='bbox 2419 2783 2432 2804; x_wconf 89' lang='lat'><em>‚</em></span> 
     </span>
     <span class='ocr_line' id='line_1_52' title="bbox 1406 2827 2435 2894; baseline -0.004 -15"><span class='ocrx_word' id='word_1_347' title='bbox 1406 2847 1477 2879; x_wconf 83' lang='lat' dir='ltr'><strong>res</strong></span> <span class='ocrx_word' id='word_1_348' title='bbox 1509 2831 1571 2877; x_wconf 90' lang='lat' dir='ltr'><strong>ita</strong></span> <span class='ocrx_word' id='word_1_349' title='bbox 1601 2829 1738 2894; x_wconf 88' lang='lat' dir='ltr'><strong>plane</strong></span> <span class='ocrx_word' id='word_1_350' title='bbox 1769 2848 1815 2878; x_wconf 91' lang='lat' dir='ltr'><strong>se</strong></span> <span class='ocrx_word' id='word_1_351' title='bbox 1844 2830 2056 2879; x_wconf 86' lang='lat' dir='ltr'><strong>haberet.</strong></span> <span class='ocrx_word' id='word_1_352' title='bbox 2086 2827 2134 2877; x_wconf 89' lang='lat' dir='ltr'><strong>Si</strong></span> <span class='ocrx_word' id='word_1_353' title='bbox 2165 2831 2304 2894; x_wconf 84' lang='lat' dir='ltr'><strong>igitur</strong></span> <span class='ocrx_word' id='word_1_354' title='bbox 2325 2846 2435 2893; x_wconf 87' lang='lat' dir='ltr'><strong>sup-</strong></span> 
     </span>
     <span class='ocr_line' id='line_1_53' title="bbox 1396 2912 2434 2979; baseline -0.002 -19"><span class='ocrx_word' id='word_1_355' title='bbox 1396 2914 1517 2977; x_wconf 63' lang='lat' dir='ltr'><strong>&gt;poni</strong></span> <span class='ocrx_word' id='word_1_356' title='bbox 1543 2915 1735 2978; x_wconf 84' lang='lat' dir='ltr'><strong>nequit,</strong></span> <span class='ocrx_word' id='word_1_357' title='bbox 1767 2914 1895 2979; x_wconf 90' lang='lat' dir='ltr'><strong>quod</strong></span> <span class='ocrx_word' id='word_1_358' title='bbox 1919 2915 2035 2961; x_wconf 88' lang='lat' dir='ltr'><strong>ratio</strong></span> <span class='ocrx_word' id='word_1_359' title='bbox 2046 2912 2289 2977; x_wconf 82' lang='lat' dir='ltr'><strong>practica,</strong></span> <span class='ocrx_word' id='word_1_360' title='bbox 2319 2912 2434 2958; x_wconf 89' lang='lat' dir='ltr'><strong>dum</strong></span> 
     </span>
     <span class='ocr_line' id='line_1_54' title="bbox 1406 2992 2435 3061; baseline -0.002 -18"><span class='ocrx_word' id='word_1_361' title='bbox 1406 2995 1589 3060; x_wconf 86' lang='lat' dir='ltr'><strong>aliquid</strong></span> <span class='ocrx_word' id='word_1_362' title='bbox 1607 2998 1802 3061; x_wconf 87' lang='lat' dir='ltr'><strong>imperat</strong></span> <span class='ocrx_word' id='word_1_363' title='bbox 1818 2994 2090 3045; x_wconf 87' lang='lat' dir='ltr'><strong>necessitate</strong></span> <span class='ocrx_word' id='word_1_364' title='bbox 2105 2992 2280 3041; x_wconf 89' lang='lat' dir='ltr'><strong>morali</strong></span> <span class='ocrx_word' id='word_1_365' title='bbox 2293 3009 2435 3057; x_wconf 81' lang='lat' dir='ltr'><strong>praes-</strong></span> 
     </span>
     <span class='ocr_line' id='line_1_55' title="bbox 1407 3077 2434 3137; baseline -0.002 -11"><span class='ocrx_word' id='word_1_366' title='bbox 1407 3077 1638 3137; x_wconf 86' lang='lat' dir='ltr'><strong>tandum,</strong></span> <span class='ocrx_word' id='word_1_367' title='bbox 1689 3096 1773 3127; x_wconf 88' lang='lat' dir='ltr'><strong>nos</strong></span> <span class='ocrx_word' id='word_1_368' title='bbox 1813 3079 1951 3128; x_wconf 83' lang='lat' dir='ltr'><strong>ducat</strong></span> <span class='ocrx_word' id='word_1_369' title='bbox 1988 3087 2153 3126; x_wconf 85' lang='lat' dir='ltr'><strong>contra</strong></span> <span class='ocrx_word' id='word_1_370' title='bbox 2193 3079 2434 3125; x_wconf 87' lang='lat' dir='ltr'><strong>veritatem</strong></span> 
     </span>
     <span class='ocr_line' id='line_1_56' title="bbox 1406 3159 2436 3225; baseline -0.001 -17"><span class='ocrx_word' id='word_1_371' title='bbox 1406 3160 1680 3224; x_wconf 73' lang='lat' dir='ltr'><strong>obiectivam</strong></span> <span class='ocrx_word' id='word_1_372' title='bbox 1722 3178 1914 3219; x_wconf 83' lang='lat' dir='ltr'><strong>rerum,</strong></span> <span class='ocrx_word' id='word_1_373' title='bbox 1962 3159 2134 3207; x_wconf 89' lang='lat' dir='ltr'><strong>idcirco</strong></span> <span class='ocrx_word' id='word_1_374' title='bbox 2176 3169 2279 3216; x_wconf 87' lang='lat' dir='ltr'><strong>est,</strong></span> <span class='ocrx_word' id='word_1_375' title='bbox 2326 3161 2436 3225; x_wconf 86' lang='lat' dir='ltr'><strong>quia</strong></span> 
     </span>
     <span class='ocr_line' id='line_1_57' title="bbox 1406 3243 2434 3311; baseline -0.002 -18"><span class='ocrx_word' id='word_1_376' title='bbox 1406 3246 1476 3294; x_wconf 89' lang='lat' dir='ltr'><strong>nil</strong></span> <span class='ocrx_word' id='word_1_377' title='bbox 1512 3249 1608 3311; x_wconf 86' lang='lat' dir='ltr'><strong>ipsa</strong></span> <span class='ocrx_word' id='word_1_378' title='bbox 1641 3246 1807 3306; x_wconf 89' lang='lat' dir='ltr'><strong>edicit,</strong></span> <span class='ocrx_word' id='word_1_379' title='bbox 1847 3247 1936 3292; x_wconf 87' lang='lat' dir='ltr'><strong>nisi</strong></span> <span class='ocrx_word' id='word_1_380' title='bbox 1971 3246 2146 3292; x_wconf 86' lang='lat' dir='ltr'><strong>ratione</strong></span> <span class='ocrx_word' id='word_1_381' title='bbox 2179 3243 2434 3292; x_wconf 78' lang='lat' dir='ltr'><strong>theoretica</strong></span> 
     </span>
     <span class='ocr_line' id='line_1_58' title="bbox 1406 3328 2430 3395; baseline -0.004 -17"><span class='ocrx_word' id='word_1_382' title='bbox 1406 3330 1716 3395; x_wconf 83' lang='lat' dir='ltr'><strong>suffragante,</strong></span> <span class='ocrx_word' id='word_1_383' title='bbox 1751 3345 1832 3377; x_wconf 88' lang='lat' dir='ltr'><strong>seu</strong></span> <span class='ocrx_word' id='word_1_384' title='bbox 1863 3338 1913 3376; x_wconf 90' lang='lat' dir='ltr'><strong>ut</strong></span> <span class='ocrx_word' id='word_1_385' title='bbox 1947 3328 2114 3376; x_wconf 85' lang='lat' dir='ltr'><strong>clarius</strong></span> <span class='ocrx_word' id='word_1_386' title='bbox 2153 3329 2430 3394; x_wconf 87' lang='lat' dir='ltr'><strong>loquamur,</strong></span> 
     </span>
     <span class='ocr_line' id='line_1_59' title="bbox 1406 3411 2436 3480; baseline -0.004 -19"><span class='ocrx_word' id='word_1_387' title='bbox 1406 3415 1514 3480; x_wconf 88' lang='lat' dir='ltr'><strong>quia</strong></span> <span class='ocrx_word' id='word_1_388' title='bbox 1555 3415 1669 3460; x_wconf 86' lang='lat' dir='ltr'><strong>ratio</strong></span> <span class='ocrx_word' id='word_1_389' title='bbox 1704 3427 1806 3458; x_wconf 80' lang='lat' dir='ltr'><strong>una</strong></span> <span class='ocrx_word' id='word_1_390' title='bbox 1848 3411 2170 3476; x_wconf 79' lang='lat' dir='ltr'><strong>metaphysice</strong></span> <span class='ocrx_word' id='word_1_391' title='bbox 2206 3421 2307 3468; x_wconf 87' lang='lat' dir='ltr'><strong>est,</strong></span> <span class='ocrx_word' id='word_1_392' title='bbox 2348 3426 2436 3458; x_wconf 87' lang='lat' dir='ltr'><strong>nec</strong></span> 
     </span>
     <span class='ocr_line' id='line_1_60' title="bbox 1405 3492 2435 3561; baseline -0.003 -18"><span class='ocrx_word' id='word_1_393' title='bbox 1405 3495 1493 3543; x_wconf 89' lang='lat' dir='ltr'><strong>sibi</strong></span> <span class='ocrx_word' id='word_1_394' title='bbox 1522 3496 1606 3559; x_wconf 87' lang='lat' dir='ltr'><strong>ipsi</strong></span> <span class='ocrx_word' id='word_1_395' title='bbox 1642 3510 1847 3560; x_wconf 84' lang='lat' dir='ltr'><strong>pugnare</strong></span> <span class='ocrx_word' id='word_1_396' title='bbox 1879 3505 2052 3559; x_wconf 84' lang='lat' dir='ltr'><strong>potest,</strong></span> <span class='ocrx_word' id='word_1_397' title='bbox 2089 3493 2216 3561; x_wconf 73' lang='lat' dir='ltr'><strong>quod</strong></span> <span class='ocrx_word' id='word_1_398' title='bbox 2237 3492 2435 3542; x_wconf 85' lang='lat' dir='ltr'><strong>Herme-</strong></span> 
     </span>
     <span class='ocr_line' id='line_1_61' title="bbox 1405 3575 1744 3641; baseline -0.003 -16"><span class='ocrx_word' id='word_1_399' title='bbox 1405 3580 1526 3625; x_wconf 88' lang='lat' dir='ltr'><strong>sium</strong></span> <span class='ocrx_word' id='word_1_400' title='bbox 1561 3575 1744 3641; x_wconf 82' lang='lat' dir='ltr'><strong>effugit.</strong></span> 
     </span>
    </p>
   </div>
  </div>
 </body>
</html>
