2502 4134
298 106 417 173 436
922 130 1125 167 maor.
1175 130 1243 166 ms
1288 129 1436 168 iocis
1481 132 1859 171 muezoe-1018.

294 300 401 362 per
423 298 484 336 se
509 284 671 357 patet
693 317 708 345 ,
745 274 1192 351 mysticismum
1214 272 1548 353 impetuntt,
1579 293 1685 332 nec
1707 275 1852 355 quid
1878 275 2102 336 hahent
2123 299 2435 337 commune

294 396 430 433 cum
495 367 761 448 religioso
817 367 999 425 animi
1050 366 1261 426 affectu
1283 412 1299 441 ,
1355 367 1456 448 qui
1515 369 1728 450 scripta
1791 370 1969 429 etiam
2034 372 2434 455 philosophica

293 469 548 528 maxime
588 465 789 537 decet3
823 486 931 524 nec
968 486 1103 524 cum
1142 485 1275 525 vera
1317 465 1555 545 mystica
1581 464 1903 544 theologia,
1937 488 2034 527 seu
2071 470 2435 530 Sanctorum

292 569 542 625 scientia
558 608 580 636 ,
603 584 781 645 quam
810 564 1010 621 Patres
1042 563 1219 621 etiam
1250 573 1560 644 tantopere
1581 552 1894 622 coluerunt
1916 608 1932 638 .,
1971 585 2216 647 quaeque
2254 569 2435 627 ratio-

291 684 430 722 nem
446 682 568 721 non
596 662 834 719 tantuin
860 681 983 718 non
1004 657 1256 719 destruit
1274 703 1290 730 ,
1322 655 1425 718 sed
1448 679 1622 739 supra
1649 658 1901 740 seipsam
1927 660 2168 721 mirifice
2194 662 2427 723 attollit.

1052 891 1122 949 ΙΙ.
1170 893 1261 949 De
1303 894 1676 970 empirismo.

374 1128 511 1187 148.
563 1128 716 1185 Dum
760 1125 1174 1207 empirismum
1204 1124 1646 1208 improbamuS,
1687 1126 1847 1187 haud
1880 1140 2036 1189 certe
2077 1150 2242 1192 mens
2265 1131 2435 1195 nobis

289 1235 379 1287 est
431 1223 763 1306 quidquam
809 1221 1123 1282 detrahere
1170 1222 1421 1303 propriae
1470 1221 1638 1283 dictae
1675 1229 2064 1303 experientiae
2114 1247 2179 1285 ac
2219 1227 2436 1290 sedulae

286 1322 577 1381 factorum
617 1316 1044 1391 observationi,
1071 1339 1249 1398 quam
1278 1339 1402 1375 non
1428 1317 1603 1376 modo
1639 1318 1844 1378 utilem
1874 1364 1890 1394 ‚
1920 1319 2026 1379 sed
2050 1323 2436 1384 necessariam

287 1438 412 1478 esse
458 1436 610 1497 saepe
655 1413 909 1472 diximus
955 1411 1032 1470 ad
1079 1411 1521 1494 philosophiam
1562 1414 2076 1488 constituendam,
2132 1420 2268 1475 cum
2315 1418 2434 1478 haec

295 1535 417 1571 non
443 1533 514 1571 ex
561 1510 738 1568 meris
777 1506 1124 1567 notionibus
1163 1506 1502 1577 abstractis,
1544 1507 1647 1566 sed
1691 1529 1761 1567 ex
1793 1509 1976 1568 amico
2006 1510 2228 1572 foedere
2255 1514 2435 1572 ratio-

289 1630 430 1668 nem
458 1608 615 1666 inter
650 1618 710 1665 et
747 1604 1173 1686 experientiam
1204 1602 1416 1662 debeat
1461 1624 1759 1683 exurgere.
1807 1605 1978 1664 Unde
2017 1607 2433 1685 gratulandum

289 1716 379 1765 est
407 1702 744 1763 recentioris
783 1700 965 1759 aetatis
1018 1698 1416 1780 philosophiS,
1459 1698 1618 1780 quod
1647 1701 1828 1782 magis
1863 1713 2127 1763 accurate
2169 1703 2244 1763 ad
2281 1704 2435 1765 hanc

292 1796 817 1882 experimentalem
872 1793 1259 1876 philosophiae
1304 1794 1559 1875 speciem
1586 1840 1602 1870 ,
1667 1817 1788 1853 non
1836 1796 2013 1855 modo
2070 1798 2134 1856 in
2176 1800 2434 1861 scientiis

296 1893 697 1970 naturalibuS,
742 1891 843 1952 sed
884 1892 946 1949 in
982 1888 1366 1949 rationalibus
1411 1890 1591 1949 etiam
1615 1935 1630 1965 ,
1674 1892 1940 1951 animum
1979 1893 2388 1978 applicuerint.

381 1990 522 2050 149.
569 1992 775 2070 Itaque
808 1987 904 2046 hic
930 1998 1165 2045 tantum
1213 1984 1701 2068 reprehendimus
1725 2033 1741 2061 a
1790 1988 1979 2050 veluti,
2021 1990 2283 2071 religioni
2317 1992 2433 2052 sal-

295 2099 420 2148 tem
448 2086 741 2145 indirecte
768 2084 1011 2142 noxium
1032 2128 1046 2155 ,
1085 2081 1231 2140 illud
1257 2080 1710 2163 philosophandi
1738 2088 1919 2165 genus
1938 2132 1954 2159 .,
1993 2086 2151 2168 quod
2172 2088 2233 2145 in
2256 2089 2431 2148 meris

293 2184 457 2243 factis
494 2178 1055 2263 experimentalibus
1095 2199 1297 2236 sensus
1323 2178 1446 2239 sive
1492 2181 1721 2237 externi
1756 2180 1880 2241 sive
1908 2181 2127 2241 interni
2155 2183 2342 2260 sistit,
2366 2184 2431 2244 in

291 2280 477 2361 iisque
507 2287 693 2336 totam
726 2272 1342 2348 scientiam-collocat,
1383 2272 1703 2334 abstractas
1741 2287 1940 2335 autem
1977 2299 2041 2336 ac
2082 2280 2432 2360 ontoloqae‘cas

293 2375 566 2434 notiones
611 2394 676 2431 ac
716 2370 1005 2453 principia
1048 2369 1402 2430 universalia
1450 2371 1689 2429 rationis
1738 2371 1915 2431 veluti
1959 2372 2146 2432 futilia
2189 2395 2255 2433 ac
2293 2375 2435 2434 nul-

292 2471 406 2531 lius
445 2468 670 2529 roboris
709 2466 973 2547 ablegat3
1016 2484 1133 2547 quo
1168 2466 1232 2523 fit
1271 2477 1338 2531 ut
1381 2466 1546 2525 facile
1587 2466 1910 2526 confundat
1943 2470 2270 2548 intelligere
2297 2491 2434 2530 cum

290 2571 546 2637 sentire,
580 2586 646 2624 ac
674 2564 1061 2647 proprietates
1093 2583 1296 2621 sensus
1322 2560 1398 2620 ad
1432 2562 1824 2642 cognitionem
1854 2564 2198 2638 transferat3
2238 2566 2434 2625 omnia

298 2663 599 2722 ratiocinia
640 2683 679 2719 a
708 2663 920 2742 priori
963 2669 1065 2717 aut
1101 2656 1409 2732 excludat,
1450 2669 1550 2716 aut
1571 2678 1703 2717 cum
1730 2659 2030 2718 ratiocinio
2054 2683 2094 2719 a
2114 2664 2438 2740 posteriori

297 2759 686 2843 permisceat3
726 2755 1025 2816 ratiocinia
1050 2800 1066 2830 ⁷
1117 2776 1149 2813 e
1189 2754 1565 2836 conceptibus
1609 2754 1911 2816 abstractis
1949 2778 2014 2816 ac
2049 2755 2432 2826 axiomatibus

300 2857 364 2915 in
392 2854 692 2938 principiis
723 2850 1049 2913 identitatis
1071 2849 1328 2909 fundatis
1357 2861 1524 2911 eruta
1544 2895 1560 2925 ,
1595 2850 1668 2909 de
1697 2863 1839 2911 noto
1869 2852 1943 2912 ad
1977 2852 2243 2932 ignotum
2276 2850 2432 2912 dete-

305 2951 560 3034 gendum
598 2950 811 3010 ducere
848 2968 1112 3030 unquam
1155 2968 1324 3029 posse
1358 2957 1561 3026 negett,
1622 2958 1797 3029 atque
1821 2994 1837 3024 ‚
1878 2959 1943 3007 ut
1981 2946 2159 3010 verbo
2199 2947 2426 3024 dicam„

301 3047 510 3108 exinde
549 3048 617 3106 fit
659 3057 725 3105 ut
755 3044 975 3128 quaevis
1012 3045 1305 3124 entoloqia
1344 3041 1629 3125 implicite
1659 3055 1759 3103 aut
1802 3043 2069 3126 explicite
2096 3064 2128 3101 a
2169 3042 2431 3124 philoso-

302 3144 441 3225 phia
469 3144 826 3203 eliminetur.

389 3238 527 3298 150.
576 3238 665 3298 Ad
717 3237 972 3297 saniores
1018 3235 1396 3319 philosophos
1421 3280 1438 3309 .,
1489 3235 1589 3316 qui
1636 3234 1771 3294 data
1813 3255 1986 3316 opera
2025 3233 2194 3313 hujus
2242 3235 2426 3318 philo-

304 3333 519 3417 sophiae
545 3334 859 3411 intrinseca
895 3332 1033 3392 vitia
1063 3331 1402 3413 persequuti
1425 3342 1600 3404 sunt,
1631 3331 1919 3391 auditores
1956 3343 2183 3390 nostros
2213 3332 2422 3392 remit-

305 3441 528 3504 tentes,
573 3428 647 3488 ad
690 3450 817 3487 rem
863 3439 1124 3487 nostram
1163 3426 1549 3498 adnotamUS,
1596 3426 2001 3507 empirismum
2048 3427 2417 3507 hujusmodi,

313 3528 376 3585 10
414 3525 691 3584 humanae
733 3525 944 3584 rationi
970 3521 1317 3604 dignitatem
1345 3542 1584 3582 omnem
1607 3520 1843 3581 demere
1862 3568 1878 3598 a
1901 3545 2033 3605 quae
2058 3545 2273 3605 nempe
2295 3546 2419 3583 non

304 3621 370 3682 in
395 3621 570 3684 meris
587 3619 750 3682 factis
767 3618 1133 3680 sensibilibus
1150 3616 1537 3702 percipiendis
1555 3617 1816 3678 consistit
1838 3663 1854 3694 .,
1884 3619 1988 3681 sed
2010 3622 2072 3679 in
2089 3619 2416 3683 intrinsecis
