2502 4134
176 136 295 197 586
585 152 588 162 ·
794 157 994 195 ruer.
1042 159 1111 195 ns
1156 158 1308 197 toc1s
1351 159 1731 200 mmmmm&

174 302 275 363 vix
317 300 558 384 quidem
597 301 723 361 fieri
762 310 996 382 potest,
1023 311 1090 359 ut
1124 301 1436 383 quisquam
1459 301 1537 360 sit
1574 300 1899 382 disciplinis
1917 304 2009 367 his
2038 305 2316 373 omnibus

173 399 441 481 apprime
487 398 807 455 instructus
836 442 851 471 ,
906 395 1117 457 saltem
1167 391 1476 477 cognoscat
1527 407 1804 479 oportet,
1859 397 2003 459 dum
2050 402 2316 462 veritatis

171 493 466 554 catholicae
506 492 790 555 vindicias
819 493 1000 552 sumit
1020 539 1035 568 .,
1077 491 1423 553 celebriores
1458 504 1724 554 auctores
1750 539 1767 571 ,
1813 495 1916 576 qui
1943 493 2071 555 illas
2111 498 2314 580 singu·

171 590 256 650 las
290 588 674 649 excoluerunt
711 599 774 650 et
802 589 865 648 in
896 611 1249 672 unaquaque
1284 588 1618 667 excellunt,
1669 600 1737 649 ut
1765 589 1908 650 inde
1953 597 2318 656 communire

172 708 232 746 se
269 685 453 767 possit
487 684 769 745 adversus
808 685 1111 768 improbos
1149 685 1610 746 acatholicorum
1643 698 1907 771 conatus,
1942 688 2070 760 Quo
2106 708 2317 748 recen·

171 781 350 862 tiores
371 802 513 842 vero
544 792 812 842 auctores
832 793 972 841 sunt
1000 793 1061 842 et
1087 782 1394 843 scientiam
1421 783 1498 841 ad
1522 782 1868 860 ulteriorem
1892 782 2322 865 perfectionem

168 888 602 960 provexerunt,
643 899 715 937 eo
759 878 944 963 magis
983 877 1264 938 videntur
1298 878 1531 953 idonei3
1573 879 1794 961 quippe
1816 924 1833 954 ,
1867 878 1956 940 uti
1982 900 2105 939 non
2135 878 2320 940 semel

168 972 735 1048 animadvertimuS,
778 995 896 1056 quo
941 977 1122 1055 magis
1161 975 1418 1034 scientiae
1466 975 1932 1057 progrediuntur
1957 1019 1973 1050 ,
2015 975 2323 1057 perimunt

170 1069 578 1146 difficultateS,
625 1092 769 1153 quas
809 1069 923 1131 illae
959 1071 1023 1129 in
1061 1093 1164 1130 sua
1201 1071 1386 1131 veluti
1420 1072 1670 1132 infantia
1692 1131 1696 1134 ,
1722 1083 2124 1154 procrearant.
2156 1073 2318 1146 Qua-

169 1178 416 1251 propter
450 1167 721 1249 theologo
744 1169 1001 1228 maxime
1035 1167 1197 1228 cordi
1231 1190 1355 1228 esse
1388 1168 1602 1245 debet,
1642 1180 1709 1229 ut
1733 1214 1750 1244 ,
1783 1190 1918 1229 cum
1942 1169 2319 1229 scientiarum

84 1253 87 1255 ¹
168 1265 536 1325 incremento
563 1267 689 1347 pari
731 1265 920 1348 gradu
955 1265 1235 1326 incedens
1257 1311 1274 1341 ,
1317 1287 1554 1349 semper
1592 1265 1815 1332 eisdem
1850 1264 2045 1327 valeat
2077 1287 2185 1347 pro
2218 1287 2320 1348 op-

168 1362 534 1443 portunitate
562 1363 667 1422 uti.
692 1364 789 1424 Sic
816 1385 946 1423 eam
973 1362 1502 1446 reprehensionem
1529 1363 1770 1444 effugiet
1788 1408 1804 1438 ,
1834 1382 1961 1445 quae
1989 1384 2114 1423 non
2137 1361 2322 1424 semel

168 1459 231 1517 in
274 1458 573 1540 theologos
610 1460 904 1521 intentata
956 1470 1085 1535 est,
1134 1482 1233 1521 eos
1284 1459 1558 1522 videlicet
1597 1463 1987 1535 stationarios
2036 1480 2161 1518 esse
2184 1503 2201 1533 ,
2254 1479 2323 1518 ac

168 1554 312 1614 dum
344 1556 600 1617 scientiae
627 1579 834 1619 omnes
862 1556 1057 1617 seculo
1088 1556 1501 1636 progrediente
1533 1543 1728 1632 magis*
1749 1554 1814 1611 in
1843 1552 1967 1612 dies
2001 1554 2318 1635 proficiunt

168 1673 235 1711 ac
268 1650 600 1730 ditescunt,
645 1654 884 1712 eosdem
928 1653 992 1710 in
1031 1650 1314 1710 anteactis
1350 1648 1558 1708 seculis
1600 1647 1957 1721 consistere,
2003 1670 2070 1709 ac
2109 1650 2173 1708 in
2215 1670 2320 1709 sua

168 1757 522 1831 paupertate
565 1767 946 1807 marcescere.
989 1747 1113 1832 Hac
1161 1744 1390 1805 ratione
1424 1765 1488 1805 se
1513 1764 1801 1824 suamque
1836 1743 2209 1827 disciplinam
2245 1744 2323 1804 ab

169 1842 488 1926 opprobrio
518 1841 884 1917 vindicabit,
931 1839 1358 1923 ostendetque,
1402 1838 1707 1919 theologos
1751 1838 1916 1899 haud
1956 1838 2134 1922 plane
2180 1839 2321 1900 hos·

169 1942 322 2022 pites
359 1960 392 1998 a
433 1939 707 2020 praesenti
747 1938 1128 1998 scientiarum
1167 1947 1326 1996 statu
1376 1957 1502 1997 esse
1528 1981 1546 2011 ,
1587 1934 2040 2018 conciliabitque
2080 1935 2318 1996 theolo-

169 2035 306 2115 gicae
341 2035 594 2095 scientiae
632 2035 896 2095 virorum
930 2034 1238 2094 doctorum
1289 2033 1675 2116 promeritam
1714 2033 2161 2093 venerationem
2200 2031 2313 2114 (l).

170 2131 452 2204 Quamvis
494 2132 655 2191 enim
697 2130 987 2212 theologia
1039 2130 1234 2214 quoad
1293 2130 1591 2209 objectum
1643 2151 1817 2190 suum
1865 2130 2112 2212 incapax
2163 2150 2315 2210 pro-

171 2249 398 2307 gressus
426 2228 502 2287 sit
523 2273 540 2303 ,
574 2249 710 2289 cum
737 2228 885 2288 illud
914 2228 1157 2311 recipiat
1187 2239 1247 2288 et
1275 2249 1399 2288 non
1427 2226 1607 2288 cudat
1625 2272 1643 2303 ,
1679 2237 1882 2287 tamen
1914 2225 2110 2308 quoad
2144 2225 2318 2284 ratio-

170 2345 312 2384 nem
329 2325 676 2406 quaestiones
692 2326 845 2409 ipsas
867 2324 1302 2408 pertractandi,
1330 2323 1527 2408 quoad
1549 2323 1812 2387 veritatis
1832 2322 2313 2398 illustrationem,

171 2420 620 2483 insectationem
649 2444 918 2484 errorum
952 2444 1282 2497 novorum,
1316 2437 1499 2504 capax
1540 2432 1631 2482 est
1652 2467 1669 2496 ,
1701 2420 1788 2483 uti
1823 2430 2030 2481 ceterae
2061 2417 2318 2480 scientiae

172 2539 408 2594 omneS,
441 2520 595 2601 jugis
636 2541 977 2602 progressus
1011 2517 1625 2601 etrperfectibilitatiS.

240 2783 308 2849 (1)
346 2783 565 2834 Ceterum
594 2783 820 2852 quoniam
846 2791 977 2834 aetate
1011 2786 1193 2852 potissi·
1280 2794 1500 2851 perpetuo
1530 2798 1713 2848 semper
1742 2782 1878 2831 fluxu
1898 2782 2191 2847 transituque
2214 2789 2317 2841 est,

175 2886 307 2917 mum
348 2868 438 2917 hac
480 2879 636 2917 nostra
674 2868 798 2917 haud
844 2884 1001 2934 paucae
1037 2878 1138 2916 tum
1172 2885 1198 2916 a
1280 2877 1422 2935 atque
1450 2867 1537 2916 has
1564 2869 1730 2916 erroris
1756 2866 1879 2915 vices
1899 2872 2153 2932 cognoscat
2181 2861 2318 2912 theo-

175 2951 408 3000 catholicis
456 2962 557 3001 tum
606 2951 667 3000 ab
713 2952 983 3001 acatholicis
1023 2953 1197 3000 summi
1279 2954 1726 3017 logusoportet,1ut
1750 2949 1942 2998 idoneas
1971 2957 2097 3018 aptet
2121 2961 2319 3011 respon-

176 3037 403 3084 momenti
429 3037 663 3101 agitantur
694 3037 969 3101 quaestiones
995 3052 1082 3101 ope
1114 3053 1196 3100 pe-
1281 3037 1460 3094 siones,
1494 3049 1792 3098 erroremque
1819 3031 1880 3086 ,de
1913 3033 2110 3080 statione
2139 3030 2192 3076 in
2223 3035 2317 3075 sta-

177 3116 460 3167 riodicarum
482 3153 499 3181 ‚
527 3124 580 3167 ut
608 3128 803 3177 vocant,
829 3117 1163 3167 collectionum
1182 3154 1196 3178 ‚
1281 3121 1458 3169 tionem
1513 3119 1765 3166 insectetur
1789 3153 1804 3177 ,
1847 3115 1996 3165 donee
2032 3110 2321 3176 turpitudine

178 3210 316 3266 atque
338 3202 690 3267 ephemeridum
713 3204 876 3261 etiam,
902 3202 1001 3250 haec
1032 3204 1203 3250 instru-
1285 3203 1412 3252 illius
1437 3203 1488 3249 in
1520 3200 1732 3249 medium
1762 3197 1972 3264 prolata,
2004 3211 2111 3243 eum
2143 3192 2320 3258 pudeat

179 3294 337 3332 menta
357 3320 371 3342 ‚
405 3303 506 3351 quae
535 3285 675 3334 veluti
706 3285 895 3350 publica
925 3287 1205 3350 opinionum
1289 3287 1361 3333 sui
1398 3286 1559 3350 ipsius·
1595 3282 1733 3349 Quod
1764 3279 1957 3348 quidem
1986 3278 2040 3325 in
2073 3276 2172 3324 dies
2210 3292 2318 3340 pro-

179 3366 390 3416 vehicula
426 3377 569 3425 sunt,
611 3384 708 3415 non
740 3370 933 3416 omnino
968 3368 1207 3433 theologus
1291 3370 1593 3418 testantismo
1621 3364 1878 3427 contingit,
1907 3361 1989 3426 qui
2018 3359 2077 3407 ad
2108 3358 2220 3407 tales
2243 3359 2319 3405 in-

181 3449 397 3515 negliget.
426 3448 497 3496 Ex
520 3450 613 3498 illis
646 3453 774 3499 enim
803 3467 903 3499 non
933 3450 1073 3500 modo
1095 3466 1212 3516 prae-
1296 3454 1409 3501 citas
1434 3451 1646 3500 redactus
1679 3457 1745 3497 est
1766 3479 1783 3508 ,
1815 3454 1866 3492 ut
1892 3442 2093 3508 amplius
2120 3459 2218 3490 non
2247 3441 2322 3487 in-

182 3544 360 3582 sentem
416 3530 732 3598 deprehendet
791 3536 1214 3583 controversiarum
1297 3537 1455 3584 veniat
1491 3533 1575 3582 ubi
1607 3548 1656 3580 se
1684 3537 1867 3587 teneat,
1914 3528 1953 3574 si
1993 3543 2106 3590 vaga
2141 3521 2318 3582 verba,

179 3626 358 3665 statum
377 3654 391 3678 ,
424 3616 503 3666 sed
535 3618 809 3666 novissimas
844 3627 1062 3682 praeterea
1100 3634 1211 3683 cog·
1298 3618 1817 3682 ambages,partemque
1830 3610 2027 3660 demeris
2040 3607 2317 3672 negativam.

184 3709 342 3749 noscet
370 3701 534 3749 erroris
572 3699 763 3755 formas.
799 3699 940 3758 Error
967 3702 1140 3767 quippe
1165 3702 1215 3748 in
