2502 4134
908 100 1106 138 TRAGT.
1156 102 1225 137 BR
1268 102 1420 141 Locis
1464 105 1846 146 THEOLOGIGIS·

292 71 430 151 432

305 238 463 320 quod
498 260 627 299 eam
653 240 833 298 sentit
852 285 868 314 ,
902 252 1106 322 utpote
1133 241 1510 304 individualis
1529 291 1545 321 7
1573 249 1779 330 nequit
1807 272 1937 310 eam
1964 251 2157 310 sensui
2197 250 2430 311 alterius

303 334 752 412 communicare.
794 334 859 393 4ο
887 335 1051 396 Idem
1086 350 1516 420 consequenter
1548 342 1726 401 efficit
1756 345 2063 406 veritatem
2098 368 2256 407 mere
2279 347 2430 407 rela-

272 440 277 444 ‘
303 430 486 490 tivam
514 450 579 488 ac
617 429 967 491 mutabilem
989 478 1003 506 ,
1034 433 1308 514 viamque
1331 447 1648 517 propterea
1670 439 2069 519 scepticismo‚
2096 443 2272 503 etiam
2294 463 2428 501 cum

301 523 487 603 agitur
529 524 601 584 de
634 525 1028 602 revelatione,
1071 527 1414 605 latissimam
1459 533 1691 591 sternit.
2040 607 2042 610 .

386 620 522 679 144.
575 623 708 681 Haec
732 622 971 705 quidem
998 624 1321 684 rationibus
1363 627 1693 687 intrinsecis
1727 638 2092 710 assumptum
2127 633 2425 692 evincunt.

297 717 402 776 Ast
429 715 594 776 facile
623 731 775 778 esset
807 719 866 778 id
889 721 1085 802 ipsum
1114 723 1475 803 experientia
1512 723 1820 806 multiplici
1850 725 2212 786 confirmare.
2237 729 2425 789 Liceat

295 811 463 871 nobis
516 813 591 873 ad
632 816 827 896 ipsum
873 838 1191 898 provocare
1237 819 1404 879 Joan.
1461 819 1831 880 Fredericum
1873 806 2107 897 Jacobi‚
2152 824 2286 905 qui,
2335 825 2425 884 uti

296 907 435 968 alibi
463 909 770 970 innuimus
789 957 805 986 .,
842 911 1026 973 veluti
1058 913 1330 996 princeps
1355 914 1527 993 hujus
1560 912 2124 977 seniitnentalistz'coe
2147 918 2423 980 doctrinae

298 1003 505 1064 haberi
553 1017 749 1088 potest
781 1008 895 1087 (l).
941 1009 1046 1067 Hic
1091 1031 1266 1090 porro
1303 1011 1506 1069 statuit
1540 1011 1725 1071 veluti
1767 1012 2050 1095 principia
2086 1035 2101 1073 :
2164 1014 2224 1071 1ο
2266 1013 2424 1095 quod

293 1104 621 1162 instinctus
636 1148 652 1177 ‚
677 1114 875 1183 utpote
908 1108 1170 1164 rationis
1185 1111 1422 1187 eneryz’a
1438 1154 1455 1176 ,
1479 1106 1561 1172 ad,
1580 1110 1764 1167 Deum
1784 1119 2066 1190 tanquam
2088 1128 2267 1169 suam
2282 1130 2425 1189 per-

292 1200 668 1257 sonalitatem
729 1200 1046 1259 habentem
1103 1195 1537 1287 agnoscendum
1594 1203 1905 1285 impellat3¹
1939 1204 2042 1264 sed
2096 1207 2422 1266 intellectu-5

290 1293 556 1376 impellat
588 1294 804 1356 directe
826 1295 901 1355 ad
929 1297 1385 1374 pantheismum
1423 1319 1488 1358 ac
1514 1300 1931 1368 uiln‘lz'smum5
1957 1302 2026 1359 20
2054 1300 2211 1383 quod
2243 1302 2424 1362 scien-

291 1389 384 1449 tiae
406 1391 638 1451 intersit
662 1391 981 1454 dissolvere
1013 1404 1189 1474 atque
1211 1395 1563 1454 annihilare
1606 1398 1938 1454 realitatem
1952 1439 1975 1468 ,
1999 1418 2134 1457 cum
2163 1396 2280 1456 haec
2301 1395 2421 1455 sola

289 1485 578 1567 possibilis
620 1488 695 1546 sit
735 1487 831 1549 via
877 1509 1013 1549 vere
1047 1488 1120 1548 ad
1154 1488 1305 1548 hanc
1345 1490 1758 1570 perveniendi3
1812 1490 2102 1572 siquidem
2134 1493 2419 1570 olgjectum

288 1581 543 1642 emedio
586 1581 828 1642 tollatur
871 1595 1137 1666 oportet,
1179 1596 1246 1644 ut
1281 1588 1435 1644 sciri
1465 1584 1614 1644 illud
1652 1586 1837 1667 possit
1861 1586 1970 1666 (2).
2011 1587 2094 1645 Ex
2126 1586 2215 1645 his
2242 1608 2418 1670 porro

286 1677 587 1760 principiis
623 1678 686 1736 in
722 1680 1111 1739 m‘liz’lismum
1144 1691 1203 1739 et
1241 1681 1632 1740 idealismum
1671 1681 1848 1741 etiam
1884 1681 2216 1762 religiosum
2255 1682 2412 1743 idem

349 1855 415 1920 (1)
454 1854 594 1904 Haud
626 1873 711 1904 nos
748 1857 899 1922 fugit,
936 1873 1039 1923 quae
1061 1857 1119 1906 de
1138 1856 1300 1906 Jacobi

280 1938 450 1987 dicturi
473 1957 631 1988 sumus
650 1975 664 2002 ‚
696 1940 823 1988 haud
854 1942 1011 2005 paucis
1046 1943 1301 2005 praesertim

276 2024 327 2069 in
344 2021 589 2070 Germania
606 2023 878 2088 permolesta
898 2023 1013 2080 fore,
1032 2027 1113 2089 qui
1131 2041 1299 2089 nempe

274 2104 604 2170 philosophum
637 2106 765 2153 hunc
801 2108 851 2153 in
887 2106 1061 2154 deliciis
1099 2106 1296 2155 habent.

273 2185 370 2236 Nec
397 2205 503 2237 vero
528 2206 613 2236 nos
638 2189 790 2236 eidem
816 2206 955 2237 omne
981 2193 1199 2238 meritum
1219 2190 1299 2239 de-

272 2288 396 2318 mere
440 2271 694 2333 volumus3
739 2274 911 2319 scimus
933 2306 946 2329 ‚
993 2272 1126 2320 illum
1168 2271 1297 2321 haud

268 2370 440 2419 parum*
459 2340 714 2402 contulisse
744 2355 802 2402 ad
830 2355 1080 2402 excitatam
1100 2357 1149 2402 in
1170 2355 1296 2403 Kan-

268 2437 385 2484 tium
404 2453 457 2484 ac
473 2438 775 2485 criticismum
795 2437 1151 2490 admirationem
1174 2438 1296 2488 evel-

266 2520 482 2584 lendam3
508 2523 706 2582 scimus,
737 2539 844 2571 eum
867 2511 1104 2586 praeclarae'
1120 2522 1292 2571 indolis

266 2603 540 2670 optimique
562 2606 735 2670 ingenii
782 2606 924 2654 fuisse
942 2643 955 2663 ‚
1009 2623 1062 2654 ac
1113 2609 1291 2655 sincero

264 2690 420 2735 animo
472 2688 852 2754 philosophatum
895 2705 1008 2737 esse.
1053 2688 1145 2738 Sed
1191 2689 1290 2737 haec

263 2773 421 2819 omnia
454 2783 674 2819 naturam
700 2773 965 2839 systematis
991 2774 1062 2819 sui
1095 2775 1289 2820 minime

260 2856 532 2903 immutant.
569 2853 663 2902 Nos
690 2872 825 2920 porro
848 2893 861 2915 ,
896 2852 1118 2921 quoniam
1149 2872 1287 2919 opera

259 2935 423 2985 Jacobi
453 2937 511 2985 ad
542 2955 734 2986 manum
760 2935 931 2986 habere
955 2939 1251 3004 nequivimus
1268 2976 1280 2998 ‚

259 3019 359 3068 loca
385 3037 444 3068 ex
474 3038 527 3069 eo
557 3020 696 3069 allata
724 3021 1037 3086 decerpsimus
1063 3039 1117 3069 ex
1145 3038 1285 3086 opus-

258 3101 363 3149 culo
391 3105 655 3167 germanico
676 3138 690 3163 ,⁸-
728 3105 862 3169 cujus
887 3104 1049 3152 titulus
1078 3120 1092 3151 ε
1115 3102 1281 3168 Apho-

256 3168 443 3234 riomen.
453 3185 571 3232 ‘iiber
584 3185 640 3232 N
638 3185 914 3233 ichtwissen
930 3186 1034 3232 und
1047 3185 1281 3245 absolutes

264 3267 351 3316 W
347 3270 476 3315 isaen
510 3271 565 3316 in
604 3267 662 3316 V
654 3269 911 3317 erhiiltniss
946 3268 1280 3340 zur-''christli-

253 3351 372 3400 chen
399 3351 976 3410 Glaubemerkenntniss,
1000 3371 1079 3402 seu
1108 3352 1157 3401 A
1156 3353 1278 3418 pho-

253 3435 460 3482 rismata
488 3436 620 3481 cirea
646 3434 775 3481 nihil
793 3437 914 3483 scire
940 3444 986 3482 et
1011 3433 1278 3482 absolutum

252 3518 374 3565 scire
410 3522 468 3565 in
506 3532 634 3565 nexu
670 3533 780 3564 cum
825 3519 1096 3582 coqnicione
1142 3516 1276 3565 chri-

252 3604 423 3651 stianoe
470 3602 590 3666 fidei
608 3637 622 3663 ‚
678 3612 863 3651 auctore
919 3602 1086 3651 Carolo
1144 3602 1271 3650 Frid.

1393 1857 1432 1906 G
1438 1893 1542 1907 .....
1573 1858 1622 1922 l,
1651 1858 1849 1907 Berolini
1876 1855 2022 1926 1829.
2041 1858 2201 1925 Neque
2225 1876 2331 1933 vero
2349 1862 2410 1911 ob

1389 1942 1439 1990 id
1455 1942 1595 2008 hujus
1615 1945 1812 1991 auctoris
1826 1943 2133 1992 Berolinensis
2149 1944 2410 1995 doctrinam

1389 2025 1586 2090 probare
1611 2025 1708 2073 ullo
1738 2035 1870 2090 pacto
1898 2026 2202 2075 intendimus.

1458 2107 1521 2170 (2)
1563 2107 1733 2156 Jacobi
1764 2146 1777 2167 ‚
1851 2106 1908 2154 V
1904 2124 1964 2156 on
2012 2108 2104 2156 den
2151 2108 2407 2173 yiittlichen

1385 2187 1602 2254 Dinqen,
1618 2207 1699 2237 seu
1713 2188 1986 2237 Dedivim's
2001 2189 2156 2258 rebus,
2170 2208 2273 2256 pag.
2295 2190 2406 2256 1525

1385 2276 1497 2322 item
1522 2276 1659 2340 epist.
1681 2272 1855 2322 Jacobi
1877 2273 1942 2320 ad
1959 2274 2012 2322 F
2012 2273 2131 2321 ickte
2145 2309 2160 2333 ‚
2191 2291 2295 2339 pag.
2315 2272 2404 2339 14,
2436 2314 2448 2331 s

1386 2374 1549 2421 opusc.
1578 2359 1659 2406 cit.
1695 2373 1801 2422 pag.
1832 2355 1911 2406 18.
1931 2356 1992 2405 Ut
2017 2374 2088 2406 res
2110 2357 2274 2405 clarior
2294 2357 2403 2417 fiat,

1379 2441 1507 2505 juvat
1527 2440 1891 2488 animadvertere
1910 2475 1925 2502 ,
1953 2439 2082 2505 quod
2095 2475 2108 2499 ‚
2127 2456 2235 2488 cum
2253 2442 2403 2489 scien·
2486 2490 2488 2492 ,

1381 2525 1444 2572 tia
1482 2540 1540 2572 ex
1578 2540 1704 2571 nexu
1746 2526 1864 2572 inter
1899 2523 2162 2590 subjectum
2195 2533 2241 2572 et
2271 2524 2400 2589 obJ‘e-

1379 2615 1508 2655 ctum
1524 2617 1727 2670 exurgat,
1753 2605 2017 2671 philosophi
2034 2608 2401 2670 neo-germanici

1380 2681 1702 2748 contendunt,
1733 2706 1829 2737 non
1860 2705 1991 2765 posse
2031 2689 2130 2737 dari
2161 2691 2399 2738 scientiam

1377 2774 1465 2820 nisi
1482 2771 1743 2837 subjectum
1765 2781 1810 2820 et
1833 2770 2065 2838 objectum
2088 2770 2235 2819 simul
2267 2786 2398 2817 com-

1376 2864 1673 2920 penetrentur
1693 2891 1705 2913 ‚
1735 2854 1811 2902 sed
1837 2856 1888 2901 in
1914 2854 2003 2901 hoc
2031 2853 2293 2917 oppositam
2317 2852 2393 2898 in-

1375 2948 1442 2987 ter
1481 2939 1540 2986 se'
1567 2939 1688 2985 viam
1730 2939 1911 2986 ineunt.
1947 2936 2039 2984 Alii
2069 2937 2192 2984 enim
2229 2934 2391 2982 volunt

1372 3021 1603 3084 objectum-
1625 3018 1810 3080 destrui
1831 3019 1998 3068 debere
2022 3020 2071 3065 in
2095 3018 2357 3081 cognitione
2373 3055 2387 3074 .‚

1372 3113 1424 3151 ut
1451 3112 1648 3150 transeat
1678 3104 1728 3149 in
1758 3101 2051 3167 subjectum,
2075 3102 2288 3164 atqueita
2309 3098 2389 3148 Ja-

1371 3186 1509 3246 cobi3
1546 3184 1624 3232 alii
1654 3202 1678 3232 e
1710 3194 1867 3231 contra
1885 3220 1898 3239 ,
1928 3180 2191 3246 subjectum
2218 3182 2387 3230 debere

1370 3270 1544 3318 destrui
1576 3285 1628 3316 ac
1657 3269 1848 3315 transire
1867 3269 1915 3313 in
1932 3265 2161 3330 objectum
2173 3301 2190 3327 ,
2210 3270 2262 3312 ut
2279 3283 2387 3315 cum

1368 3352 1449 3399 illo
1476 3351 1810 3405 identificetur‚
1838 3350 1897 3395 ita
1919 3347 2181 3412 Schefflng,
2212 3347 2383 3412 Hegel,

1368 3445 1455 3484 etc.
1490 3433 1600 3481 lude
1624 3442 1688 3479 tot
1714 3431 1911 3479 absurda
1940 3434 2156 3495 utrinque
2183 3434 2281 3478 sive
2302 3431 2383 3479 ni-

1364 3515 1552 3564 hilismz·
1582 3531 1636 3562 ac
1672 3512 1913 3560 idealismi
1947 3517 2040 3562 sive
2059 3512 2379 3579 pantheismit

1365 3599 1497 3650 Certe
1533 3602 1569 3646 si
1607 3597 1839 3664 objectum
1871 3614 1923 3646 ac
1952 3598 2214 3664 subjectum
2243 3597 2378 3645 iden-
