2502 4134
310 130 388 190 90

901 157 1102 197 TRAGT.
1151 160 1220 196 DE
1264 159 1419 198 zocls
1462 161 1846 201 THEOLOGICIS.

313 297 630 380 antiquitas
662 301 748 359 uti
773 301 1079 362 canonicos
1106 302 1314 363 habuit
1331 349 1347 378 .,
1375 314 1441 363 ut
1461 305 1597 366 inde
1617 306 1856 368 eosdem
1885 329 2116 390 quoque
2144 329 2269 369 sese
2292 308 2438 370 divi-

309 393 469 452 nitus
498 394 809 477 inspiratos
838 409 996 457 certo
1019 411 1263 482 tutoque
1287 400 1638 462 concludant
1670 406 1782 484 (l).

398 489 532 549 139.
585 493 760 574 Resp.
800 496 954 554 Dist.
984 510 1110 556 am.
1150 499 1281 556 Non
1315 496 1529 559 desunt
1558 500 1806 580 regulae,
1850 501 2061 583 quibus
2101 501 2304 578 majori
2340 498 2437 560 vel

308 586 523 650 minori
569 588 985 670 probabilitate
1028 593 1254 674 possint
1297 595 1601 654 acatholici
1652 596 1832 656 libros
1882 598 2195 680 inspiratos
2237 618 2270 654 a
2314 617 2437 654 non

306 682 605 763 inspiratis
635 684 1019 767 distinguere,
1057 699 1281 758 traam
1315 688 2030 753 omnimodacertitudine
2056 715 2157 753 seu
2196 692 2437 752 certitu-

304 777 447 838 dine
485 779 620 840 fidei
665 783 857 863 quoad
889 806 1092 844 omnes
1125 785 1498 869 singulosque
1534 786 1714 846 libros
1736 833 1752 862 ,
1797 811 1926 870 neq.
1970 789 2242 871 Alioquin
2274 786 2438 846 nulla

307 896 569 958 unquam
596 880 883 940 extitisset
913 881 1070 941 inter
1109 882 1264 965 ipsos
1309 882 1695 967 discrepantia
1727 885 1877 944 circa
1916 887 2326 965 gravissimum
2372 905 2437 944 ac

305 973 649 1053 primarium
695 976 853 1037 hunc
903 979 1247 1057 articulum,
1285 1003 1316 1040 a
1355 1002 1471 1063 quo
1503 981 1764 1064 partialis
1804 980 2012 1041 saltem
2063 981 2198 1042 fidei
2239 980 2438 1062 regula

305 1068 593 1150 pendent.

391 1166 531 1227 140.
581 1168 669 1229 Ad
700 1170 803 1247 1¹1¹,
834 1171 985 1252 Ney.
1014 1170 1346 1231 Ridiculum
1381 1194 1521 1233 sane
1551 1184 1641 1234 est
1670 1184 1974 1256 tamquam
2003 1172 2218 1235 divinae
2252 1172 2441 1254 inspi-

302 1263 545 1323 rationis
596 1266 892 1326 criterium
935 1279 1192 1328 statuere
1239 1268 1498 1349 linguam
1541 1268 1876 1329 hebraicam
1905 1315 1919 1344 ,
1969 1270 2133 1351 quasi
2172 1267 2443 1330 videlicet

303 1361 458 1420 Deus
488 1361 647 1421 haud
682 1365 941 1445 potuerit
981 1385 1160 1444 graeca
1192 1364 1393 1445 lingua
1429 1365 1751 1426 scribentes
1780 1365 1976 1426 afflare
2000 1412 2015 1441 ,
2055 1364 2443 1448 quemadmo-

301 1454 449 1517 dum
484 1457 593 1518 hac
627 1459 750 1541 ipsa
787 1460 1108 1542 Scriptores
1136 1460 1425 1521 librorum
1451 1464 1602 1525 Novi
1626 1464 1783 1523 Test.
1814 1463 2147 1544 inspiravit.
2187 1459 2358 1535 Quod
2395 1461 2444 1519 si

305 1552 439 1613 huic
468 1566 619 1614 esset
642 1555 1032 1614 insistendum
1057 1558 1288 1616 criterio
1305 1602 1322 1634 ,
1357 1558 1745 1641 paraphrases
1772 1580 1978 1618 omnes
2007 1558 2263 1639 antiquae
2288 1554 2443 1615 chal-

303 1649 478 1711 daicae
498 1695 516 1727 ‚
544 1651 806 1733 itemque
842 1651 974 1712 libri
1009 1652 1352 1713 thalmudici
1380 1676 1569 1714 sacros
1590 1655 1746 1715 inter
1773 1654 1953 1714 libros
1980 1653 2223 1712 omnino
2248 1662 2444 1712 essent

303 1747 596 1807 referendi
632 1748 744 1829 (2).
783 1748 951 1823 Quod
982 1771 1123 1810 vero
1146 1749 1219 1810 de
1247 1749 1412 1810 libris
1444 1751 1743 1834 inspiratis
1769 1751 2035 1830 adJ'icitur
2069 1749 2333 1810 admissis
2367 1747 2441 1807 ab

303 1841 565 1904 Hehraeis
582 1890 598 1919 ,
618 1848 742 1923 jam
770 1846 1135 1927 reposuimus
1155 1893 1171 1922 ,
1200 1848 1372 1907 unico
1399 1847 1460 1906 id
1483 1849 1518 1907 J
1523 1836 1726 1930 osephi
1749 1847 2085 1907 testimonio
2112 1846 2219 1905 niti
2241 1892 2257 1922 5
2280 1848 2441 1923 cujus

305 1938 546 2020 quidem
575 1942 921 2019 auctoritaS‚
949 1944 1035 2002 uti
1063 1944 1485 2005 animadvertit
1517 1947 1697 2005 etiam
1732 1944 2058 2017 Michaelis,
2093 1942 2166 2003 ad
2191 1941 2443 2024 inspira-

305 2035 528 2096 tionem
563 2036 848 2098 librorum
882 2040 1007 2099 Vet.
1038 2041 1195 2100 Test.
1235 2041 1609 2101 asserendam
1639 2042 1882 2100 minime
1912 2040 2124 2098 sufficit
2153 2038 2264 2118 (3).

389 2132 523 2193 141.
571 2133 661 2194 Ad
682 2136 805 2211 2¹¹¹,
843 2135 995 2218 Neq.
1040 2137 1324 2197 Formulae
1361 2138 1558 2213 enim,
1602 2160 1744 2220 quas
1783 2137 2051 2195 Christus
2084 2146 2144 2194 et
2179 2131 2441 2215 Apostoli

303 2228 627 2292 adhibuere
647 2278 662 2308 ,
692 2255 850 2313 vagae
878 2255 944 2292 ac
976 2235 1274 2314 generales
1304 2246 1475 2311 sunt,
1504 2233 1661 2317 quod
1689 2236 1867 2293 etiam
1897 2231 2071 2315 paulo
2095 2241 2232 2290 ante
2255 2227 2442 2288 adno-

303 2328 594 2404 tavimus3
623 2341 683 2389 et
712 2330 1219 2412 quemadmodum
1246 2353 1319 2391 ex
1342 2331 1459 2390 illis
1485 2332 1693 2413 nequit
1721 2352 1910 2389 canon
1937 2328 2203 2388 omnium
2233 2337 2292 2385 et
2317 2325 2442 2383 sin-

303 2422 577 2504 gulorum
611 2424 902 2486 librorum
924 2428 1160 2505 confici,
1187 2427 1263 2487 sic
1285 2449 1476 2511 neque
1499 2428 1764 2486 omnium
1791 2436 1985 2509 potest
2006 2435 2066 2485 et
2080 2421 2442 2503 singulorum

374 2673 442 2738 (1)
484 2674 617 2724 [bid.

377 2757 443 2820 (2)
481 2756 727 2806 Nonnullae
755 2764 909 2824 partes
932 2757 1157 2806 librorum
1179 2765 1334 2821 proto·

307 2842 632 2888 canonicorum
646 2841 803 2905 lingua
817 2841 1054 2889 chaldaica
1067 2841 1345 2903 conscriptae⁴

308 2934 417 2972 sunt
447 2941 460 2972 :
494 2924 616 2972 Dan.
635 2941 697 2986 11,
717 2921 803 2988 407
826 2963 838 2985 ‚
873 2922 969 2986 283
998 2923 1163 2971 1Esdr.
1184 2941 1255 2983 iv,
1276 2919 1332 2980 83

308 3017 370 3054 vii
391 3044 403 3065 ‚
444 3024 660 3075 193v1n‚
698 3023 876 3074 11-27,
904 3017 949 3055 et
970 3006 1220 3063 Jerem.x‚
1254 3021 1331 3053 11.

308 3087 402 3136 Aut
427 3091 567 3154 igitur
594 3090 762 3155 linguae
781 3091 1007 3139 hebraicae
1026 3090 1218 3137 nomine
1245 3090 1336 3153 sig-

308 3172 500 3220 nificant
532 3174 774 3223 adversarii
810 3174 1020 3238 linguam
1065 3171 1333 3219 hebraicam

309 3256 492 3318 proprie
524 3255 695 3304 dictam
716 3292 729 3315 ‚
767 3267 812 3305 et
840 3259 891 3304 in
914 3256 1002 3303 hac
1032 3254 1282 3320 hypothesi
1311 3271 1335 3301 e

310 3353 449 3384 censu
468 3334 711 3402 Scripturae
729 3341 962 3403 inspiratae
984 3337 1205 3386 deberent
1227 3354 1334 3402 par-

311 3429 377 3468 tes
406 3419 490 3468 has
517 3437 678 3469 omnes
713 3439 973 3487 expungere
995 3437 1009 3480 ;
1036 3430 1115 3467 aut
1136 3419 1226 3467 late
1255 3437 1335 3466 su-

312 3511 448 3550 munt
490 3519 571 3568 pro
613 3504 770 3570 lingua
810 3508 949 3552 etiam
986 3503 1221 3551 chaldaica
1258 3511 1340 3550 aut

313 3586 683 3651 syro-chaldaica
708 3588 803 3635 sive
835 3602 1049 3645 aramaea‚
1082 3594 1339 3651 proutpas-

319 3673 407 3718 sim
436 3671 658 3720 hebraicae
671 3670 839 3736 linguae
852 3673 1042 3719 nomine
1060 3670 1229 3734 linguae
1247 3669 1339 3717 illae

1420 2675 1725 2738 designantur
1755 2675 1804 2719 in
1834 2671 1952 2719 Nov.
1983 2670 2133 2729 Test.,
2156 2679 2201 2718 et
2219 2672 2269 2717 111
2287 2669 2355 2717 hae
2373 2668 2442 2716 al·

1417 2766 1512 2804 tera
1549 2756 1791 2820 hypothesi
1835 2755 1966 2802 nulla
2009 2755 2122 2801 ratio
2164 2762 2265 2811 est,
2301 2770 2441 2819 quare

1415 2839 1507 2886 hoc
1550 2839 1677 2886 idem
1730 2840 1966 2886 criterium
2013 2837 2071 2884 ad
2117 2835 2442 2900 significandos

1415 2924 1556 2971 libros
1601 2923 1827 2970 divinitus
1862 2923 2106 2987 inspiratos
2149 2938 2246 2968 non
2280 2919 2444 2967 debeat

1414 3006 1515 3054 aliis
1548 3004 1677 3052 libris
1713 3005 2170 3052 deutero-canonicis
2193 3038 2207 3062 ‚
2234 3002 2320 3049 hac
2347 3001 2440 3048 lin-

1415 3106 1501 3153 gua
1529 3089 1722 3136 exaratis
1744 3124 1757 3142 ‚
1787 3086 2039 3152 applicari,
2070 3087 2187 3151 quin
2223 3087 2351 3143 imo,
2373 3084 2441 3131 uti

1415 3170 1622 3217 diximus
1637 3204 1650 3230 ‚
1667 3169 1798 3216 libris
1816 3169 2114 3217 thalmudicis
2134 3177 2177 3215 et
2195 3166 2444 3231 paraphra-

1416 3253 1544 3301 sibus
1573 3252 1821 3300 chaldaicis
1847 3253 2005 3316 aptari.
2026 3250 2153 3298 Adeo
2171 3252 2441 3314 imperitum

1417 3354 1466 3384 se
1503 3334 1676 3400 praebet
1716 3334 1886 3381 Monod
1913 3371 1925 3391 ‚
1971 3333 2084 3380 dum
2132 3334 2242 3379 huic
2280 3331 2443 3396 regulae

1417 3420 1632 3466 innititur
1656 3419 1715 3465 ad
1741 3417 2063 3464 discretionem
2089 3414 2352 3463 faciendam
2371 3416 2443 3461 111-

1419 3511 1489 3551 ter
1523 3499 1666 3549 libros
1694 3502 1940 3564 inspiratos
1965 3508 2009 3547 et
2042 3516 2139 3546 non
2170 3497 2441 3563 inspiratos!

1481 3582 1554 3648 (3)
1593 3582 1706 3631 Loc.
1741 3584 1817 3630 cit.
1848 3599 1951 3647 pag.
1993 3578 2102 3644 114.
