2502 4134
379 161 543 200 mm.
592 160 678 197 ιιι.
723 159 870 197 snc'r.
916 159 956 196 1.
1005 159 1129 197 car.
1177 158 1236 196 u.
1282 158 1351 194 ms
1394 157 1531 195 au·-
1575 156 1712 196 cum.
1758 156 1870 192 mn.
1908 188 1910 191 ,
2068 131 2186 193 489

149 306 292 365 219.
339 302 766 371 Concludamus
804 303 979 382 igitur
998 347 1014 376 ,
1059 301 1626 361 demonstrationem
1645 344 1662 376 ‚
1705 303 1865 376 cujus
1892 317 2075 379 capax
2099 309 2188 356 est

71 401 284 461 veritas
312 398 448 458 fidei
468 444 483 473 ⁷
516 409 616 456 aut
639 396 933 457 motivum
963 395 1373 477 quodcumque
1393 393 1793 454 credibilitatis
1813 413 1933 450 non
1957 390 2188 450 officere

71 494 325 553 libertati
363 493 480 567 illi,
526 514 641 573 qua
685 491 955 554 voluntas
1008 501 1205 549 actum
1241 489 1377 548 fidei
1418 489 1708 570 imperare
1748 486 1962 562 debet,
2013 496 2188 569 prout

70 587 496 648 ostendendum
532 586 700 646 nobis
731 586 1161 667 proposuimus,

890 786 949 827 DI
954 785 1377 827 FFICULTATES.

149 961 289 1019 220.
338 957 475 1037 Obj.
521 956 864 1017 Nullatenus
906 956 1221 1016 consistere
1262 965 1658 1036 potestactus
1699 954 1833 1016 fidei
1862 954 2013 1016 liber
2050 975 2188 1015 cum

68 1054 291 1133 obJ‘ecto
330 1055 632 1116 evidenter
669 1053 923 1135 cognito,
963 1054 1026 1111 1⁰
1055 1051 1365 1112 Evidentia
1411 1051 1569 1110 enim
1595 1096 1610 1126 a
1642 1051 1767 1132 ipso
1808 1052 2074 1112 Suaresio
2094 1051 2186 1111 fa-

68 1160 231 1210 tente
253 1195 268 1225 ,
311 1150 461 1229 cogit
495 1152 920 1208 convictionem
949 1147 1064 1227 (l).
1091 1148 1225 1206 Jam
1265 1167 1405 1207 vero
1429 1145 1588 1221 idem
1619 1144 1733 1205 dici
1763 1145 1939 1205 debet
1962 1146 2037 1206 de
2062 1147 2188 1207 evi-

68 1244 266 1303 dentia
288 1289 303 1318 ‚
329 1265 455 1325 quae
472 1254 739 1304 versatur
754 1242 901 1300 circa
919 1240 1318 1300 credibilitatis
1338 1241 1580 1301 motiva.
1606 1242 1757 1299 Nam
1774 1286 1790 1316 ‚
1815 1243 1861 1299 si
1885 1238 2186 1301 evidentia

62 1339 213 1419 cogit
245 1336 661 1399 invincibiliter
694 1336 1126 1398 convictionem
1159 1336 1308 1395 circa
1334 1334 1626 1413 objectum
1648 1335 1954 1395 evidenter
1984 1337 2186 1416 >cogni-

64 1443 226 1505 tum.,
255 1453 378 1489 non
420 1433 616 1489 minus
655 1451 784 1489 eam
819 1441 982 1508 coget
1021 1430 1167 1488 circa
1206 1429 1429 1489 motiva
1459 1427 1856 1489 credibilitatis
1886 1429 2187 1492 evidenter

63 1525 311 1605 cognita.
358 1524 494 1585 Ideo
531 1523 697 1584 nullo
723 1523 901 1583 modo
941 1532 1135 1605 potest
1168 1544 1291 1583 esse
1320 1522 1470 1582 liber
1507 1544 1805 1598 assensuS‚
1841 1525 1942 1605 qui
1974 1524 2185 1585 exinde

64 1621 353 1680 emittitur
374 1666 388 1694 ,
415 1641 523 1680 nec
540 1630 850 1702 propterea
874 1618 1224 1678 meritorius,
1248 1619 1316 1676 20
1333 1617 1559 1678 Deinde
1584 1663 1600 1693 ‚
1633 1640 1745 1700 qua
1764 1620 1994 1679 ratione
2017 1620 2183 1695 fides,

64 1737 164 1774 seu
187 1715 324 1774 fidei
346 1714 639 1793 objectum
670 1715 854 1796 possit
876 1735 999 1773 esse
1025 1712 1333 1775 evidenter
1356 1712 1633 1772 credibile
1653 1759 1669 1788 .,
1705 1714 1929 1796 concipi
1953 1716 2181 1796 nequit.

64 1809 362 1891 Siquidem
397 1809 493 1871 vel
527 1808 749 1891 aliquid
781 1808 1088 1870 evidenter
1113 1807 1391 1868 credibile
1416 1808 1628 1868 dicitur
1662 1808 1736 1868 ob
1770 1808 1944 1869 fidem
1972 1809 2185 1870 huma-

64 1926 203 1963 nam
225 1926 325 1964 seu
361 1904 691 1964 naturalem
714 1947 731 1974 ,
763 1925 876 1985 qua
907 1903 1038 1984 quis
1069 1903 1362 1983 cognoscit
1389 1903 1611 1964 motiva
1635 1903 2035 1964 credibilitatis
2059 1926 2185 1965 esse

62 2000 127 2058 in
148 2021 208 2058 se
231 1998 523 2060 evidentia
545 2044 561 2073 .,
584 1997 680 2060 vel
703 1997 777 2057 ob
797 1997 976 2058 fidem
993 1997 1275 2058 divinam.
1298 1999 1476 2057 Porro
1498 1998 1546 2057 si
1561 1999 1820 2081 primum
1838 1999 2181 2074 adstruitur,

63 2106 223 2157 actus
241 2141 258 2171 ‚
303 2096 403 2177 qui
427 2094 731 2155 eliceretur
749 2139 766 2170 .,
804 2105 956 2154 esset
983 2092 1118 2154 fidei
1142 2104 1373 2153 tantum
1399 2093 1676 2154 humanae
1701 2140 1716 2168 ,
1755 2094 1942 2176 qualis
1967 2116 2185 2178 nempe

61 2188 134 2250 de
183 2190 307 2250 aliis
349 2191 524 2250 etiam
577 2189 847 2249 humanis
886 2187 1123 2266 obJectis
1162 2188 1511 2248 naturaliter
1565 2188 1835 2249 habetur.
1876 2192 2186 2272 Repugnat

61 2296 259 2344 autem
302 2285 621 2366 posterius,
668 2285 801 2366 quia
852 2283 1009 2366 quod
1046 2283 1268 2365 aliquid
1295 2283 1371 2342 sit
1410 2282 1718 2345 evidenter
1759 2283 2037 2344 credibile
2065 2284 2181 2344 fide

64 2378 263 2441 divina
315 2381 521 2462 nequit
569 2379 862 2461 supponi,
925 2399 1058 2438 cum
1099 2378 1212 2438 hoc
1247 2377 1472 2437 donum
1519 2378 1595 2437 sit
1634 2379 1976 2455 internum,
2024 2378 2184 2461 quod

61 2474 309 2555 proinde
355 2497 477 2535 esse
518 2476 724 2557 nequit
748 2473 1054 2536 evidenter
1092 2472 1394 2534 credibile.
1438 2475 1605 2555 Ergo,

143 2570 285 2630 221.
328 2572 502 2653 Resp.
543 2572 701 2630 Dist.
743 2569 984 2648 Objecto
1021 2570 1250 2649 cognito
1288 2568 1396 2628 sub
1434 2570 1660 2630 ratione
1693 2570 1982 2630 evidentis
2002 2574 2073 2630 in
2087 2591 2182 2643 se,

63 2688 220 2727 conc.
236 2688 258 2735 ,·
290 2667 399 2727 sub
445 2668 670 2728 ratione
706 2669 1017 2727 credibilis
1036 2711 1053 2742 ,
1102 2688 1231 2747 neq.
1270 2668 1339 2725 Et
1361 2667 1580 2749 pariter
1603 2667 1678 2726 ad
1707 2668 1787 2727 1¹¹²
1823 2667 1996 2750 prob.
2022 2669 2179 2728 Dist.

63 2761 356 2824 evidentia
397 2761 607 2841 obJecti
641 2763 913 2824 intuitive
953 2762 1165 2842 cogniti
1203 2762 1354 2842 cogit
1395 2761 1791 2839 intellectum,
1833 2774 2048 2832 tran8.,·
2087 2762 2182 2826 vel

62 2878 261 2926 conc.‚·
304 2857 601 2919 evidentia
631 2857 1029 2918 credibilitatis
1052 2904 1068 2931 ,
1111 2880 1243 2938 neq.
1293 2858 1429 2917 Jam
1471 2857 1914 2934 adnotavimu3‚
1954 2856 2180 2935 diversa

67 2953 307 3012 omnino
356 2953 583 3012 ratione
623 2952 1029 3013 disserendum
1066 2973 1191 3013 esse
1237 2952 1313 3014 de
1354 2951 1686 3028 evidentia,
1723 2964 1825 3012 aut
1871 2953 1944 3012 de
1982 2954 2180 3035 cogni-

65 3138 176 3177 sect.
197 3126 228 3176 5
241 3166 254 3189 ‚
274 3148 408 3180 num.
423 3128 456 3178 6
469 3169 483 3193 ,
498 3130 579 3178 ubi
596 3132 714 3179 inter
730 3140 876 3180 cetera
891 3132 1081 3181 scribit:
1165 3130 1382 3177 veritatis
1395 3165 1411 3190 ‚
1436 3132 1482 3177 si
1506 3132 1570 3177 eit
1592 3130 1842 3194 inferioris
1855 3130 2062 3191 ordinis,
2077 3146 2182 3195 ‘non

67 3208 197 3256 Dico
212 3212 481 3276 inprimis,
506 3211 631 3260 hanc
646 3212 937 3260 evidentiam
955 3212 1082 3274 (cre-
1165 3212 1398 3277 impedire
1435 3229 1596 3260 verum
1630 3220 1791 3261 actum
1824 3212 1943 3276 fidei
1970 3213 2181 3278 eiusdem

68 3290 336 3355 dibilitatis)
367 3309 467 3341 non
497 3294 729 3359 impedire
769 3303 929 3342 actum
960 3293 1084 3358 fidei
1166 3295 1419 3355 νεα-ἠπίη
1447 3311 1555 3358 erqo
1584 3294 1731 3343 multo
1762 3297 1927 3342 minue
1954 3294 2183 3360 impediet

65 3374 197 3420 circa
229 3390 302 3420 res
333 3376 404 3422 sic
434 3377 710 3435 credibiles,
752 3379 870 3442 quia
899 3393 1084 3442 semper
1164 3375 1406 3423 evidentia
1446 3375 1814 3438 credibilitatie‚
1857 3393 1963 3441 qum
1998 3392 2182 3441 semper

62 3454 182 3517 fides
206 3457 380 3504 retinet
407 3473 546 3506 suam
575 3462 805 3526 majorem
828 3458 1082 3507 certitudi-
1164 3456 1397 3521 relinquit
1424 3456 1674 3506 obscuram
1698 3460 1946 3508 veritatem
1967 3459 2143 3524 ipsam.
2166 3475 2168 3477 ·

70 3551 179 3583 ‘nem
211 3552 268 3584 ac
289 3537 625 3602 perfectionem
641 3558 664 3601 ‚·
701 3558 814 3590 nam
850 3544 906 3589 in
946 3557 1084 3607 supe·-
1237 3539 1304 3602 (l)
1344 3539 1474 3605 Disp.
1506 3556 1553 3591 v¹
1571 3577 1584 3600 ‚
1608 3551 1719 3592 sect.
1750 3538 1803 3590 8.

70 3618 281 3668 rioribus
301 3620 483 3669 dictum
513 3631 600 3679 eet,
630 3626 776 3674 etiam
793 3624 1083 3674 evidentiam
