2502 4134
887 126 1086 164 TRAC'r.
1135 127 1203 162 DE
1249 126 1402 164 Locis
1446 128 1827 168 THEOLOGICIS.

264 107 380 167 186
450 123 452 125 ·

343 269 489 330 274.
534 270 606 329 40
654 270 736 327 Ex
782 266 872 324 his
918 278 1082 349 patet
1123 266 1364 349 insuper
1404 291 1417 326 ε
1469 270 1530 328 1⁰
1570 292 1879 355 perperam
1907 276 2104 334 James
2135 274 2391 356 aliosque

268 368 667 426 Protestantes
706 362 863 422 inter
912 384 973 422 se
1008 375 1321 445 utramque
1361 363 1680 427 editionem
1728 370 2113 443 commisisse,
2157 369 2402 451 perinde

270 482 334 520 ac
373 461 420 518 si
447 458 556 518 sibi
583 458 834 519 invicem
876 459 1367 535 adversarentur,
1411 471 1584 543 atque
1630 485 1698 537 ex
1741 464 1863 524 solo
1904 476 2045 526 aestu
2079 468 2404 524 Romanam

263 555 572 614 Ecclesiam
604 554 879 637 carpendi
926 578 994 614 eo
1031 555 1309 614 adductos
1351 577 1475 616 esse
1513 557 1623 638 (l)
1658 560 1725 617 20
1756 563 1886 625 Non
1923 584 1995 622 ex
2031 581 2404 644 praepropera

262 643 634 711 festinatione
659 662 719 710 et
748 673 818 712 ex
843 650 1095 734 superbo
1129 652 1421 711 pontificis
1451 653 1607 712 sixti·
1625 655 1859 734 ingenio
1903 658 2122 716 factum
2147 677 2269 716 esse
2292 701 2307 731 a
2340 666 2405 715 ut

263 746 496 806 mendis
533 748 867 808 inficeretur
919 754 1040 826 ejus
1092 747 1267 806 editio
1289 793 1304 822 ,
1347 748 1449 807 sed
1477 770 1615 809 vere
1644 772 1715 809 ex
1742 753 2086 834 typographi
2115 752 2280 834 lapsu
2304 750 2404 810 illa

262 839 565 926 irrepsisse
595 890 611 917 ‚
667 843 878 926 quibus
924 843 1309 903 emendandis
1366 845 1560 903 Sixtus
1612 845 1905 906 chartulas
1951 847 2170 926 glutine
2211 847 2407 929 appli-

266 941 385 999 cuit
410 939 519 1022 (2).
547 939 613 1000 30
636 941 694 999 Si
714 952 931 1023 praeter
953 941 1094 1000 vitia
1125 940 1542 1023 typographica
1572 941 1872 1003 nonnullae
1896 943 2174 1004 lectiones
2198 946 2409 1003 immu-

266 1047 401 1095 tatae
446 1049 586 1095 sunt
633 1036 695 1095 in
737 1037 1093 1097 clementina
1141 1037 1397 1097 editione
1435 1084 1450 1112 7
1504 1037 1565 1096 id
1603 1039 1910 1119 contigisse
1970 1061 2040 1099 ex
2091 1062 2194 1115 en,
2250 1038 2407 1121 quod

266 1130 560 1193 diversam
604 1132 951 1193 methodum
983 1132 1163 1192 secuti
1200 1133 1420 1192 fuerint
1454 1145 1805 1194 correctores
1850 1135 2057 1194 Sixtini
2093 1147 2151 1195 et
2190 1137 2409 1213 Grego-

268 1227 447 1305 riani,
487 1240 690 1310 postea
743 1250 881 1289 vero
927 1230 1101 1289 etiam
1147 1228 1504 1288 Clementini
1552 1229 1680 1308 (3);
1731 1231 1889 1313 quod
1935 1232 2131 1290 innuit
2186 1229 2409 1290 Bellar·

269 1325 464 1384 minus
503 1326 565 1384 in
599 1325 941 1408 praefatione
983 1325 1205 1404 adjecta
1253 1326 1425 1384 sacris
1462 1324 1657 1385 Bibliis
1679 1372 1694 1401 ,
1732 1328 1831 1407 qui
1869 1348 1989 1385 non
2031 1327 2218 1385 solum
2247 1324 2411 1408 praeli

270 1420 411 1480 vitia
438 1421 750 1482 emendata
784 1421 962 1480 tradit
983 1467 998 1495 .,
1035 1421 1138 1480 sed
1165 1423 1474 1480 immutata
1514 1422 1802 1481 nonnulla
1843 1434 2125 1504 praeterea
2154 1421 2324 1481 docet
2347 1422 2411 1479 in

270 1515 641 1578 Clementina
665 1517 923 1577 editione
938 1516 1012 1577 ad
1029 1518 1571 1576 instrumentorum
1602 1518 1781 1577 fidem
1804 1530 1860 1577 et
1880 1517 2285 1578 collectionem
2302 1516 2408 1597 (4),

338 1753 404 1816 (l)
441 1752 612 1818 Ecquis
635 1769 732 1800 non
764 1739 1081 1816 deprehendat
1133 1749 1312 1798 Protes-

270 1827 474 1883 tan¹tium
520 1835 726 1884 furorem
767 1837 817 1882 in
848 1834 1102 1883 Ecclesiam
1151 1834 1309 1882 catho-

269 1917 440 1979 licam,
482 1918 595 1967 dum
648 1917 708 1966 ob
741 1919 891 1983 exigui
938 1918 1163 1966 momenti
1206 1932 1309 1965 cor-

274 2005 502 2051 rectiones
560 2001 675 2049 adeo
737 2001 1037 2049 vehementer
1099 2003 1149 2048 in
1210 2017 1309 2047 eam

274 2080 658 2132 insurrexerunt?
675 2082 765 2148 Qui
796 2093 1011 2148 praeterea
1034 2120 1046 2140 ‚
1073 2084 1312 2130 insanien-

272 2175 342 2217 tes
392 2171 441 2215 in
465 2166 795 2216 Tridentinum
827 2166 1067 2213 decretum
1104 2165 1162 2212 de
1195 2163 1313 2212 Vul-

278 2260 382 2315 gata
403 2249 654 2298 retinenda
684 2259 730 2298 et
758 2248 1077 2305 emendanda,
1102 2247 1179 2294 alii
1196 2246 1313 2295 illud

270 2333 605 2398 prodiqiosum
637 2342 888 2389 vocarunt,
917 2342 968 2379 ut
995 2330 1189 2378 Amama
1209 2367 1221 2389 ‚
1265 2332 1315 2377 in

275 2415 539 2466 Anti-bar.
575 2416 663 2466 lib.
681 2432 696 2462 1
715 2454 727 2475 ‚
765 2432 868 2479 cap.
903 2412 962 2474 5,
986 2402 1088 2479 pag.
1113 2412 1176 2479 37
1196 2450 1208 2470 ‚
1235 2413 1315 2460 alii

274 2501 613 2560 temerarium,
650 2501 717 2546 uti
740 2498 1068 2563 Hoffingerus,
1106 2499 1155 2544 in
1183 2495 1232 2543 T
1230 2495 1313 2543 he-

275 2580 655 2647 sauropkiloloq.
673 2581 757 2629 lib.
774 2599 816 2640 1,
842 2597 946 2644 cap.
964 2579 993 2627 3
1009 2617 1022 2638 ‚
1047 2596 1155 2644 pag.
1191 2578 1313 2650 393,

276 2664 355 2713 alii
395 2664 789 2728 infelicissimam
829 2664 1171 2718 temeritatem,
1235 2677 1313 2724 op.

279 2749 361 2796 cit.
402 2757 522 2811 part.
557 2764 622 2808 11,
674 2765 778 2811 cap.
821 2762 836 2792 1
863 2783 875 2803 ‚
920 2763 1029 2810 pag.
1074 2740 1205 2806 488,
1238 2742 1316 2790 alii

282 2831 687 2897 indiqnissimum
700 2831 902 2895 facinus
917 2864 932 2886 ,
964 2838 1015 2875 ut
1038 2825 1280 2875 Pfeifferus
1299 2864 1313 2885 ‚

285 2916 483 2964 Criticae
507 2930 688 2974 sacroe,
724 2930 827 2978 cap.
850 2927 879 2959 2
900 2898 999 2971 ‚'n.
1029 2909 1059 2958 5
1076 2945 1090 2970 ,
1118 2909 1196 2957 alii
1226 2908 1315 2956 ab·

282 2997 487 3045 cardum
514 3015 566 3046 ac
594 2996 778 3062 salsum
795 3033 809 3057 ‚
838 3005 891 3044 ut
922 2994 1195 3042 Leusdenus
1216 3030 1230 3052 ‚
1259 2994 1311 3039 in

284 3096 363 3144 op.
383 3079 664 3144 Plziloloyus
680 3078 898 3127 hebroeus
914 3078 1099 3124 mixtus
1111 3109 1127 3135 ,
1147 3075 1256 3123 diss.
1271 3091 1286 3121 1
1300 3112 1313 3133 ‚

289 3179 343 3211 n.
374 3159 440 3220 6,
478 3163 556 3210 alii
586 3163 778 3210 demum
814 3158 1141 3225 blasphemum
1178 3168 1317 3223 atque

286 3246 497 3310 impium
516 3279 532 3303 ,
568 3248 636 3293 uti
671 3244 868 3294 Glasiius
887 3282 900 3305 ,
935 3240 1212 3305 Philoloqia
1235 3257 1315 3287 sa·

288 3344 398 3388 cra,
420 3328 506 3376 lib.
539 3344 555 3375 ι
575 3365 588 3389 ,
627 3339 757 3376 tract.
788 3342 805 3375 1
827 3365 840 3387 ‚
875 3327 987 3375 edit.
1009 3324 1133 3389 Lips.
1162 3322 1314 3387 1705,

289 3412 399 3461 loci.
425 3411 508 3460 32.
539 3408 611 3458 Ad
640 3409 738 3458 haec
773 3411 884 3476 quid
918 3409 1158 3458 dicemus?
1197 3406 1319 3455 Illud

291 3500 448 3560 ipsum
480 3493 605 3559 quod
636 3495 787 3558 regius
820 3493 990 3542 Psaltes
1025 3509 1038 3540 ε
1075 3487 1319 3556 Superbia

294 3594 475 3639 eorum,
488 3578 576 3642 qui
590 3584 633 3624 te
647 3576 867 3640 aderunt,
880 3574 1097 3626 ascendit
1111 3591 1315 3640 semiper.

366 3660 429 3724 (2)
465 3661 683 3710 Attamen
707 3658 807 3725 Hug
828 3698 840 3721 ‚
874 3670 926 3709 ut
952 3657 1318 3708 Protestantibus

1394 1746 1643 1798 velificaret
1667 1787 1682 1808 ‚
1726 1751 1922 1801 scribere
1962 1752 2089 1800 haud
2129 1751 2409 1800 dubitavit:

1395 1833 1535 1880 Mais
1551 1832 1592 1880 le
1605 1830 1922 1899 Saint-Sieqe
1942 1834 2123 1883 voulait
2140 1852 2188 1883 se
2208 1838 2416 1882 reservet·
2492 1874 2498 1884 .

1393 1934 1444 1964 ce
1461 1915 1658 1965 travail.
1682 1915 1772 1966 Pie
1798 1935 1843 1965 iv
1873 1927 1917 1966 et
1944 1916 2034 1966 Pie
2050 1937 2077 1966 v
2097 1918 2141 1966 le
2162 1919 2416 1982 confierent

1355 2062 1359 2066 .
1394 2000 1425 2046 ὰ
1454 1998 1535 2046 des
1563 2001 1926 2064 conqreqati'ons
1956 2005 2192 2047 nominee-3
2215 2000 2339 2047 dans
2362 2016 2417 2048 ce

1394 2080 1496 2130 but.
1526 2078 1664 2131 Sixte
1697 2100 1753 2144 v,
1782 2081 1898 2143 dont
1927 2080 1973 2127 Ia
2002 2081 2263 2130 bouillante
2294 2083 2415 2129 acti-

1394 2166 1489 2213 vite
1517 2181 1579 2212 ne
1601 2167 1806 2230 pouvait
1833 2174 2083 2230 supportet·
2105 2181 2203 2211 wne
2225 2163 2416 2212 vuarche

1396 2249 1532 2294 aussi
1553 2246 1703 2307 lente,
1738 2246 1779 2294 le
1796 2247 1854 2309 fit
1869 2252 2224 2312 promptement
2250 2247 2415 2295 termi-

1397 2346 1517 2390 ner,
1564 2338 1608 2377 et
1645 2345 1871 2393 armonya
1908 2346 1959 2376 ce
1995 2329 2156 2376 succes
2186 2346 2287 2395 par
2320 2345 2417 2377 une

1398 2412 1523 2460 balle
1562 2412 1629 2459 du
1655 2414 1873 2478 premier
1906 2415 2053 2460 Mars
2095 2409 2242 2478 1589.
2279 2412 2416 2476 Apud

1399 2495 1545 2544 Celer.
1566 2511 1675 2562 pag.
1696 2511 1811 2544 202.
1831 2495 1931 2542 Hoc
1957 2513 2060 2544 vere
2085 2505 2154 2543 est
2181 2495 2416 2542 historiam

1399 2577 1600 2627 scribere
1642 2595 1672 2625 a
1702 2579 1881 2643 priori.
1923 2576 2013 2624 Hic
2038 2586 2261 2641 -praeterea
2294 2576 2415 2626 ibid.

1400 2660 1561 2714 subdit
1590 2677 1603 2708 :
1640 2642 2021 2720 .L'instractioii‚
2061 2657 2107 2705 la
2142 2658 2419 2707 vehemevwe

1399 2755 1441 2792 et
1461 2743 1691 2809 l'orqueil
1709 2744 1765 2790 de
1783 2740 1920 2793 Sixte
1942 2742 2140 2790 revident
2157 2759 2293 2790 assez
2305 2758 2419 2808 pro-

1397 2826 1529 2876 bable
1543 2862 1559 2887 ,
1593 2843 1682 2891 que
1701 2824 1818 2891 plus
1839 2827 1983 2872 d'une
2005 2825 2103 2889 fois
2121 2824 2162 2872 il
2175 2826 2419 2872 contraria

1398 2909 1464 2959 les
1509 2916 1796 2957 correo-tems
1838 2915 1884 2954 et
1927 2906 2139 2971 chanqea
2180 2907 2418 2970 l'ouvraqe

1397 2992 1762 3056 brusquement‚
1807 2989 1984 3054 malqre
2023 3006 2147 3049 eux,
2185 2996 2229 3036 et
2271 2988 2328 3035 de
2363 3004 2418 3035 aa

1391 3091 1567 3143 propre
1590 3073 1740 3121 main.
1771 3072 1897 3122 Itane
1926 3071 2215 3120 catholicus?

1471 3155 1534 3223 (3)
1553 3155 1649 3204 Cfr.
1660 3154 1913 3221 Ungarelli‚
1927 3156 1976 3201 in
1990 3155 2068 3201 cit.
2091 3149 2279 3215 Proleq.
2293 3149 2317 3217 g
2332 3149 2415 3215 24.

1471 3241 1537 3305 (14)
1577 3239 1647 3287 En
1661 3242 1760 3304 ejus
1777 3238 1940 3296 verba,
1960 3253 2012 3283 ex
2030 3234 2162 3298 praei'.
2181 3234 2238 3281 ad
2253 3234 2416 3282 lector.

1401 3322 1635 3390 praemissa
1675 3321 1788 3370 edit.
1826 3318 2126 3368 Clementinae
2164 3333 2178 3365 ε
2212 3315 2285 3364 Et
2315 3333 2421 3364 vero

1398 3407 1621 3472 quamvis
1657 3406 1715 3451 in
1755 3402 1845 3449 hac
1888 3397 2163 3448 Bibliorum
2203 3399 2419 3463 recoqni·

1398 3490 1528 3537 tione
1545 3521 1561 3549 ,
1591 3487 1648 3534 in
1662 3482 1909 3533 codicibus
1925 3479 2043 3530 Mas.
2062 3481 2285 3542 hebroeis,
2301 3498 2426 3546 qrae-

1398 3573 1562 3635 cisque
1587 3566 1803 3633 fontibus
1822 3603 1832 3619 .
1867 3574 1911 3613 et
1937 3566 2060 3631 ipsis
2091 3572 2303 3613 veteram
2321 3562 2426 3612 Pa-

1402 3663 1531 3703 trum
1565 3650 1925 3700 commentariis
1957 3647 2288 3713 conserendis,
2328 3661 2426 3694 non
