2502 4134
279 115 404 174 242
903 131 1100 168 mser.
1137 133 1204 168 »Β
1250 131 1398 170 Locis
1441 133 1817 170 innotoelms.

276 277 584 338 adducere.
649 277 848 355 Itaque
900 270 1118 331 Planck
1162 294 1175 329 ι
1226 273 1296 330 Si
1336 277 1791 351 reformatores,
1844 275 2073 356 inquit,
2129 275 2198 332 id
2237 295 2407 332 omne

274 375 730 454 praevidissent,
767 370 931 448 quod
972 369 1402 427 includebatur
1434 372 1503 427 in
1529 371 1628 427 illo
1653 375 1991 450 principie,
2025 371 2186 449 quod
2204 370 2414 428 Biblia

283 474 409 530 sint
440 471 585 546 fons
622 467 841 524 unicus
869 465 1052 543 fidei,
1096 484 1412 543 omnesque
1450 468 1659 543 maqni
1711 466 1896 543 liujus
1935 468 2247 545 principii
2282 485 2414 523 con·

284 568 640 631 secutiones,
694 582 886 639 supra
933 560 1095 639 quod
1137 559 1438 618 Lucherus
1474 564 1687 620 statuit
1727 571 1979 639 systema
2021 582 2201 619 snum
2218 605 2240 632 ,
2290 571 2416 618 tam

284 661 381 718 illi
405 679 592 737 quam
620 657 922 713 Lutlzerus
950 657 1305 712 maluissent
1327 657 1386 712 ei
1405 659 1772 714 renunciare
1801 653 1914 734 (l).
1950 657 2004 713 M
2012 655 2260 714 unscher
2281 677 2417 715 vero

286 753 486 815 scribit
513 775 527 810 τ
571 754 749 812 Patet
776 773 847 810 ea·
870 753 1152 809 omnibns
1173 750 1704 830 disquisitionibus
1718 794 1740 821 ,
1777 772 1930 829 quas
1962 751 2248 810 hactenus
2264 755 2417 830 feci-

290 872 464 922 mus,
510 850 912 907 Protestantes
923 891 945 918 ,
985 847 1135 905 dum
1162 868 1220 905 se
1250 847 1529 906 adversus
1562 847 1916 906 traditiones
1940 847 2278 915 declarant,
2300 867 2422 905 non

293 947 514 1005 habere
533 964 651 1023 pro
678 965 734 1002 se
760 944 1117 1021 impartiale
1154 946 1561 1001 testimonium
1589 943 1873 1002 historice.
1916 942 2186 1001 Ecclesia
2221 940 2424 999 cath-o—

289 1043 411 1100 lica
431 1045 586 1119 jure
628 1042 839 1097 merito
878 1039 1178 1116 affirmat,
1226 1039 1614 1097 traditionem
1670 1059 1962 1117 magnam
2011 1044 2427 1096 auctoritatem

280 1158 466 1217 penes
488 1137 726 1215 primos
763 1134 1043 1192 hahuisse
1077 1134 1278 1211 fideles
1304 1132 1419 1210 (2).
1465 1131 1754 1191 Delbruck
1777 1178 1792 1205 7
1826 1132 2114 1213 professor
2140 1134 2425 1213 Bonnen-

293 1232 367 1290 5ἰ5
402 1254 415 1290 :
461 1231 724 1298 Paucis,
748 1228 942 1310 inquit
961 1274 976 1301 .‚
1011 1231 1123 1310 qui
1146 1249 1260 1306 per
1289 1230 1479 1286 solum
1506 1229 1843 1308 Scripturae
1868 1238 2093 1285 temtum
2116 1230 2187 1285 in
2209 1229 2430 1286 ultima

294 1329 544 1407 analysi
573 1327 975 1384 determinare
994 1324 1178 1402 fidem
1206 1324 1541 1392 contendit,
1574 1344 1710 1382 eam
1740 1325 1918 1382 talem
1942 1324 2153 1401 efficere
2179 1325 2431 1392 nititur,

297 1425 501 1504 qualis
525 1426 787 1500 etjuoeta
826 1430 1118 1477 naturam
1162 1441 1340 1477 suam
1373 1440 1488 1477 esse
1511 1440 1631 1477 non
1647 1429 1863 1498 potest,
1889 1430 1944 1476 et
1954 1422 2150 1496 juata
2173 1420 2436 1477 Domini

296 1523 689 1580 intentionem
744 1538 861 1576 esse
914 1537 1035 1575 uon
1087 1517 1276 1584 dehet,
1335 1527 1420 1584 et,
1457 1526 1647 1594 prout
1692 1521 1945 1594 ipsamet
1980 1516 2277 1588 declarat,
2315 1536 2434 1574 esse

297 1639 419 1676 non
450 1617 609 1684 vult,
644 1625 702 1672 et
730 1616 962 1692 primis
1005 1613 1361 1670 christianae
1402 1615 1496 1669 rei
1537 1614 1744 1688 aureis
1775 1611 2142 1690 temporibus
2167 1612 2435 1690 profecto

301 1733 421 1770 non
460 1714 595 1789 fuit
627 1708 735 1790 (3).
772 1706 1088 1765 Theremin
1119 1728 1132 1763 :
1166 1707 1406 1783 Duplex
1448 1706 1545 1763 hic
1590 1706 1867 1784 scopulus
1902 1706 1924 1783 (
1963 1704 2344 1764 rationalismi
2378 1715 2437 1764 et

300 1804 647 1889 mysticismi
682 1804 703 1883 )
749 1804 1051 1860 declinari
1081 1804 1317 1880 nequit,
1358 1803 1484 1858 nisi
1507 1803 1753 1879 fortiter
1786 1804 1844 1858 ei
1869 1801 2217 1860 inlioere‘ndo
2235 1843 2255 1871 ,
2283 1802 2443 1881 quod

301 1914 492 1981 tanqu
507 1922 610 1958 am
631 1903 854 1958 veritas
876 1899 1096 1956 divina
1121 1897 1202 1955 ad
1209 1900 1460 1955 missu-m
1491 1907 1574 1955 est
1589 1899 1815 1975 primis
1835 1898 2286 1957 christianismi
2298 1909 2438 1957 tem·

295 1998 590 2077 poribus,
627 1995 697 2053 id
728 2005 815 2053 est
836 2039 850 2066 ,
900 1995 1227 2051 traditioni
1250 1992 1536 2051 Ecclesiae
1569 1991 1677 2072 (4).
1719 1992 1811 2051 Sic
1839 1992 1935 2050 alii
1976 1993 2188 2073 passim
2228 2014 2439 2070 magno

306 2113 558 2150 numero
586 2090 676 2168 (5)
698 2114 713 2162 ς
744 2088 1114 2169 potissimum
1147 2108 1283 2145 vero
1308 2086 1654 2147 universitas
1676 2085 2025 2147 Oxoniensis
2044 2133 2059 2161 a
2093 2091 2251 2165 cujus
2271 2087 2438 2169 plura

308 2186 574 2247 membra
632 2185 717 2244 his
756 2185 926 2243 annis
973 2205 1147 2265 opera
1201 2182 1510 2242 ediderunt
1558 2182 1632 2242 ad
1673 2183 2009 2243 divinarum
2057 2183 2440 2243 traditionum

315 2283 720 2343 necessitatem
753 2292 810 2338 et
842 2280 1209 2338 existentiam
1246 2277 1732 2360 propugnandam
1760 2325 1773 2352 ,
1804 2291 1863 2337 et
1888 2278 2043 2359 quod
2077 2300 2439 2361 consequens

313 2389 435 2449 est.
468 2376 636 2459 plura
659 2380 784 2454 jam
818 2375 873 2433 vi
911 2373 1242 2432 traditionis
1267 2374 1446 2455 ipsius
1484 2373 1756 2453 dogmata
1789 2373 2110 2432 admittunt
2133 2419 2147 2447 ,
2177 2394 2306 2456 quae
2320 2396 2442 2433 non

313 2476 394 2532 ita
441 2471 673 2554 pridem
721 2469 901 2533 veluti
931 2470 1227 2551 pontificia
1278 2470 1555 2549 figmenta
1587 2469 1928 2546 reJ'iciebant
1963 2470 2074 2550 (6).

398 2567 543 2628 355.
591 2569 733 2640 Quae
763 2587 898 2624 cum
943 2565 1021 2623 ita
1055 2585 1115 2623 se
1149 2564 1444 2640 habeant,
1469 2570 1601 2644 jure
1639 2565 1846 2624 merito
1890 2565 2285 2626 concludimus
2306 2611 2322 2632 .
2348 2588 2447 2625 ne·-

320 2662 563 2722 cessario
608 2661 836 2719 divinas
868 2659 1213 2719 traditiones
1255 2659 1608 2739 dogmaticas
1642 2653 2032 2720 admittendas
2061 2683 2182 2721 esse
2208 2684 2241 2721 a
2267 2663 2441 2721 sacris

390 2882 455 2946 (l)
496 2881 548 2929 In
572 2879 797 2929 Historia
812 2880 1049 2945 dogmatis
1071 2878 1343 2940 lutherani,
1432 2879 1696 2940 irlandais‚
1729 2891 1815 2929 etc.
1855 2880 1978 2929 Paris
2015 2879 2169 2940 1836,
2205 2900 2305 2947 pag.
2348 2881 2444 2945 403

322 2964 416 3012 vol.
458 2980 500 3010 vi
524 3001 535 3020 ‚
572 2981 676 3028 pag.
709 2961 825 3027 705.
1432 2972 1476 3011 et
1502 2981 1630 3029 seqq.

395 3047 462 3109 (2)
503 3044 744 3093 Manuale
776 3044 940 3092 histor.
966 3043 1217 3107 doqmatis.
1501 3045 1566 3108 (6)
1603 3044 1704 3095 Cfr.
1750 3043 1994 3094 Wiseman
2018 3083 2030 3105 ‚
2087 3046 2450 3097 Dissertazione

400 3127 463 3190 (3)
505 3128 562 3175 In
586 3147 664 3194 op.
684 3126 950 3193 Philippus
971 3125 1342 3187 Melanchtlion,
1430 3126 1548 3174 sallo
1582 3135 1701 3175 stato
1740 3126 1916 3174 actuale
1946 3126 2020 3174 del
2046 3130 2447 3179 Protestantismo

328 3208 487 3256 doctor
512 3209 661 3273 fidei,
690 3210 864 3258 Bonnae
898 3206 1042 3259 1826.
1431 3213 1486 3258 in
1530 3207 1854 3275 Inyhilterra,
1899 3210 2042 3259 Roma
2085 3209 2226 3279 2837.
2274 3212 2448 3262 Verum

399 3290 466 3353 (lo)
512 3291 585 3338 De
618 3309 761 3356 reqno
798 3292 926 3353 Dei,
963 3290 1166 3340 Berolini
1199 3289 1343 3340 1823.
1431 3312 1484 3342 ex
1523 3312 1574 3342 eo
1620 3312 1742 3342 anno
1791 3294 1983 3341 ulterius
2027 3294 2179 3342 adhuc
2223 3297 2451 3361 anglicani

404 3372 470 3435 (5)
506 3371 603 3421 Cfr.
633 3373 898 3439 Esslinger‚
934 3390 1090 3438 opusc.
1118 3375 1197 3420 cit·
1219 3373 1352 3439 Apo·
1437 3379 1705 3425 oxonienses
1736 3379 1956 3441 progressi
1993 3388 2133 3436 sunt,
2172 3381 2239 3426 uti
2276 3379 2363 3441 jam
2403 3382 2452 3427 in

341 3452 464 3519 loqie
487 3453 602 3502 dela
620 3454 822 3520 reliqion
841 3454 1130 3522 camelique,
1159 3467 1242 3504 etc.
1259 3455 1284 3522 ξ
1301 3474 1352 3520 25
1439 3461 1584 3524 prima
1613 3459 1751 3524 hujus
1776 3462 2055 3508 tractationis
2088 3472 2213 3526 parte
2238 3479 2332 3509 non
2358 3478 2452 3509 uno

335 3536 452 3584 Baro
473 3537 529 3584 de
543 3536 701 3585 Starck
718 3575 730 3598 ‚
763 3542 809 3586 in
833 3539 1067 3587 Convicio
1092 3537 1353 3600 Theoduli5
1440 3540 1490 3588 in
1519 3540 1618 3588 loco
1647 3540 1903 3589 retulimus.

335 3618 525 3677 Moci-e,
573 3616 794 3683 Voyaqes
834 3619 953 3668 d'un
976 3622 1126 3685 jaune
1167 3621 1351 3668 homme
1409 3607 1412 3609 .
