<?xml version="1.0" encoding="UTF-8"?>
<!DOCTYPE html PUBLIC "-//W3C//DTD XHTML 1.0 Transitional//EN"
    "http://www.w3.org/TR/xhtml1/DTD/xhtml1-transitional.dtd">
<html xmlns="http://www.w3.org/1999/xhtml" xml:lang="en" lang="en">
 <head>
  <title>
</title>
<meta http-equiv="Content-Type" content="text/html;charset=utf-8" />
  <meta name='ocr-system' content='tesseract 3.04.00' />
  <meta name='ocr-capabilities' content='ocr_page ocr_carea ocr_par ocr_line ocrx_word'/>
</head>
<body>
  <div class='ocr_page' id='page_1' title='image "a603693809perruoft_0409.png"; bbox 0 0 2502 4134; ppageno 0'>
   <div class='ocr_carea' id='block_1_1' title="bbox 280 145 2162 207">
    <p class='ocr_par' dir='ltr' id='par_1_1' title="bbox 280 145 2162 207">
     <span class='ocr_line' id='line_1_1' title="bbox 280 145 2162 207; baseline 0.001 -3"><span class='ocrx_word' id='word_1_1' title='bbox 280 167 433 207; x_wconf 69' lang='lat' dir='ltr'><strong>mar.</strong></span> <span class='ocrx_word' id='word_1_2' title='bbox 478 168 565 204; x_wconf 89' lang='lat'>111.</span> <span class='ocrx_word' id='word_1_3' title='bbox 612 164 761 204; x_wconf 68' lang='lat' dir='ltr'><strong>sacr.</strong></span> <span class='ocrx_word' id='word_1_4' title='bbox 810 166 852 201; x_wconf 91' lang='lat'><strong>1.</strong></span> <span class='ocrx_word' id='word_1_5' title='bbox 900 166 1018 205; x_wconf 63' lang='lat' dir='ltr'><strong>car.</strong></span> <span class='ocrx_word' id='word_1_6' title='bbox 1067 169 1105 204; x_wconf 88' lang='lat'><strong>1.</strong></span> <span class='ocrx_word' id='word_1_7' title='bbox 1151 169 1218 204; x_wconf 75' lang='lat' dir='ltr'><strong>nn</strong></span> <span class='ocrx_word' id='word_1_8' title='bbox 1262 167 1392 203; x_wconf 57' lang='lat' dir='ltr'><strong>aar.</strong></span> <span class='ocrx_word' id='word_1_9' title='bbox 1445 167 1572 204; x_wconf 67' lang='grc' dir='ltr'><strong>ΔΜ.</strong></span> <span class='ocrx_word' id='word_1_10' title='bbox 1617 167 1721 204; x_wconf 77' lang='lat' dir='ltr'><strong>Fu).</strong></span> <span class='ocrx_word' id='word_1_11' title='bbox 1764 164 1945 204; x_wconf 75' lang='lat' dir='ltr'><strong>srncr.</strong></span> <span class='ocrx_word' id='word_1_12' title='bbox 2046 145 2162 205; x_wconf 75' lang='lat'><strong>401</strong></span> 
     </span>
    </p>
   </div>
   <div class='ocr_carea' id='block_1_2' title="bbox 71 304 2188 3412">
    <p class='ocr_par' dir='ltr' id='par_1_2' title="bbox 73 304 2170 481">
     <span class='ocr_line' id='line_1_2' title="bbox 75 304 2170 387; baseline 0 -21"><span class='ocrx_word' id='word_1_13' title='bbox 75 305 246 366; x_wconf 89' lang='lat' dir='ltr'><strong>debet</strong></span> <span class='ocrx_word' id='word_1_14' title='bbox 289 307 542 387; x_wconf 87' lang='lat' dir='ltr'><strong>supponi</strong></span> <span class='ocrx_word' id='word_1_15' title='bbox 577 305 794 364; x_wconf 88' lang='lat' dir='ltr'><strong>factum</strong></span> <span class='ocrx_word' id='word_1_16' title='bbox 832 326 951 363; x_wconf 90' lang='lat' dir='ltr'><strong>non</strong></span> <span class='ocrx_word' id='word_1_17' title='bbox 994 306 1187 363; x_wconf 89' lang='lat' dir='ltr'><strong>minus</strong></span> <span class='ocrx_word' id='word_1_18' title='bbox 1229 304 1753 366; x_wconf 81' lang='lat' dir='ltr'><strong>extraordinarium</strong></span> <span class='ocrx_word' id='word_1_19' title='bbox 1775 351 1791 381; x_wconf 83' lang='lat'>,</span> <span class='ocrx_word' id='word_1_20' title='bbox 1832 327 2008 387; x_wconf 88' lang='lat' dir='ltr'><strong>quam</strong></span> <span class='ocrx_word' id='word_1_21' title='bbox 2051 307 2170 366; x_wconf 90' lang='lat' dir='ltr'><strong>sint</strong></span> 
     </span>
     <span class='ocr_line' id='line_1_3' title="bbox 73 398 1281 481; baseline 0 -22"><span class='ocrx_word' id='word_1_22' title='bbox 73 398 346 459; x_wconf 89' lang='lat' dir='ltr'><strong>miracula</strong></span> <span class='ocrx_word' id='word_1_23' title='bbox 389 400 516 480; x_wconf 89' lang='lat' dir='ltr'><strong>ipsa</strong></span> <span class='ocrx_word' id='word_1_24' title='bbox 540 445 556 474; x_wconf 88' lang='lat'><strong>.,</strong></span> <span class='ocrx_word' id='word_1_25' title='bbox 601 421 730 481; x_wconf 84' lang='lat' dir='ltr'><strong>quae</strong></span> <span class='ocrx_word' id='word_1_26' title='bbox 762 398 845 457; x_wconf 91' lang='lat' dir='ltr'><strong>illi</strong></span> <span class='ocrx_word' id='word_1_27' title='bbox 882 399 1143 459; x_wconf 88' lang='lat' dir='ltr'><strong>referunt</strong></span> <span class='ocrx_word' id='word_1_28' title='bbox 1170 399 1281 480; x_wconf 90' lang='lat' dir='ltr'><strong>(l).</strong></span> 
     </span>
    </p>

    <p class='ocr_par' dir='ltr' id='par_1_3' title="bbox 71 492 2188 3129">
     <span class='ocr_line' id='line_1_4' title="bbox 154 492 2171 575; baseline 0.002 -22"><span class='ocrx_word' id='word_1_29' title='bbox 154 496 252 553; x_wconf 89' lang='grc'><strong>99.</strong></span> <span class='ocrx_word' id='word_1_30' title='bbox 299 497 474 575; x_wconf 91' lang='lat' dir='ltr'><strong>Resp.</strong></span> <span class='ocrx_word' id='word_1_31' title='bbox 522 495 674 574; x_wconf 72' lang='lat' dir='ltr'><strong>Neq.</strong></span> <span class='ocrx_word' id='word_1_32' title='bbox 723 493 810 555; x_wconf 89' lang='lat' dir='ltr'><strong>Ad</strong></span> <span class='ocrx_word' id='word_1_33' title='bbox 854 493 1022 575; x_wconf 87' lang='lat' dir='ltr'><strong>prob.</strong></span> <span class='ocrx_word' id='word_1_34' title='bbox 1060 494 1221 554; x_wconf 89' lang='lat' dir='ltr'><strong>Nihil</strong></span> <span class='ocrx_word' id='word_1_35' title='bbox 1271 492 1437 553; x_wconf 91' lang='lat' dir='ltr'><strong>obest</strong></span> <span class='ocrx_word' id='word_1_36' title='bbox 1477 494 1751 554; x_wconf 89' lang='lat' dir='ltr'><strong>miracula</strong></span> <span class='ocrx_word' id='word_1_37' title='bbox 1781 495 1995 557; x_wconf 85' lang='lat' dir='ltr'><strong>divinae</strong></span> <span class='ocrx_word' id='word_1_38' title='bbox 2045 517 2171 557; x_wconf 89' lang='lat' dir='ltr'><strong>esse</strong></span> 
     </span>
     <span class='ocr_line' id='line_1_5' title="bbox 72 587 2174 671; baseline 0.002 -23"><span class='ocrx_word' id='word_1_39' title='bbox 72 589 440 650; x_wconf 85' lang='lat' dir='ltr'><strong>revelationis</strong></span> <span class='ocrx_word' id='word_1_40' title='bbox 472 589 731 667; x_wconf 80' lang='lat' dir='ltr'><strong>objecta3</strong></span> <span class='ocrx_word' id='word_1_41' title='bbox 760 587 894 647; x_wconf 88' lang='lat' dir='ltr'><strong>talia</strong></span> <span class='ocrx_word' id='word_1_42' title='bbox 923 589 1141 670; x_wconf 90' lang='lat' dir='ltr'><strong>quippe</strong></span> <span class='ocrx_word' id='word_1_43' title='bbox 1167 599 1306 647; x_wconf 91' lang='lat' dir='ltr'><strong>sunt</strong></span> <span class='ocrx_word' id='word_1_44' title='bbox 1337 588 1529 669; x_wconf 90' lang='lat' dir='ltr'><strong>quoad</strong></span> <span class='ocrx_word' id='word_1_45' title='bbox 1560 610 1688 664; x_wconf 81' lang='lat' dir='ltr'><strong>eoS.,</strong></span> <span class='ocrx_word' id='word_1_46' title='bbox 1731 590 1829 671; x_wconf 89' lang='lat' dir='ltr'><strong>qui</strong></span> <span class='ocrx_word' id='word_1_47' title='bbox 1844 595 1970 668; x_wconf 89' lang='lat' dir='ltr'><strong>jam</strong></span> <span class='ocrx_word' id='word_1_48' title='bbox 2001 612 2174 653; x_wconf 87' lang='lat' dir='ltr'><strong>reve-</strong></span> 
     </span>
     <span class='ocr_line' id='line_1_6' title="bbox 71 681 2169 764; baseline 0.001 -22"><span class='ocrx_word' id='word_1_49' title='bbox 71 683 275 742; x_wconf 84' lang='lat' dir='ltr'>lationi</span> <span class='ocrx_word' id='word_1_50' title='bbox 313 683 585 758; x_wconf 69' lang='lat' dir='ltr'><strong>credunt‚</strong></span> <span class='ocrx_word' id='word_1_51' title='bbox 623 683 863 742; x_wconf 91' lang='lat' dir='ltr'><strong>minime</strong></span> <span class='ocrx_word' id='word_1_52' title='bbox 889 703 1028 742; x_wconf 82' lang='lat' dir='ltr'><strong>vero</strong></span> <span class='ocrx_word' id='word_1_53' title='bbox 1058 681 1248 763; x_wconf 91' lang='lat' dir='ltr'><strong>quoad</strong></span> <span class='ocrx_word' id='word_1_54' title='bbox 1287 682 1448 758; x_wconf 84' lang='lat' dir='ltr'><strong>illos,</strong></span> <span class='ocrx_word' id='word_1_55' title='bbox 1489 684 1589 764; x_wconf 93' lang='lat' dir='ltr'><strong>qui</strong></span> <span class='ocrx_word' id='word_1_56' title='bbox 1618 683 1882 742; x_wconf 90' lang='lat' dir='ltr'><strong>nondum</strong></span> <span class='ocrx_word' id='word_1_57' title='bbox 1906 685 2169 759; x_wconf 85' lang='lat' dir='ltr'><strong>credunt.</strong></span> 
     </span>
     <span class='ocr_line' id='line_1_7' title="bbox 73 772 2183 861; baseline 0.001 -23"><span class='ocrx_word' id='word_1_58' title='bbox 73 781 184 838; x_wconf 89' lang='lat' dir='ltr'><strong>Pro</strong></span> <span class='ocrx_word' id='word_1_59' title='bbox 231 777 321 836; x_wconf 90' lang='lat' dir='ltr'><strong>his</strong></span> <span class='ocrx_word' id='word_1_60' title='bbox 347 778 504 838; x_wconf 89' lang='lat' dir='ltr'><strong>enim</strong></span> <span class='ocrx_word' id='word_1_61' title='bbox 542 789 680 836; x_wconf 89' lang='lat' dir='ltr'><strong>sunt</strong></span> <span class='ocrx_word' id='word_1_62' title='bbox 720 776 907 835; x_wconf 89' lang='lat' dir='ltr'><strong>solum</strong></span> <span class='ocrx_word' id='word_1_63' title='bbox 934 778 1153 837; x_wconf 90' lang='lat' dir='ltr'><strong>motiva</strong></span> <span class='ocrx_word' id='word_1_64' title='bbox 1187 798 1288 836; x_wconf 91' lang='lat' dir='ltr'><strong>seu</strong></span> <span class='ocrx_word' id='word_1_65' title='bbox 1316 772 1507 836; x_wconf 86' lang='lat' dir='ltr'><strong>media</strong></span> <span class='ocrx_word' id='word_1_66' title='bbox 1528 822 1544 851; x_wconf 74' lang='grc'><em>,</em></span> <span class='ocrx_word' id='word_1_67' title='bbox 1584 777 1794 859; x_wconf 91' lang='lat' dir='ltr'><strong>quibus</strong></span> <span class='ocrx_word' id='word_1_68' title='bbox 1834 799 2183 861; x_wconf 61' lang='lat' dir='ltr'><strong>cognoscere&gt;</strong></span> 
     </span>
     <span class='ocr_line' id='line_1_8' title="bbox 73 871 2177 956; baseline -0 -21"><span class='ocrx_word' id='word_1_69' title='bbox 73 871 309 935; x_wconf 86' lang='lat' dir='ltr'><strong>valeant</strong></span> <span class='ocrx_word' id='word_1_70' title='bbox 338 917 354 946; x_wconf 82' lang='grc'><em>,</em></span> <span class='ocrx_word' id='word_1_71' title='bbox 418 871 867 944; x_wconf 77' lang='lat' dir='ltr'><strong>revelationem,</strong></span> <span class='ocrx_word' id='word_1_72' title='bbox 933 892 1055 952; x_wconf 90' lang='lat' dir='ltr'><strong>quae</strong></span> <span class='ocrx_word' id='word_1_73' title='bbox 1110 871 1218 931; x_wconf 91' lang='lat' dir='ltr'><strong>Dei</strong></span> <span class='ocrx_word' id='word_1_74' title='bbox 1277 871 1517 931; x_wconf 90' lang='lat' dir='ltr'><strong>nomine</strong></span> <span class='ocrx_word' id='word_1_75' title='bbox 1566 873 1944 954; x_wconf 85' lang='lat' dir='ltr'>proponitur,</span> <span class='ocrx_word' id='word_1_76' title='bbox 1987 875 2177 956; x_wconf 89' lang='lat' dir='ltr'><strong>reipsa</strong></span> 
     </span>
     <span class='ocr_line' id='line_1_9' title="bbox 75 963 2171 1048; baseline 0.001 -22"><span class='ocrx_word' id='word_1_77' title='bbox 75 967 333 1030; x_wconf 86' lang='lat' dir='ltr'><strong>divinam</strong></span> <span class='ocrx_word' id='word_1_78' title='bbox 362 987 518 1043; x_wconf 88' lang='lat' dir='ltr'><strong>esse,</strong></span> <span class='ocrx_word' id='word_1_79' title='bbox 549 978 723 1048; x_wconf 92' lang='lat' dir='ltr'><strong>prout</strong></span> <span class='ocrx_word' id='word_1_80' title='bbox 746 966 920 1025; x_wconf 90' lang='lat' dir='ltr'><strong>etiam</strong></span> <span class='ocrx_word' id='word_1_81' title='bbox 946 987 1019 1025; x_wconf 82' lang='lat' dir='ltr'><strong>ex</strong></span> <span class='ocrx_word' id='word_1_82' title='bbox 1040 963 1305 1025; x_wconf 80' lang='lat' dir='ltr'><strong>adductis</strong></span> <span class='ocrx_word' id='word_1_83' title='bbox 1335 967 1391 1025; x_wconf 91' lang='lat' dir='ltr'><strong>S.</strong></span> <span class='ocrx_word' id='word_1_84' title='bbox 1425 965 1664 1030; x_wconf 85' lang='lat' dir='ltr'><strong>Thomae</strong></span> <span class='ocrx_word' id='word_1_85' title='bbox 1695 965 1888 1026; x_wconf 88' lang='lat' dir='ltr'><strong>verbis</strong></span> <span class='ocrx_word' id='word_1_86' title='bbox 1926 978 2171 1028; x_wconf 89' lang='lat' dir='ltr'><strong>constat.</strong></span> 
     </span>
     <span class='ocr_line' id='line_1_10' title="bbox 77 1060 2180 1143; baseline 0.003 -25"><span class='ocrx_word' id='word_1_87' title='bbox 77 1064 278 1143; x_wconf 89' lang='lat' dir='ltr'><strong>Itaque</strong></span> <span class='ocrx_word' id='word_1_88' title='bbox 320 1060 592 1119; x_wconf 87' lang='lat' dir='ltr'><strong>miracula</strong></span> <span class='ocrx_word' id='word_1_89' title='bbox 629 1072 874 1141; x_wconf 85' lang='lat' dir='ltr'><strong>possunt</strong></span> <span class='ocrx_word' id='word_1_90' title='bbox 914 1081 1038 1120; x_wconf 90' lang='lat' dir='ltr'><strong>esse</strong></span> <span class='ocrx_word' id='word_1_91' title='bbox 1071 1071 1132 1119; x_wconf 91' lang='lat' dir='ltr'><strong>et</strong></span> <span class='ocrx_word' id='word_1_92' title='bbox 1165 1064 1386 1119; x_wconf 77' lang='lat' dir='ltr'><strong>motiva</strong></span> <span class='ocrx_word' id='word_1_93' title='bbox 1424 1071 1482 1119; x_wconf 91' lang='lat' dir='ltr'><strong>et</strong></span> <span class='ocrx_word' id='word_1_94' title='bbox 1510 1062 1736 1139; x_wconf 77' lang='lat' dir='ltr'><strong>objecta</strong></span> <span class='ocrx_word' id='word_1_95' title='bbox 1768 1060 1980 1123; x_wconf 88' lang='lat' dir='ltr'><strong>divinae</strong></span> <span class='ocrx_word' id='word_1_96' title='bbox 2018 1084 2180 1125; x_wconf 87' lang='lat' dir='ltr'><strong>reve-</strong></span> 
     </span>
     <span class='ocr_line' id='line_1_11' title="bbox 79 1154 2180 1239; baseline 0.002 -25"><span class='ocrx_word' id='word_1_97' title='bbox 79 1155 346 1229; x_wconf 80' lang='lat' dir='ltr'><strong>lationiS.,</strong></span> <span class='ocrx_word' id='word_1_98' title='bbox 386 1154 486 1214; x_wconf 90' lang='lat' dir='ltr'><strong>sed</strong></span> <span class='ocrx_word' id='word_1_99' title='bbox 518 1154 746 1216; x_wconf 89' lang='lat' dir='ltr'><strong>diverso</strong></span> <span class='ocrx_word' id='word_1_100' title='bbox 778 1154 954 1235; x_wconf 91' lang='lat' dir='ltr'><strong>plane</strong></span> <span class='ocrx_word' id='word_1_101' title='bbox 998 1166 1284 1234; x_wconf 89' lang='lat' dir='ltr'><strong>respectu.</strong></span> <span class='ocrx_word' id='word_1_102' title='bbox 1337 1154 1568 1214; x_wconf 88' lang='lat' dir='ltr'><strong>Falsum</strong></span> <span class='ocrx_word' id='word_1_103' title='bbox 1602 1166 1799 1214; x_wconf 90' lang='lat' dir='ltr'><strong>autem</strong></span> <span class='ocrx_word' id='word_1_104' title='bbox 1842 1168 1962 1231; x_wconf 70' lang='lat' dir='ltr'><strong>est,</strong></span> <span class='ocrx_word' id='word_1_105' title='bbox 2000 1159 2122 1239; x_wconf 90' lang='lat' dir='ltr'><strong>peti</strong></span> <span class='ocrx_word' id='word_1_106' title='bbox 2146 1180 2180 1218; x_wconf 89' lang='lat' dir='ltr'><strong>a</strong></span> 
     </span>
     <span class='ocr_line' id='line_1_12' title="bbox 76 1247 2184 1331; baseline 0.002 -23"><span class='ocrx_word' id='word_1_107' title='bbox 76 1249 242 1309; x_wconf 91' lang='lat' dir='ltr'><strong>nobis</strong></span> <span class='ocrx_word' id='word_1_108' title='bbox 267 1249 621 1331; x_wconf 89' lang='lat' dir='ltr'><strong>principium</strong></span> <span class='ocrx_word' id='word_1_109' title='bbox 645 1293 662 1322; x_wconf 79' lang='lat'>‚</span> <span class='ocrx_word' id='word_1_110' title='bbox 717 1247 858 1307; x_wconf 89' lang='lat' dir='ltr'><strong>dum</strong></span> <span class='ocrx_word' id='word_1_111' title='bbox 889 1248 1234 1307; x_wconf 81' lang='lat' dir='ltr'><strong>assumimus</strong></span> <span class='ocrx_word' id='word_1_112' title='bbox 1286 1248 1563 1307; x_wconf 89' lang='lat' dir='ltr'><strong>mira-cula</strong></span> <span class='ocrx_word' id='word_1_113' title='bbox 1602 1248 1783 1309; x_wconf 90' lang='lat' dir='ltr'><strong>veluti</strong></span> <span class='ocrx_word' id='word_1_114' title='bbox 1818 1251 2036 1313; x_wconf 89' lang='lat' dir='ltr'><strong>motiva</strong></span> <span class='ocrx_word' id='word_1_115' title='bbox 2065 1270 2184 1313; x_wconf 86' lang='lat' dir='ltr'><strong>cre·</strong></span> 
     </span>
     <span class='ocr_line' id='line_1_13' title="bbox 76 1341 2183 1424; baseline 0.001 -21"><span class='ocrx_word' id='word_1_116' title='bbox 76 1344 404 1419; x_wconf 81' lang='lat' dir='ltr'><strong>dibilitatis3</strong></span> <span class='ocrx_word' id='word_1_117' title='bbox 450 1363 558 1401; x_wconf 89' lang='lat' dir='ltr'><strong>nec</strong></span> <span class='ocrx_word' id='word_1_118' title='bbox 591 1341 750 1400; x_wconf 92' lang='lat' dir='ltr'><strong>enim</strong></span> <span class='ocrx_word' id='word_1_119' title='bbox 781 1363 847 1401; x_wconf 89' lang='lat' dir='ltr'><strong>ea</strong></span> <span class='ocrx_word' id='word_1_120' title='bbox 880 1342 1226 1400; x_wconf 82' lang='lat' dir='ltr'><strong>assumimus</strong></span> <span class='ocrx_word' id='word_1_121' title='bbox 1255 1342 1341 1400; x_wconf 91' lang='lat' dir='ltr'><strong>uti</strong></span> <span class='ocrx_word' id='word_1_122' title='bbox 1374 1342 1509 1401; x_wconf 88' lang='lat' dir='ltr'><strong>talia</strong></span> <span class='ocrx_word' id='word_1_123' title='bbox 1530 1387 1547 1417; x_wconf 88' lang='lat'><strong>.,</strong></span> <span class='ocrx_word' id='word_1_124' title='bbox 1601 1353 1886 1424; x_wconf 88' lang='lat' dir='ltr'><strong>quatenus</strong></span> <span class='ocrx_word' id='word_1_125' title='bbox 1935 1344 2008 1404; x_wconf 91' lang='lat' dir='ltr'><strong>ab</strong></span> <span class='ocrx_word' id='word_1_126' title='bbox 2055 1367 2183 1407; x_wconf 91' lang='lat' dir='ltr'><strong>auc·</strong></span> 
     </span>
     <span class='ocr_line' id='line_1_14' title="bbox 74 1436 2179 1519; baseline 0.003 -23"><span class='ocrx_word' id='word_1_127' title='bbox 74 1438 297 1497; x_wconf 89' lang='lat' dir='ltr'><strong>toribus</strong></span> <span class='ocrx_word' id='word_1_128' title='bbox 333 1438 626 1519; x_wconf 84' lang='lat' dir='ltr'><strong>inspiratis</strong></span> <span class='ocrx_word' id='word_1_129' title='bbox 652 1458 717 1495; x_wconf 91' lang='lat' dir='ltr'><strong>ac</strong></span> <span class='ocrx_word' id='word_1_130' title='bbox 754 1449 1065 1519; x_wconf 88' lang='lat' dir='ltr'><strong>propterea</strong></span> <span class='ocrx_word' id='word_1_131' title='bbox 1093 1436 1509 1497; x_wconf 87' lang='lat' dir='ltr'><strong>infallibilitate</strong></span> <span class='ocrx_word' id='word_1_132' title='bbox 1536 1437 1792 1519; x_wconf 87' lang='lat' dir='ltr'><strong>praeditis</strong></span> <span class='ocrx_word' id='word_1_133' title='bbox 1818 1440 2179 1517; x_wconf 80' lang='lat' dir='ltr'><strong>referuntur,</strong></span> 
     </span>
     <span class='ocr_line' id='line_1_15' title="bbox 76 1531 2185 1618; baseline 0.002 -27"><span class='ocrx_word' id='word_1_134' title='bbox 76 1531 179 1592; x_wconf 90' lang='lat' dir='ltr'><strong>sed</strong></span> <span class='ocrx_word' id='word_1_135' title='bbox 209 1532 271 1590; x_wconf 90' lang='lat' dir='ltr'><strong>in</strong></span> <span class='ocrx_word' id='word_1_136' title='bbox 307 1553 368 1590; x_wconf 92' lang='lat' dir='ltr'><strong>se</strong></span> <span class='ocrx_word' id='word_1_137' title='bbox 390 1577 406 1604; x_wconf 75' lang='grc'><em>,</em></span> <span class='ocrx_word' id='word_1_138' title='bbox 441 1552 542 1591; x_wconf 89' lang='lat' dir='ltr'><strong>seu</strong></span> <span class='ocrx_word' id='word_1_139' title='bbox 581 1542 868 1613; x_wconf 88' lang='lat' dir='ltr'><strong>quatenus</strong></span> <span class='ocrx_word' id='word_1_140' title='bbox 899 1531 1022 1592; x_wconf 89' lang='lat' dir='ltr'><strong>visa</strong></span> <span class='ocrx_word' id='word_1_141' title='bbox 1053 1542 1190 1590; x_wconf 90' lang='lat' dir='ltr'><strong>sunt</strong></span> <span class='ocrx_word' id='word_1_142' title='bbox 1219 1543 1279 1591; x_wconf 93' lang='lat' dir='ltr'><strong>et</strong></span> <span class='ocrx_word' id='word_1_143' title='bbox 1308 1531 1486 1591; x_wconf 87' lang='lat' dir='ltr'><strong>oculis</strong></span> <span class='ocrx_word' id='word_1_144' title='bbox 1505 1543 1780 1614; x_wconf 86' lang='lat' dir='ltr'><strong>usurpata</strong></span> <span class='ocrx_word' id='word_1_145' title='bbox 1807 1533 1882 1594; x_wconf 89' lang='lat' dir='ltr'><strong>ab</strong></span> <span class='ocrx_word' id='word_1_146' title='bbox 1903 1535 2005 1609; x_wconf 85' lang='lat' dir='ltr'><strong>iis‚</strong></span> <span class='ocrx_word' id='word_1_147' title='bbox 2043 1537 2185 1618; x_wconf 89' lang='lat' dir='ltr'><strong>qui-</strong></span> 
     </span>
     <span class='ocr_line' id='line_1_16' title="bbox 74 1624 2186 1703; baseline 0.002 -18"><span class='ocrx_word' id='word_1_148' title='bbox 74 1625 183 1685; x_wconf 90' lang='lat' dir='ltr'><strong>bus</strong></span> <span class='ocrx_word' id='word_1_149' title='bbox 206 1625 556 1685; x_wconf 87' lang='lat' dir='ltr'><strong>suadebatur</strong></span> <span class='ocrx_word' id='word_1_150' title='bbox 592 1636 652 1685; x_wconf 91' lang='lat' dir='ltr'><strong>et</strong></span> <span class='ocrx_word' id='word_1_151' title='bbox 683 1624 1102 1686; x_wconf 87' lang='lat' dir='ltr'><strong>ostendebatur</strong></span> <span class='ocrx_word' id='word_1_152' title='bbox 1133 1627 1477 1686; x_wconf 77' lang='lat' dir='ltr'><strong>immediate</strong></span> <span class='ocrx_word' id='word_1_153' title='bbox 1503 1626 1700 1686; x_wconf 89' lang='lat' dir='ltr'><strong>divina</strong></span> <span class='ocrx_word' id='word_1_154' title='bbox 1729 1628 1944 1688; x_wconf 90' lang='lat' dir='ltr'><strong>missio.</strong></span> <span class='ocrx_word' id='word_1_155' title='bbox 1974 1630 2186 1703; x_wconf 80' lang='lat' dir='ltr'><strong>&#39;Quoad</strong></span> 
     </span>
     <span class='ocr_line' id='line_1_17' title="bbox 77 1719 2186 1803; baseline 0.002 -23"><span class='ocrx_word' id='word_1_156' title='bbox 77 1742 172 1780; x_wconf 91' lang='lat' dir='ltr'><strong>eos</strong></span> <span class='ocrx_word' id='word_1_157' title='bbox 209 1741 348 1780; x_wconf 90' lang='lat' dir='ltr'><strong>vero</strong></span> <span class='ocrx_word' id='word_1_158' title='bbox 367 1765 383 1793; x_wconf 77' lang='grc'><em>,</em></span> <span class='ocrx_word' id='word_1_159' title='bbox 421 1721 524 1801; x_wconf 90' lang='lat' dir='ltr'><strong>qui</strong></span> <span class='ocrx_word' id='word_1_160' title='bbox 558 1719 833 1779; x_wconf 85' lang='lat' dir='ltr'><strong>miracula</strong></span> <span class='ocrx_word' id='word_1_161' title='bbox 862 1720 1198 1779; x_wconf 87' lang='lat' dir='ltr'><strong>immediate</strong></span> <span class='ocrx_word' id='word_1_162' title='bbox 1226 1742 1347 1779; x_wconf 93' lang='lat' dir='ltr'><strong>non</strong></span> <span class='ocrx_word' id='word_1_163' title='bbox 1368 1733 1799 1803; x_wconf 82' lang='lat' dir='ltr'><strong>conspexerunt</strong></span> <span class='ocrx_word' id='word_1_164' title='bbox 1819 1768 1834 1797; x_wconf 63' lang='lat'>7</span> <span class='ocrx_word' id='word_1_165' title='bbox 1867 1722 1979 1782; x_wconf 91' lang='lat' dir='ltr'><strong>alio</strong></span> <span class='ocrx_word' id='word_1_166' title='bbox 2005 1724 2186 1785; x_wconf 90' lang='lat' dir='ltr'><strong>iidem</strong></span> 
     </span>
     <span class='ocr_line' id='line_1_18' title="bbox 76 1814 2185 1900; baseline 0.002 -26"><span class='ocrx_word' id='word_1_167' title='bbox 76 1814 250 1875; x_wconf 90' lang='lat' dir='ltr'><strong>modo</strong></span> <span class='ocrx_word' id='word_1_168' title='bbox 283 1826 604 1896; x_wconf 90' lang='lat' dir='ltr'><strong>potuerunt</strong></span> <span class='ocrx_word' id='word_1_169' title='bbox 645 1827 746 1874; x_wconf 90' lang='lat' dir='ltr'><strong>aut</strong></span> <span class='ocrx_word' id='word_1_170' title='bbox 778 1827 1023 1895; x_wconf 90' lang='lat' dir='ltr'><strong>possunt</strong></span> <span class='ocrx_word' id='word_1_171' title='bbox 1061 1815 1332 1874; x_wconf 79' lang='lat' dir='ltr'><strong>certiores</strong></span> <span class='ocrx_word' id='word_1_172' title='bbox 1375 1816 1451 1876; x_wconf 89' lang='lat' dir='ltr'><strong>de</strong></span> <span class='ocrx_word' id='word_1_173' title='bbox 1485 1816 1599 1874; x_wconf 91' lang='lat' dir='ltr'><strong>illis</strong></span> <span class='ocrx_word' id='word_1_174' title='bbox 1636 1817 1796 1892; x_wconf 82' lang='lat' dir='ltr'><strong>fieri,</strong></span> <span class='ocrx_word' id='word_1_175' title='bbox 1829 1839 2047 1900; x_wconf 88' lang='lat' dir='ltr'><strong>nempe</strong></span> <span class='ocrx_word' id='word_1_176' title='bbox 2083 1830 2185 1878; x_wconf 82' lang='lat' dir='ltr'><strong>aut</strong></span> 
     </span>
     <span class='ocr_line' id='line_1_19' title="bbox 75 1910 2180 1994; baseline 0.002 -26"><span class='ocrx_word' id='word_1_177' title='bbox 75 1910 420 1983; x_wconf 74' lang='lat' dir='ltr'><strong>traditione,</strong></span> <span class='ocrx_word' id='word_1_178' title='bbox 460 1921 560 1968; x_wconf 88' lang='lat' dir='ltr'><strong>aut</strong></span> <span class='ocrx_word' id='word_1_179' title='bbox 595 1910 930 1970; x_wconf 88' lang='lat' dir='ltr'><strong>certissimis</strong></span> <span class='ocrx_word' id='word_1_180' title='bbox 974 1910 1261 1968; x_wconf 86' lang='lat' dir='ltr'><strong>historicis</strong></span> <span class='ocrx_word' id='word_1_181' title='bbox 1301 1911 1736 1983; x_wconf 74' lang='lat' dir='ltr'><strong>monumentis,</strong></span> <span class='ocrx_word' id='word_1_182' title='bbox 1780 1923 1880 1970; x_wconf 90' lang='lat' dir='ltr'><strong>aut</strong></span> <span class='ocrx_word' id='word_1_183' title='bbox 1923 1912 2180 1994; x_wconf 89' lang='lat' dir='ltr'><strong>ipsorum</strong></span> 
     </span>
     <span class='ocr_line' id='line_1_20' title="bbox 76 2003 2181 2080; baseline 0.001 -16"><span class='ocrx_word' id='word_1_184' title='bbox 76 2005 429 2064; x_wconf 88' lang='lat' dir='ltr'><strong>confessione</strong></span> <span class='ocrx_word' id='word_1_185' title='bbox 467 2004 966 2078; x_wconf 68' lang='lat' dir='ltr'><strong>adversariorum,</strong></span> <span class='ocrx_word' id='word_1_186' title='bbox 1007 2016 1108 2063; x_wconf 88' lang='lat' dir='ltr'><strong>aut</strong></span> <span class='ocrx_word' id='word_1_187' title='bbox 1141 2005 1474 2064; x_wconf 89' lang='lat' dir='ltr'><strong>testimonio</strong></span> <span class='ocrx_word' id='word_1_188' title='bbox 1524 2003 1784 2064; x_wconf 89' lang='lat' dir='ltr'><strong>fidelium</strong></span> <span class='ocrx_word' id='word_1_189' title='bbox 1812 2049 1830 2080; x_wconf 73' lang='lat'>,</span> <span class='ocrx_word' id='word_1_190' title='bbox 1873 2017 1975 2065; x_wconf 90' lang='lat' dir='ltr'><strong>aut</strong></span> <span class='ocrx_word' id='word_1_191' title='bbox 2004 2007 2181 2067; x_wconf 90' lang='lat' dir='ltr'><strong>etiam</strong></span> 
     </span>
     <span class='ocr_line' id='line_1_21' title="bbox 79 2098 2186 2182; baseline 0 -23"><span class='ocrx_word' id='word_1_192' title='bbox 79 2099 352 2159; x_wconf 91' lang='lat' dir='ltr'><strong>omnibus</strong></span> <span class='ocrx_word' id='word_1_193' title='bbox 392 2100 548 2160; x_wconf 89' lang='lat' dir='ltr'><strong>hisce</strong></span> <span class='ocrx_word' id='word_1_194' title='bbox 595 2099 768 2158; x_wconf 90' lang='lat' dir='ltr'><strong>simul</strong></span> <span class='ocrx_word' id='word_1_195' title='bbox 799 2100 1047 2180; x_wconf 91' lang='lat' dir='ltr'><strong>sumptis</strong></span> <span class='ocrx_word' id='word_1_196' title='bbox 1067 2143 1083 2173; x_wconf 78' lang='grc'><em>,</em></span> <span class='ocrx_word' id='word_1_197' title='bbox 1117 2111 1181 2158; x_wconf 92' lang='lat' dir='ltr'><strong>ut</strong></span> <span class='ocrx_word' id='word_1_198' title='bbox 1205 2121 1309 2158; x_wconf 91' lang='lat' dir='ltr'><strong>suo</strong></span> <span class='ocrx_word' id='word_1_199' title='bbox 1351 2100 1477 2158; x_wconf 92' lang='lat' dir='ltr'><strong>loco</strong></span> <span class='ocrx_word' id='word_1_200' title='bbox 1507 2098 1868 2159; x_wconf 84' lang='lat' dir='ltr'><strong>ostendimus</strong></span> <span class='ocrx_word' id='word_1_201' title='bbox 1901 2100 1992 2181; x_wconf 80' lang='lat'><strong>(2)</strong></span> <span class='ocrx_word' id='word_1_202' title='bbox 2012 2144 2030 2175; x_wconf 75' lang='lat'><strong>‚</strong></span> <span class='ocrx_word' id='word_1_203' title='bbox 2056 2122 2186 2182; x_wconf 84' lang='lat' dir='ltr'><strong>quae</strong></span> 
     </span>
     <span class='ocr_line' id='line_1_22' title="bbox 81 2193 2188 2276; baseline 0.001 -23"><span class='ocrx_word' id='word_1_204' title='bbox 81 2193 360 2253; x_wconf 88' lang='lat' dir='ltr'><strong>moralem</strong></span> <span class='ocrx_word' id='word_1_205' title='bbox 411 2195 821 2253; x_wconf 89' lang='lat' dir='ltr'><strong>certitudinem</strong></span> <span class='ocrx_word' id='word_1_206' title='bbox 871 2194 1106 2276; x_wconf 92' lang='lat' dir='ltr'><strong>proprie</strong></span> <span class='ocrx_word' id='word_1_207' title='bbox 1159 2193 1372 2252; x_wconf 89' lang='lat' dir='ltr'><strong>dictam</strong></span> <span class='ocrx_word' id='word_1_208' title='bbox 1412 2195 1664 2275; x_wconf 90' lang='lat' dir='ltr'><strong>pariant.</strong></span> <span class='ocrx_word' id='word_1_209' title='bbox 1719 2193 1869 2252; x_wconf 91' lang='lat' dir='ltr'><strong>Cum</strong></span> <span class='ocrx_word' id='word_1_210' title='bbox 1911 2214 2047 2255; x_wconf 85' lang='lat' dir='ltr'><strong>vero</strong></span> <span class='ocrx_word' id='word_1_211' title='bbox 2081 2216 2188 2275; x_wconf 90' lang='lat' dir='ltr'><strong>per</strong></span> 
     </span>
     <span class='ocr_line' id='line_1_23' title="bbox 82 2287 2187 2366; baseline 0 -20"><span class='ocrx_word' id='word_1_212' title='bbox 82 2287 363 2366; x_wconf 87' lang='lat' dir='ltr'><strong>ejusmodi</strong></span> <span class='ocrx_word' id='word_1_213' title='bbox 424 2289 832 2347; x_wconf 88' lang='lat' dir='ltr'><strong>certitudinem</strong></span> <span class='ocrx_word' id='word_1_214' title='bbox 893 2287 1072 2347; x_wconf 90' lang='lat' dir='ltr'><strong>semel</strong></span> <span class='ocrx_word' id='word_1_215' title='bbox 1122 2288 1444 2347; x_wconf 86' lang='lat' dir='ltr'><strong>constiterit</strong></span> <span class='ocrx_word' id='word_1_216' title='bbox 1491 2288 1565 2345; x_wconf 87' lang='lat' dir='ltr'><strong>d&#39;e</strong></span> <span class='ocrx_word' id='word_1_217' title='bbox 1617 2288 1858 2349; x_wconf 87' lang='lat' dir='ltr'><strong>veritate</strong></span> <span class='ocrx_word' id='word_1_218' title='bbox 1903 2287 2187 2347; x_wconf 90' lang='lat' dir='ltr'><strong>factorum</strong></span> 
     </span>
     <span class='ocr_line' id='line_1_24' title="bbox 83 2381 2187 2463; baseline 0 -22"><span class='ocrx_word' id='word_1_219' title='bbox 83 2381 670 2443; x_wconf 86' lang='lat' dir='ltr'><strong>extraordinariorum</strong></span> <span class='ocrx_word' id='word_1_220' title='bbox 699 2428 714 2456; x_wconf 72' lang='lat'><strong>‚</strong></span> <span class='ocrx_word' id='word_1_221' title='bbox 763 2403 891 2463; x_wconf 87' lang='lat' dir='ltr'><strong>quae</strong></span> <span class='ocrx_word' id='word_1_222' title='bbox 934 2381 1209 2440; x_wconf 89' lang='lat' dir='ltr'><strong>miracula</strong></span> <span class='ocrx_word' id='word_1_223' title='bbox 1254 2381 1567 2454; x_wconf 75' lang='lat' dir='ltr'><strong>dicuntur,</strong></span> <span class='ocrx_word' id='word_1_224' title='bbox 1616 2382 1932 2460; x_wconf 82' lang='lat' dir='ltr'><strong>assurgitur</strong></span> <span class='ocrx_word' id='word_1_225' title='bbox 1967 2381 2041 2440; x_wconf 88' lang='lat' dir='ltr'><strong>ad</strong></span> <span class='ocrx_word' id='word_1_226' title='bbox 2078 2403 2187 2442; x_wconf 83' lang='lat' dir='ltr'><strong>ex-</strong></span> 
     </span>
     <span class='ocr_line' id='line_1_25' title="bbox 81 2475 2184 2560; baseline -0.001 -23"><span class='ocrx_word' id='word_1_227' title='bbox 81 2476 455 2560; x_wconf 87' lang='lat' dir='ltr'><strong>pendendam</strong></span> <span class='ocrx_word' id='word_1_228' title='bbox 493 2479 868 2537; x_wconf 74' lang='lat' dir='ltr'><strong>rationaliter</strong></span> <span class='ocrx_word' id='word_1_229' title='bbox 906 2475 1140 2534; x_wconf 89' lang='lat' dir='ltr'><strong>illorum</strong></span> <span class='ocrx_word' id='word_1_230' title='bbox 1171 2487 1442 2534; x_wconf 90' lang='lat' dir='ltr'><strong>naturam</strong></span> <span class='ocrx_word' id='word_1_231' title='bbox 1470 2519 1486 2549; x_wconf 80' lang='grc'><em>,</em></span> <span class='ocrx_word' id='word_1_232' title='bbox 1533 2486 1734 2533; x_wconf 85' lang='lat' dir='ltr'><strong>utrum</strong></span> <span class='ocrx_word' id='word_1_233' title='bbox 1768 2496 1981 2555; x_wconf 88' lang='lat' dir='ltr'><strong>nempe</strong></span> <span class='ocrx_word' id='word_1_234' title='bbox 2017 2487 2184 2535; x_wconf 88' lang='lat' dir='ltr'><strong>notas</strong></span> 
     </span>
     <span class='ocr_line' id='line_1_26' title="bbox 82 2568 2187 2650; baseline 0 -20"><span class='ocrx_word' id='word_1_235' title='bbox 82 2572 208 2631; x_wconf 90' lang='lat' dir='ltr'><strong>illas</strong></span> <span class='ocrx_word' id='word_1_236' title='bbox 257 2593 457 2631; x_wconf 91' lang='lat' dir='ltr'><strong>omnes</strong></span> <span class='ocrx_word' id='word_1_237' title='bbox 506 2571 763 2631; x_wconf 90' lang='lat' dir='ltr'><strong>habeant</strong></span> <span class='ocrx_word' id='word_1_238' title='bbox 797 2584 857 2630; x_wconf 90' lang='lat' dir='ltr'><strong>et</strong></span> <span class='ocrx_word' id='word_1_239' title='bbox 900 2570 1259 2630; x_wconf 90' lang='lat' dir='ltr'><strong>conditiones</strong></span> <span class='ocrx_word' id='word_1_240' title='bbox 1278 2614 1295 2644; x_wconf 85' lang='lat'><strong>·›</strong></span> <span class='ocrx_word' id='word_1_241' title='bbox 1325 2591 1454 2650; x_wconf 83' lang='lat' dir='ltr'><strong>quae</strong></span> <span class='ocrx_word' id='word_1_242' title='bbox 1485 2569 1559 2628; x_wconf 89' lang='lat' dir='ltr'><strong>ad</strong></span> <span class='ocrx_word' id='word_1_243' title='bbox 1591 2568 1935 2627; x_wconf 86' lang='lat' dir='ltr'><strong>miraculum</strong></span> <span class='ocrx_word' id='word_1_244' title='bbox 1966 2570 2187 2630; x_wconf 86' lang='lat' dir='ltr'><strong>consti-</strong></span> 
     </span>
     <span class='ocr_line' id='line_1_27' title="bbox 83 2663 2187 2747; baseline -0.001 -21"><span class='ocrx_word' id='word_1_245' title='bbox 83 2668 370 2727; x_wconf 90' lang='lat' dir='ltr'><strong>tuendum</strong></span> <span class='ocrx_word' id='word_1_246' title='bbox 424 2669 619 2726; x_wconf 87' lang='lat' dir='ltr'><strong>stricte</strong></span> <span class='ocrx_word' id='word_1_247' title='bbox 659 2666 1054 2747; x_wconf 86' lang='lat' dir='ltr'><strong>requiruntur.</strong></span> <span class='ocrx_word' id='word_1_248' title='bbox 1109 2666 1211 2724; x_wconf 89' lang='lat' dir='ltr'><strong>His</strong></span> <span class='ocrx_word' id='word_1_249' title='bbox 1259 2664 1526 2744; x_wconf 89' lang='lat' dir='ltr'><strong>expensis</strong></span> <span class='ocrx_word' id='word_1_250' title='bbox 1550 2708 1566 2738; x_wconf 71' lang='grc'><em>,</em></span> <span class='ocrx_word' id='word_1_251' title='bbox 1620 2684 1691 2722; x_wconf 83' lang='lat' dir='ltr'><strong>ex</strong></span> <span class='ocrx_word' id='word_1_252' title='bbox 1730 2663 2080 2738; x_wconf 83' lang='lat' dir='ltr'><strong>certitudine</strong></span> <span class='ocrx_word' id='word_1_253' title='bbox 2125 2675 2187 2724; x_wconf 92' lang='lat' dir='ltr'><strong>et</strong></span> 
     </span>
     <span class='ocr_line' id='line_1_28' title="bbox 85 2756 2185 2840; baseline -0.004 -15"><span class='ocrx_word' id='word_1_254' title='bbox 85 2764 331 2825; x_wconf 86' lang='lat' dir='ltr'><strong>veritate</strong></span> <span class='ocrx_word' id='word_1_255' title='bbox 371 2761 631 2833; x_wconf 84' lang='lat' dir='ltr'><strong>miraculi</strong></span> <span class='ocrx_word' id='word_1_256' title='bbox 660 2767 792 2839; x_wconf 89' lang='lat' dir='ltr'><strong>jure</strong></span> <span class='ocrx_word' id='word_1_257' title='bbox 832 2760 1073 2819; x_wconf 92' lang='lat' dir='ltr'><strong>omnino</strong></span> <span class='ocrx_word' id='word_1_258' title='bbox 1114 2759 1361 2819; x_wconf 89' lang='lat' dir='ltr'><strong>infertur</strong></span> <span class='ocrx_word' id='word_1_259' title='bbox 1390 2758 1586 2819; x_wconf 88' lang='lat' dir='ltr'><strong>divina</strong></span> <span class='ocrx_word' id='word_1_260' title='bbox 1624 2756 1778 2816; x_wconf 91' lang='lat' dir='ltr'><strong>illius</strong></span> <span class='ocrx_word' id='word_1_261' title='bbox 1821 2760 2053 2834; x_wconf 82' lang='lat' dir='ltr'><strong>missi0.‚</strong></span> <span class='ocrx_word' id='word_1_262' title='bbox 2084 2759 2185 2840; x_wconf 90' lang='lat' dir='ltr'><strong>qui</strong></span> 
     </span>
     <span class='ocr_line' id='line_1_29' title="bbox 86 2851 2186 2939; baseline -0.001 -24"><span class='ocrx_word' id='word_1_263' title='bbox 86 2857 218 2916; x_wconf 86' lang='lat' dir='ltr'><strong>talia</strong></span> <span class='ocrx_word' id='word_1_264' title='bbox 263 2856 443 2917; x_wconf 89' lang='lat' dir='ltr'><strong>edidit</strong></span> <span class='ocrx_word' id='word_1_265' title='bbox 484 2857 644 2936; x_wconf 80' lang='lat' dir='ltr'><strong>signa</strong></span> <span class='ocrx_word' id='word_1_266' title='bbox 695 2857 769 2915; x_wconf 89' lang='lat' dir='ltr'><strong>ad</strong></span> <span class='ocrx_word' id='word_1_267' title='bbox 817 2876 944 2939; x_wconf 85' lang='lat' dir='ltr'><strong>eam</strong></span> <span class='ocrx_word' id='word_1_268' title='bbox 996 2853 1332 2913; x_wconf 87' lang='lat' dir='ltr'><strong>credibilem</strong></span> <span class='ocrx_word' id='word_1_269' title='bbox 1369 2851 1709 2912; x_wconf 88' lang='lat' dir='ltr'><strong>faciendam.</strong></span> <span class='ocrx_word' id='word_1_270' title='bbox 1752 2851 1902 2911; x_wconf 89' lang='lat' dir='ltr'><strong>Talis</strong></span> <span class='ocrx_word' id='word_1_271' title='bbox 1937 2865 2024 2912; x_wconf 90' lang='lat' dir='ltr'><strong>est</strong></span> <span class='ocrx_word' id='word_1_272' title='bbox 2053 2874 2186 2934; x_wconf 88' lang='lat' dir='ltr'><strong>pro-</strong></span> 
     </span>
     <span class='ocr_line' id='line_1_30' title="bbox 89 2944 2185 3033; baseline -0.001 -22"><span class='ocrx_word' id='word_1_273' title='bbox 89 2944 302 3025; x_wconf 72' lang='lat' dir='ltr'><strong>cessuS,</strong></span> <span class='ocrx_word' id='word_1_274' title='bbox 362 2953 462 3033; x_wconf 89' lang='lat' dir='ltr'><strong>qui</strong></span> <span class='ocrx_word' id='word_1_275' title='bbox 505 2951 759 3030; x_wconf 81' lang='lat' dir='ltr'><strong>legitime</strong></span> <span class='ocrx_word' id='word_1_276' title='bbox 792 2948 899 3008; x_wconf 86' lang='lat' dir='ltr'><strong>hac</strong></span> <span class='ocrx_word' id='word_1_277' title='bbox 932 2950 994 3007; x_wconf 92' lang='lat' dir='ltr'><strong>in</strong></span> <span class='ocrx_word' id='word_1_278' title='bbox 1035 2971 1097 3008; x_wconf 92' lang='lat' dir='ltr'><strong>re</strong></span> <span class='ocrx_word' id='word_1_279' title='bbox 1123 2948 1481 3023; x_wconf 87' lang='lat' dir='ltr'><strong>instituitur,</strong></span> <span class='ocrx_word' id='word_1_280' title='bbox 1509 2948 1652 3030; x_wconf 89' lang='lat' dir='ltr'><strong>quin</strong></span> <span class='ocrx_word' id='word_1_281' title='bbox 1679 2948 1740 3004; x_wconf 89' lang='lat' dir='ltr'><strong>in</strong></span> <span class='ocrx_word' id='word_1_282' title='bbox 1767 2945 1883 3004; x_wconf 90' lang='lat' dir='ltr'><strong>ulla</strong></span> <span class='ocrx_word' id='word_1_283' title='bbox 1905 2947 2185 3028; x_wconf 88' lang='lat' dir='ltr'><strong>petitione</strong></span> 
     </span>
     <span class='ocr_line' id='line_1_31' title="bbox 87 3048 716 3129; baseline 0 -23"><span class='ocrx_word' id='word_1_284' title='bbox 87 3048 354 3129; x_wconf 88' lang='lat' dir='ltr'><strong>principii</strong></span> <span class='ocrx_word' id='word_1_285' title='bbox 380 3069 716 3109; x_wconf 73' lang='lat' dir='ltr'><strong>versemur.v</strong></span> 
     </span>
    </p>

    <p class='ocr_par' dir='ltr' id='par_1_4' title="bbox 92 3134 2187 3412">
     <span class='ocr_line' id='line_1_32' title="bbox 173 3134 2187 3221; baseline -0.002 -23"><span class='ocrx_word' id='word_1_286' title='bbox 173 3142 308 3201; x_wconf 91' lang='lat'>100.</span> <span class='ocrx_word' id='word_1_287' title='bbox 353 3141 485 3220; x_wconf 85' lang='lat' dir='ltr'><strong>obj.</strong></span> <span class='ocrx_word' id='word_1_288' title='bbox 521 3141 800 3201; x_wconf 88' lang='lat' dir='ltr'><strong>Secunda.</strong></span> <span class='ocrx_word' id='word_1_289' title='bbox 836 3138 1131 3221; x_wconf 86' lang='lat' dir='ltr'><strong>Quidquid</strong></span> <span class='ocrx_word' id='word_1_290' title='bbox 1155 3138 1226 3197; x_wconf 91' lang='lat' dir='ltr'><strong>de</strong></span> <span class='ocrx_word' id='word_1_291' title='bbox 1254 3138 1324 3196; x_wconf 91' lang='lat' dir='ltr'><strong>iis</strong></span> <span class='ocrx_word' id='word_1_292' title='bbox 1356 3137 1463 3211; x_wconf 75' lang='lat' dir='ltr'><strong>sit,</strong></span> <span class='ocrx_word' id='word_1_293' title='bbox 1495 3136 1597 3219; x_wconf 89' lang='lat' dir='ltr'><strong>qui</strong></span> <span class='ocrx_word' id='word_1_294' title='bbox 1623 3134 1896 3194; x_wconf 88' lang='lat' dir='ltr'><strong>miracula</strong></span> <span class='ocrx_word' id='word_1_295' title='bbox 1929 3135 2053 3216; x_wconf 83' lang='lat' dir='ltr'><strong>ipsa</strong></span> <span class='ocrx_word' id='word_1_296' title='bbox 2070 3137 2187 3194; x_wconf 89' lang='lat' dir='ltr'><strong>im·-</strong></span> 
     </span>
     <span class='ocr_line' id='line_1_33' title="bbox 92 3229 2186 3318; baseline -0.001 -25"><span class='ocrx_word' id='word_1_297' title='bbox 92 3235 337 3296; x_wconf 88' lang='lat' dir='ltr'><strong>mediate</strong></span> <span class='ocrx_word' id='word_1_298' title='bbox 381 3237 692 3311; x_wconf 68' lang='lat' dir='ltr'><strong>viderunt,</strong></span> <span class='ocrx_word' id='word_1_299' title='bbox 734 3258 823 3296; x_wconf 90' lang='lat' dir='ltr'><strong>res</strong></span> <span class='ocrx_word' id='word_1_300' title='bbox 857 3237 1113 3318; x_wconf 90' lang='lat' dir='ltr'><strong>profecto</strong></span> <span class='ocrx_word' id='word_1_301' title='bbox 1160 3233 1327 3292; x_wconf 89' lang='lat' dir='ltr'><strong>aliter</strong></span> <span class='ocrx_word' id='word_1_302' title='bbox 1358 3253 1418 3291; x_wconf 91' lang='lat' dir='ltr'><strong>se</strong></span> <span class='ocrx_word' id='word_1_303' title='bbox 1459 3229 1637 3289; x_wconf 90' lang='lat' dir='ltr'><strong>habet</strong></span> <span class='ocrx_word' id='word_1_304' title='bbox 1675 3229 1866 3311; x_wconf 86' lang='lat' dir='ltr'><strong>quoad</strong></span> <span class='ocrx_word' id='word_1_305' title='bbox 1909 3251 2040 3303; x_wconf 72' lang='lat' dir='ltr'><strong>eos,</strong></span> <span class='ocrx_word' id='word_1_306' title='bbox 2086 3232 2186 3313; x_wconf 87' lang='lat' dir='ltr'><strong>qui</strong></span> 
     </span>
     <span class='ocr_line' id='line_1_34' title="bbox 93 3323 2187 3412; baseline -0.003 -22"><span class='ocrx_word' id='word_1_307' title='bbox 93 3351 156 3390; x_wconf 91' lang='lat' dir='ltr'><strong>ea</strong></span> <span class='ocrx_word' id='word_1_308' title='bbox 206 3332 436 3390; x_wconf 90' lang='lat' dir='ltr'><strong>nonnisi</strong></span> <span class='ocrx_word' id='word_1_309' title='bbox 480 3334 732 3392; x_wconf 79' lang='lat' dir='ltr'><strong>mediate</strong></span> <span class='ocrx_word' id='word_1_310' title='bbox 773 3339 1186 3412; x_wconf 80' lang='lat' dir='ltr'><strong>cognoverunt.</strong></span> <span class='ocrx_word' id='word_1_311' title='bbox 1234 3326 1462 3387; x_wconf 90' lang='lat' dir='ltr'><strong>Etenim</strong></span> <span class='ocrx_word' id='word_1_312' title='bbox 1511 3327 1572 3383; x_wconf 84' lang='grc' dir='ltr'><strong>1ο</strong></span> <span class='ocrx_word' id='word_1_313' title='bbox 1623 3325 1719 3384; x_wconf 89' lang='lat' dir='ltr'><strong>isti</strong></span> <span class='ocrx_word' id='word_1_314' title='bbox 1770 3323 1925 3384; x_wconf 90' lang='lat' dir='ltr'><strong>unde</strong></span> <span class='ocrx_word' id='word_1_315' title='bbox 1973 3345 2187 3406; x_wconf 84' lang='lat' dir='ltr'><strong>cogno-</strong></span> 
     </span>
    </p>
   </div>
   <div class='ocr_carea' id='block_1_3' title="bbox 95 3528 2137 3682">
    <p class='ocr_par' dir='ltr' id='par_1_5' title="bbox 95 3528 2137 3682">
     <span class='ocr_line' id='line_1_35' title="bbox 162 3528 1774 3597; baseline -0.001 -16"><span class='ocrx_word' id='word_1_316' title='bbox 162 3533 221 3595; x_wconf 85' lang='lat' dir='ltr'><strong>(l)</strong></span> <span class='ocrx_word' id='word_1_317' title='bbox 259 3533 325 3582; x_wconf 82' lang='lat' dir='ltr'><strong>lta</strong></span> <span class='ocrx_word' id='word_1_318' title='bbox 361 3533 412 3582; x_wconf 89' lang='lat' dir='ltr'><strong>in</strong></span> <span class='ocrx_word' id='word_1_319' title='bbox 455 3536 825 3588; x_wconf 68' lang='lat' dir='ltr'><strong>Avertiuemem</strong></span> <span class='ocrx_word' id='word_1_320' title='bbox 861 3554 947 3585; x_wconf 75' lang='lat' dir='ltr'><strong>sur</strong></span> <span class='ocrx_word' id='word_1_321' title='bbox 980 3536 1099 3584; x_wconf 81' lang='lat' dir='ltr'><strong>l&#39;en-</strong></span> <span class='ocrx_word' id='word_1_322' title='bbox 1181 3534 1328 3597; x_wconf 83' lang='lat' dir='ltr'><strong>bourg</strong></span> <span class='ocrx_word' id='word_1_323' title='bbox 1366 3528 1524 3593; x_wconf 74' lang='lat'>1834,</span> <span class='ocrx_word' id='word_1_324' title='bbox 1553 3547 1656 3595; x_wconf 85' lang='lat' dir='ltr'><strong>pag.</strong></span> <span class='ocrx_word' id='word_1_325' title='bbox 1689 3545 1774 3580; x_wconf 81' lang='lat'><strong>22.</strong></span> 
     </span>
     <span class='ocr_line' id='line_1_36' title="bbox 95 3615 2137 3682; baseline -0.001 -20"><span class='ocrx_word' id='word_1_326' title='bbox 95 3617 383 3678; x_wconf 72' lang='lat' dir='ltr'><strong>seiqnement</strong></span> <span class='ocrx_word' id='word_1_327' title='bbox 428 3616 484 3664; x_wconf 81' lang='lat' dir='ltr'><strong>de</strong></span> <span class='ocrx_word' id='word_1_328' title='bbox 530 3619 607 3667; x_wconf 87' lang='lat' dir='ltr'><strong>M.</strong></span> <span class='ocrx_word' id='word_1_329' title='bbox 657 3619 872 3668; x_wconf 80' lang='lat' dir='ltr'><strong>Bautain</strong></span> <span class='ocrx_word' id='word_1_330' title='bbox 893 3656 908 3682; x_wconf 90' lang='lat'><em>,</em></span> <span class='ocrx_word' id='word_1_331' title='bbox 953 3619 1101 3667; x_wconf 86' lang='lat' dir='ltr'><strong>Stras-</strong></span> <span class='ocrx_word' id='word_1_332' title='bbox 1250 3615 1314 3679; x_wconf 77' lang='lat'><strong>(2)</strong></span> <span class='ocrx_word' id='word_1_333' title='bbox 1353 3615 1407 3664; x_wconf 85' lang='lat' dir='ltr'><strong>ln</strong></span> <span class='ocrx_word' id='word_1_334' title='bbox 1434 3616 1510 3663; x_wconf 79' lang='lat' dir='ltr'><strong>cit.</strong></span> <span class='ocrx_word' id='word_1_335' title='bbox 1539 3621 1672 3663; x_wconf 84' lang='lat' dir='ltr'><strong>tract.</strong></span> <span class='ocrx_word' id='word_1_336' title='bbox 1702 3622 1820 3678; x_wconf 85' lang='lat' dir='ltr'><strong>part.</strong></span> <span class='ocrx_word' id='word_1_337' title='bbox 1851 3628 1895 3671; x_wconf 87' lang='lat'><strong>1,</strong></span> <span class='ocrx_word' id='word_1_338' title='bbox 1927 3626 2032 3675; x_wconf 84' lang='lat' dir='ltr'><strong>cap.</strong></span> <span class='ocrx_word' id='word_1_339' title='bbox 2066 3626 2137 3659; x_wconf 89' lang='grc' dir='ltr'><strong>ιιι.</strong></span> 
     </span>
    </p>
   </div>
   <div class='ocr_carea' id='block_1_4' title="bbox 176 3703 1969 3767">
    <p class='ocr_par' dir='ltr' id='par_1_6' title="bbox 176 3703 1969 3767">
     <span class='ocr_line' id='line_1_37' title="bbox 176 3703 1969 3767; baseline -0.004 0"><span class='ocrx_word' id='word_1_340' title='bbox 176 3709 237 3767; x_wconf 94' lang='lat' dir='ltr'><strong>T.</strong></span> <span class='ocrx_word' id='word_1_341' title='bbox 283 3711 379 3767; x_wconf 87' lang='lat' dir='ltr'><strong>IX.</strong></span> <span class='ocrx_word' id='word_1_342' title='bbox 1171 3707 1173 3709; x_wconf 73' lang='grc'><strong>’</strong></span> <span class='ocrx_word' id='word_1_343' title='bbox 1871 3703 1969 3760; x_wconf 73' lang='grc'><strong>26</strong></span> 
     </span>
    </p>
   </div>
  </div>
 </body>
</html>
