2502 4134
2094 121 2209 180 447

316 143 473 182 PART.
518 141 605 179 111.
654 141 804 179 SRC'r.
857 142 898 178 Ι.
947 142 1068 179 GAP.
1113 140 1151 179 l.
1202 145 1268 180 DE
1313 143 1440 180 ΕΔΤ.
1488 141 1615 179 ΔΝΤ.
1668 142 1774 178 ΡΠ).
1821 139 2001 178 SPEc'r.

97 295 381 370 perpetuo
415 273 752 370 ulteriorem
789 284 1078 344 rationem
1115 283 1270 344 illius
1297 284 1479 367 ipsius
1509 283 1783 358 rationiS,
1814 285 1875 343 in
1909 305 2022 366 qua
2045 306 2212 345 mens

96 379 433 441 immediate
480 385 785 438 veritatem
836 380 1138 454 intuetur,
1211 401 1310 440 seu
1354 400 1614 461 quaerere
1667 385 1960 438 rationem
2006 401 2214 439 eorum

97 498 348 557 quorum
387 496 508 534 non
545 485 629 534 est
670 480 860 545 ratio,
900 474 1010 534 hoc
1042 473 1286 533 humani
1324 473 1656 534 intellectus
1706 485 1767 535 et
1804 475 2043 535 rationis
2091 486 2214 534 non

97 584 218 646 est,
264 570 366 631 sed
405 571 704 631 delirantis
753 570 993 649 ingenii.
1041 570 1083 627 E
1109 579 1310 628 contra
1362 569 1728 645 Hermesius,
1779 570 1924 628 dum
1965 568 2040 629 ad
2066 569 2215 629 alte-

96 690 227 726 rum
273 679 599 726 extremum
655 663 954 738 deflectit,
1008 663 1151 723 dum
1199 684 1270 723 ex
1313 663 1439 745 ipsa
1484 666 1924 744 intellz'yentiae‚
1977 687 2049 725 ex
2089 666 2214 747 ipsa

95 765 405 822 evidentiae
449 762 508 823 vi
559 782 727 820 suum
775 771 966 818 tenere
998 780 1117 838 pro
1143 780 1300 842 Jvero
1349 768 1544 818 tutum
1591 780 1870 839 exurgere
1908 782 2213 842 nunquam

99 880 265 940 posse
285 903 301 932 a
348 856 664 939 nequidem
694 855 769 915 de
806 855 1141 914 testimonio
1162 854 1509 941 immediato
1538 856 1932 929 conscientiae,
1964 867 2214 916 conten-

99 952 185 1011 dit
207 997 224 1028 ‚
259 975 373 1034 quo
416 952 528 1012 alio
565 951 782 1034 poterit
804 950 1216 1010 certitudinem
1241 971 1518 1033 omnem,
1562 951 1670 1009 nisi
1693 951 1755 1009 in
1790 973 1938 1011 caeco
1959 950 2213 1033 quodam

99 1069 163 1106 ac
186 1048 505 1126 subJectivo
534 1048 682 1106 facto
705 1092 720 1120 .‚
747 1068 848 1106 seu
861 1047 980 1124 fide
1011 1046 1276 1106 invenire
1301 1090 1315 1118 ,
1355 1067 1471 1126 quo
1493 1045 1579 1104 nil
1609 1046 1972 1127 scepticismo
2001 1068 2215 1129 oppor-

100 1144 318 1202 tuniuS.
370 1146 513 1203 Rem
539 1164 715 1225 porro
751 1142 832 1200 ita
863 1161 987 1201 esse
1015 1140 1404 1222 inquisitionis
1460 1141 1854 1202 Hermesianae
1890 1143 2215 1224 progressio

100 1238 389 1315 ostendet.

186 1334 320 1392 162.
369 1332 676 1411 Profligata
710 1330 906 1412 quoad
947 1330 1397 1404 certitudinem,
1443 1350 1543 1389 seu
1580 1339 1770 1389 tenere
1791 1352 1911 1410 pro
1954 1352 2085 1391 vero
2114 1345 2213 1392 tu·

101 1441 227 1486 tum
249 1473 265 1501 ,
301 1427 461 1485 omni
491 1427 849 1504 coynitionis
877 1446 941 1482 ac
964 1426 1368 1504 intelliyentiae
1388 1425 1446 1482 vi
1468 1469 1484 1496 ,
1521 1424 1851 1504 aggreditur
1883 1428 2216 1486 Hermesius

97 1521 341 1580 alteram
386 1518 774 1601 inquisitionis
819 1530 1087 1601 partem,
1126 1539 1202 1576 an
1241 1517 1456 1577 scilicet
1479 1540 1546 1578 ea
1590 1519 1883 1579 certitudo
1919 1521 2093 1581 detur
2141 1545 2215 1586 ex

101 1620 429 1674 necessitate
460 1613 669 1673 saltem
697 1614 1082 1683 immediata,
1110 1634 1142 1672 e
1175 1611 1418 1691 subJecti
1454 1635 1672 1696 nempe
1704 1626 1763 1673 et
1797 1616 2092 1696 praedicati
2115 1640 2217 1677 eo-

99 1732 346 1792 rumque
387 1731 570 1769 nexus
614 1730 776 1768 mero
805 1720 1130 1790 conceptu,
1173 1710 1299 1769 sine
1345 1708 1460 1768 ulla
1494 1711 1820 1790 cognitione
1862 1723 1963 1770 aut
1998 1713 2217 1790 judicio

100 1806 173 1864 de
196 1827 377 1864 nexus
405 1804 687 1882 ejusmodi
717 1804 962 1864 veritate
982 1849 999 1879 .,
1022 1804 1103 1862 ita
1134 1815 1334 1863 tamen
1358 1816 1425 1862 ut
1456 1806 1631 1864 etiam
1659 1805 1721 1863 in
1746 1805 1966 1865 actibus
1988 1807 2216 1868 reflexis

104 1899 231 1958 talis
265 1903 580 1980 persuasio
618 1908 946 1979 perseveret
982 1900 1096 1978 (l).
1150 1899 1404 1959 Adnotat
1444 1900 1538 1959 hic
1583 1923 1788 1982 porr0‚
1836 1907 2217 1985 quaestionem

101 1994 281 2072 hanc,
308 2006 438 2078 post
465 1994 926 2077 philosophicam
953 1994 1148 2053 Kantii
1173 1995 1371 2071 crisin,
1413 1997 1631 2066 versari
1661 2008 1847 2058 totam
1879 1999 2025 2058 circa
2046 2002 2216 2082 prin-

103 2089 316 2171 cipium
371 2093 625 2149 rationis
674 2091 1012 2168 sufficientis
1062 2089 1182 2168 (2),
1222 2090 1380 2151 unde
1426 2092 1846 2174 inquirendum
1868 2139 1884 2168 ‚
1941 2117 2017 2153 an
2056 2096 2216 2156 istud

105 2340 293 2371 manam
329 2334 531 2372 mentem
558 2313 822 2372 necessario
862 2324 921 2372 ad
957 2340 1113 2372 assen-

105 2423 208 2453 sum
234 2406 556 2454 determinare.
590 2405 809 2454 Praeclare
836 2405 883 2453 id
913 2405 1114 2454 declarat

106 2487 333 2536 Gerdilius
369 2505 383 2536 ε
429 2487 637 2552 Quando
671 2488 696 2535 e
731 2486 773 2535 lo
801 2489 971 2552 spirito
997 2503 1112 2536 con-

105 2569 314 2635 eapeoole
339 2587 370 2617 a
394 2587 442 2618 ee
467 2577 608 2619 eteeeo
632 2569 753 2618 della
778 2570 1008 2618 evidenza
1026 2587 1115 2619 con

105 2654 189 2699 cui
216 2668 408 2700 conoece
433 2669 536 2700 una
564 2653 742 2711 verita,
780 2651 875 2716 eqli
894 2669 993 2700 non
1014 2654 1114 2720 pud

105 2750 204 2781 non
238 2733 368 2782 dirae·
400 2750 431 2782 a
457 2750 508 2782 ae
535 2743 674 2783 stesso
698 2730 967 2796 reflectendo
980 2768 998 2795 ,
1031 2734 1116 2782 che

105 2814 152 2862 Ia
173 2832 281 2864 coca
303 2817 329 2862 ὸ
351 2815 599 2865 realmente
621 2814 756 2880 quale
779 2815 874 2881 eqli
896 2816 943 2863 la
969 2816 1080 2864 cede
1094 2852 1110 2879 ‚

100 2898 268 2963 poiche
301 2914 399 2946 non
436 2899 482 2945 ei
511 2899 612 2963 pub
645 2913 888 2947 conoscere
921 2900 1114 2946 intuiti-

109 2987 322 3045 oamente
360 2982 438 3029 cio
474 2979 557 3027 che
592 2996 691 3027 non
725 2981 768 3027 ὲ.
808 2980 1001 3028 Laonde
1040 2982 1110 3027 ri·

109 3060 289 3122 quai-do
308 3077 338 3108 a
358 3060 466 3126 quel
473 3060 763 3127 particolare
779 3069 954 3126 quetto
971 3064 1019 3110 si
1033 3078 1113 3111 ac-

110 3142 269 3203 quieta
295 3143 648 3208 perfhttamente
679 3142 726 3189 la
761 3144 916 3208 voqlia
941 3145 1026 3193 che
1048 3144 1112 3192 ha

116 3219 159 3267 lo
178 3223 346 3284 spirito
369 3224 422 3271 di
441 3241 640 3291 eapere,·
673 3224 831 3289 voqlia
845 3223 847 3225 ’
862 3225 946 3274 che
970 3243 1112 3275 nasce

114 3301 242 3350 dalla
265 3303 589 3354 inclinazione
611 3306 694 3355 che
711 3306 754 3354 Io
772 3309 938 3372 epinqe
960 3325 990 3356 a
1006 3311 1110 3356 rin-

115 3385 343 3433 tracciare
374 3385 414 3434 il
432 3404 574 3449 remo,
603 3387 764 3452 finche
790 3388 968 3437 l'abbia
1007 3406 1109 3439 aeo-

112 3471 270 3530 perto,
299 3465 382 3514 che
409 3468 510 3518 vale
535 3485 567 3518 a
594 3469 727 3532 dire,
756 3471 916 3536 fine-he
941 3471 1014 3536 qli
1035 3474 1109 3520 ri-

118 3562 258 3595 mone
283 3546 475 3612 qualche
499 3565 606 3600 coca
624 3552 688 3601 da
716 3570 1021 3605 conosceren.
1042 3554 1118 3602 La

118 3642 406 3678 canescente
433 3631 460 3677 e
485 3631 676 3698 dunque
705 3633 751 3683 la
781 3652 950 3685 norma
976 3646 1121 3685 natu-

1194 2320 1293 2369 rale
1327 2321 1406 2369 del
1429 2322 1651 2386 qiudizio
1679 2342 1698 2370 .·
1723 2325 1825 2372 cioe
1857 2324 1903 2373 la
1926 2341 2216 2374 conoscenza

1196 2405 1222 2450 e
1263 2406 1342 2453 cio
1381 2403 1465 2452 che
1504 2404 1852 2454 naturalmente
1885 2407 2151 2456 determina
2180 2407 2220 2455 it

1194 2485 1434 2549 qiudizio.
1460 2484 1592 2534 Deu’
1627 2485 1815 2552 oh’qine
1844 2486 1921 2536 del
1951 2503 2088 2536 senso
2115 2506 2215 2537 mo-

1196 2566 1324 2626 rale,
1352 2585 1454 2632 pag.
1494 2565 1592 2633 278
1614 2605 1628 2628 ‚
1657 2579 1773 2618 tom.
1805 2584 1835 2617 2
1854 2605 1869 2628 ‚
1906 2587 2013 2636 opp.
2047 2570 2214 2621 Roma.

1200 2651 1269 2697 Ad
1300 2650 1470 2698 calcem
1509 2650 1760 2699 voluminis
1789 2651 1924 2700 datur
1963 2652 2102 2719 hujus
2126 2654 2215 2702 loci

1196 2735 1343 2782 versio
1371 2734 1529 2783 latina.

1266 2816 1335 2880 (l)
1376 2816 1475 2864 Hoc
1508 2816 1717 2864 efformat
1748 2817 1984 2884 objectum
2017 2817 2218 2867 articuli

1196 2899 1327 2946 tertii
1349 2897 1481 2947 Intr.
1508 2898 1643 2947 Phil.
1664 2917 1767 2964 pag,
1794 2897 1886 2962 145
1907 2910 1952 2948 et
1972 2917 2104 2967 seqq.

1266 2978 1338 3046 (2)
1361 2974 1629 3030 Germanice
1645 2980 1755 3030 Der
1765 2980 1884 3030 Satz
1898 2998 1990 3030 oon
2010 2981 2214 3041 Grund,

1197 3080 1276 3111 seu
1294 3059 1604 3128 Principium
1612 3063 1940 3126 fundamenti,
1959 3066 2085 3130 quod
2103 3082 2216 3115 con-

1196 3147 1313 3193 tinet
1348 3147 1399 3192 in
1431 3162 1477 3193 se
1500 3183 1513 3204 ‚
1551 3149 1679 3211 juxta
1710 3145 2027 3206 Her-mesiam,
2073 3135 2217 3196 veluti

1194 3229 1421 3291 principia
1444 3226 1761 3275 subordinate
1775 3264 1790 3285 ‚
1811 3237 1911 3276 tum
1936 3230 2216 3294 principium

1195 3309 1472 3357 substantioe
1499 3344 1514 3369 ,
1577 3316 1675 3357 tum·
1732 3313 2012 3376 principium
2058 3326 2216 3360 ασκεω

1195 3390 1454 3456 efficientis.
1487 3391 1608 3440 Hinc
1637 3409 1722 3441 noa
1755 3409 1840 3456 pro
1864 3395 2051 3442 ratione
2082 3394 2216 3459 suffi-

1198 3475 1346 3522 cienti
1383 3474 1706 3539 usurpabimus
1737 3477 2020 3544 quaudoque
2055 3493 2213 3527 vocem

1195 3555 1507 3618 fundamenti
1535 3553 1792 3622 (Grund).
