2502 4134
2062 146 2179 209 333

291 171 445 212 PART.
491 171 578 207 111.
627 169 775 206 SECT.
821 170 861 206 1.
905 168 1032 208 CAP.
1078 170 1120 210 1.
1167 167 1240 208 DE
1282 170 1419 208 RAT.
1468 169 1597 206 ART.
1646 170 1753 207 ΕΠ).
1796 169 1976 208 SPECT.

78 327 250 396 atque
281 312 554 371 historica
590 311 837 373 veritate
876 309 1186 390 Religionis
1220 310 1544 370 christianae
1574 315 1739 389 juxta
1767 309 1920 391 ipsos
1952 309 2183 369 concla-

78 420 302 467 matum
334 417 442 466 est.
488 408 674 478 Quare
718 407 809 466 hae
855 408 1093 481 Kantii.,
1137 406 1354 465 Fichtei
1403 406 1739 487 Hegeliique
1774 405 2185 487 philosopliicae

78 504 351 563 doctrinae
370 547 386 576 7
421 502 481 558 in
516 502 1119 582 ipso*Protestantium
1139 501 1263 559 solo
1282 512 1468 560 enatae
1484 545 1500 572 .,
1522 501 1650 560 altae
1679 513 1851 583 atque
1875 503 2145 561 enutritae
2162 544 2179 577 .,

79 601 153 676 in*
174 598 375 679 primis
419 597 768 670 effecerunt,
801 609 863 655 ut
887 595 1393 678 protestantismus
1420 594 1607 653 latens
1636 596 1997 677 principium
2015 618 2186 655 suum

79 693 483 767 destructionis
518 692 698 772 magis
732 693 793 750 in
819 692 939 752 dies
977 690 1276 751 evolveret
1298 734 1315 763 .,
1346 711 1412 748 ac
1443 710 1538 747 eos
1571 690 1946 750 rationalismi
1973 713 2040 751 ac
2067 714 2188 772 my-

80 787 331 846 thicismi
374 770 592 845 fructus
636 787 868 846 efferret
888 831 904 860 ,
945 787 1043 868 qui
1077 784 1318 855 tandem
1356 786 1419 843 in
1451 784 1733 843 Straussio
1759 806 1923 845 suam
1951 808 2187 848 omnem

86 883 201 943 vim
237 881 660 964 propemodum
699 881 1091 940 exhauserunt
1132 881 1241 959 (l).

168 980 261 1037 12.
307 983 483 1038 Porro
512 1001 646 1038 curn
679 978 802 1037 haec
835 988 984 1037 esset
1006 977 1314 1035 neotericae
1338 975 1715 1056 philosophiae
1737 979 2024 1053 conditio,
2054 1000 2190 1039 cum

89 1076 234 1134 ratio
268 1074 523 1133 humana
553 1078 673 1151 ejus
702 1073 999 1152 principiis
1029 1072 1273 1131 excitata
1303 1070 1382 1129 ita
1416 1070 1739 1131 christianae
1774 1073 2058 1154 Religioni
2095 1075 2192 1134 in-

89 1170 310 1228 fensam
340 1191 399 1227 se
428 1167 747 1250 praeberet,
784 1167 824 1223 ii
861 1166 963 1246 qui
996 1165 1256 1226 veritatis
1292 1186 1358 1223 ac
1386 1164 1704 1244 Religionis
1728 1167 1958 1227 tuendae
1992 1189 2194 1228 neces-

88 1266 318 1324 sitatem
348 1264 410 1321 in
441 1283 502 1321 se
528 1261 755 1343 experti
781 1271 951 1335 sunt,
984 1261 1065 1318 ita
1090 1259 1152 1319 id
1179 1261 1438 1327 muneris
1467 1274 1873 1343 susceperunt,
1900 1274 1967 1321 ut
1994 1275 2192 1325 tamen

89 1358 314 1419 diverso
336 1359 489 1415 inter
510 1377 570 1415 se
595 1354 769 1414 modo
795 1355 867 1415 de
892 1356 1119 1414 ratione
1142 1356 1294 1436 ipsa,
1323 1355 1512 1436 deque
1538 1361 1659 1435 ejus
1688 1357 1886 1416 officiis
1906 1359 1968 1417 in
1992 1359 2194 1420 ordine

90 1454 165 1512 ad
202 1453 575 1512 christianam
611 1451 789 1510 fidem
823 1450 1216 1532 philosophati
1245 1451 1380 1511 sint.
1407 1450 1518 1510 Alii
1544 1452 1702 1510 enim
1729 1454 2193 1530 contenderunt,

89 1570 207 1606 non
235 1558 355 1606 tam
379 1547 587 1605 rationi
620 1551 859 1628 ejusque
898 1547 1154 1607 veritatis
1187 1546 1520 1626 detegendae
1543 1549 1845 1629 capacitati
1885 1571 2061 1631 quam
2100 1549 2197 1608 in-

89 1645 285 1709 teriori
320 1666 384 1703 ac
416 1643 677 1722 religioso
707 1642 938 1702 cuidam
964 1644 1155 1710 sensui
1181 1665 1304 1702 esse
1337 1644 1670 1719 fidendum,
1698 1645 1855 1705 unde
1887 1650 2198 1705 sentimen-

91 1739 303 1798 talistoe
344 1752 443 1798 aut
484 1740 663 1799 etiam
697 1741 940 1818 mystici
966 1737 1211 1798 audiunt
1243 1738 1356 1820 (2).
1396 1738 1512 1799 Alii
1555 1740 1843 1802 rationem
1879 1740 2198 1801 humanam

94 2004 160 2049 vit
200 1999 325 2049 Deus
344 2038 357 2061 ‚
406 1999 484 2048 sed
519 2002 677 2048 omnia
706 2001 756 2048 in
792 2000 1023 2065 principio
1055 2017 1109 2049 ex
1192 2010 1309 2049 tores
1328 2002 1377 2048 in
1397 1998 1558 2049 Galliis
1590 1999 1824 2066 paradoxa
1849 2020 1930 2051 sua
1958 2003 2202 2068 depromp-

100 2084 218 2147 Logo
246 2101 361 2146 sno,
400 2083 448 2130 id
486 2093 583 2142 est,
625 2100 680 2131 ex
717 2100 764 2131 se
797 2082 1026 2142 confecit,
1066 2091 1112 2130 et

100 2166 286 2230 quidem
304 2183 357 2212 ex
374 2167 639 2213 necessitate
653 2174 830 2212 naturae
854 2182 944 2214 suae
959 2200 974 2224 ,
1001 2167 1110 2230 quia

102 2248 256 2293 omnia
288 2245 346 2291 ab
378 2255 545 2293 aeterno
575 2263 629 2294 ac
663 2250 916 2295 necessario
943 2249 992 2295 in
1013 2248 1111 2296 Deo

104 2336 246 2375 erant.
283 2326 402 2373 Hinc
430 2327 698 2374 concludit:
726 2324 955 2375 Procula
975 2328 1113 2376 nobis

104 2408 188 2455 laeoc
196 2408 487 2473 phantasma
503 2409 758 2456 creationis
773 2411 794 2456 .'
812 2409 868 2457 Et
882 2427 985 2474 pag.
1002 2425 1021 2457 x
1038 2426 1054 2456 1
1066 2426 1114 2476 7,

104 2491 258 2554 palam
287 2489 510 2550 affirmat,
534 2490 860 2555 philosophum
891 2492 1115 2555 indepen-

106 2571 265 2618 denter
290 2589 314 2618 a
335 2570 680 2619 Christianismo
702 2574 885 2620 easdem
908 2575 1117 2621 veritates

88 2655 360 2702 necessario
396 2671 516 2701 nexu
558 2654 756 2711 habere,
802 2672 968 2719 easque
1008 2671 1117 2702 cum

108 2735 238 2781 totali
267 2734 467 2784 claritate
492 2738 677 2784 intueri.
694 2735 798 2783 Non
815 2737 861 2783 id
879 2736 1004 2802 quod
1023 2738 1118 2784 his-

110 2818 339 2875 turicum,
383 2818 460 2864 sed
499 2818 623 2882 quod
661 2815 1022 2883 metaphysicnm
1053 2829 1119 2865 est

111 2898 347 2947 hominem
375 2899 560 2947 beatum
586 2899 782 2948 efficere.
810 2899 863 2947 In
893 2917 982 2948 sec.
1000 2916 1116 2965 prae-

113 2980 219 3028 lcct.
269 2997 371 3045 pag.
424 2980 520 3043 24,
569 2984 665 3047 jam
715 2991 933 3030 statuerat
962 3019 976 3042 ,
1022 3001 1119 3030 non

114 3062 296 3109 credere
317 3099 331 3122 ,
376 3063 455 3111 sed
482 3082 650 3128 purum
689 3066 926 3128 coqitare,
962 3075 1005 3112 et
1042 3082 1120 3128 per

118 3158 275 3205 puram
319 3147 635 3211 cogitationem
667 3146 819 3194 Deum
856 3145 1122 3194 immediate

121 3225 284 3273 intueri
304 3245 356 3274 ac
380 3229 606 3292 possidere
624 3265 637 3287 ‚
665 3228 933 3294 religionem
953 3231 1122 3277 consti-

123 3312 263 3354 tuere.
284 3305 380 3354 Hoc
405 3320 557 3358 antem
587 3321 654 3359 est
681 3311 978 3359 Fichtianum
1005 3310 1122 3358 illud

124 3401 268 3448 ⁰P¹³³⁹
296 3388 341 3434 in
371 3406 462 3454 quo
494 3394 589 3456 ipse
620 3384 834 3457 provecta
865 3390 959 3458 jam
994 3402 1123 3440 aetate

125 3465 421 3518 christianum
448 3486 502 3521 ae
526 3473 788 3540 religiosum
810 3493 858 3524 se
886 3478 1125 3524 ostendere

125 3549 288 3598 voluit.
317 3549 388 3598 Ex
409 3551 889 3619 hisdeprehendimus
905 3592 919 3616 ‚
955 3558 1126 3624 quibus

122 3650 177 3680 ex
209 3633 411 3684 fontibus
447 3639 660 3688 neoterici
686 3638 947 3691 Eclectismi
980 3649 1126 3690 secta-

1195 2085 1336 2131 serint
1365 2099 1379 2130 =
1421 2084 1551 2131 Dieu
1580 2082 1661 2132 n’a
1687 2085 1828 2150 point
1854 2085 1944 2133 tire
1976 2083 2203 2132 l’tmivers

1195 2163 1264 2211 du
1289 2169 1465 2225 meant,
1497 2166 1621 2212 mais
1648 2165 1712 2213 l’a
1734 2167 1826 2213 tire
1850 2165 1907 2213 de
1938 2165 2204 2215 lui-meme.

1197 2273 1263 2281 —-
1278 2244 1329 2291 Il
1347 2254 1411 2293 ese
1422 2246 1548 2310 saux
1561 2263 1650 2310 que
1670 2246 1802 2294 Diew
1829 2249 1920 2294 soit
1936 2249 2205 2312 incompre-

1196 2325 1422 2375 hensible.
1441 2354 1506 2364 --
1529 2326 1658 2375 C'est
1685 2326 1732 2374 la
1763 2329 1928 2375 raison
1961 2345 2050 2391 que
2084 2343 2207 2375 nous

1198 2418 1452 2474 apportons
1468 2426 1527 2456 en
1542 2410 1789 2467 naissum,
1813 2405 1976 2473 quicst
1989 2409 2030 2457 le
2049 2408 2207 2458 Verbo

1193 2492 1288 2555 fait
1312 2491 1485 2550 Chaiae,
1512 2499 1556 2536 ct
1579 2491 1617 2537 il
1641 2489 1843 2538 n'existe
1861 2492 2002 2555 point
2017 2489 2207 2539 d'autre

1201 2571 1474 2620 revelation.
1492 2571 1645 2636 Magni
1661 2574 1814 2637 itaque
1828 2574 1899 2619 isti
1920 2572 2206 2638 philosophi,

1202 2671 1282 2703 seu
1308 2657 1459 2718 potius
1482 2654 1706 2701 increduli
1731 2653 1848 2701 Galli
1867 2671 1962 2701 non
1992 2665 2099 2702 sunt
2122 2657 2211 2702 nisi

1203 2738 1497 2799 exscriptores
1539 2735 1882 2784 incredulorum
1924 2737 2211 2802 germanico-

1202 2837 1306 2866 rum
1342 2819 1711 2866 protestantium.

1274 2903 1342 2966 (1)
1377 2901 1555 2948 Strauss
1607 2903 1704 2965 ipse
1757 2900 1923 2948 fatetur
1943 2935 1957 2958 ‚
2022 2908 2213 2964 systema

1203 3002 1339 3031 snum
1370 2985 1654 3051 mythicum,
1687 3001 1778 3048 quo
1806 2984 1954 3031 uitam
1979 2983 2097 3030 Iesu
2120 2982 2206 3029 cri-

1203 3069 1290 3114 tice
1308 3085 1436 3126 ‚seu
1468 3069 1617 3130 potius
1646 3068 1916 3128 impiissime
1942 3064 2206 3124 adornavit,

1206 3158 1356 3196 ortum
1392 3167 1446 3196 ac
1485 3149 1838 3203 fundamentum
1876 3149 1925 3194 in
1963 3145 2211 3211 Hegeliana

1205 3231 1492 3295 philosophia
1535 3230 1702 3277 habere
1722 3265 1736 3292 ‚
1783 3229 1926 3294 idque
1970 3229 2213 3277 confirmat

1207 3313 1320 3360 locis
1340 3330 1395 3361 ex
1412 3315 1510 3376 ipso
1528 3310 1717 3374 Hegelio
1737 3313 1786 3358 in
1812 3311 2017 3359 medium
2046 3310 2212 3358 allatis.

1208 3394 1304 3443 Cfr.
1338 3397 1441 3461 ejus
1479 3393 1670 3459 Scripta
1706 3392 1941 3459 polemico
1959 3429 1975 3455 ‚
2004 3393 2123 3443 fasc.
2151 3390 2180 3438 3
2199 3425 2214 3449 ‚

1208 3495 1314 3542 pag.
1340 3475 1424 3543 57.

1283 3558 1348 3624 (2)
1389 3559 1538 3623 Hujus
1568 3555 2016 3605 sentimentalisticae
2053 3551 2220 3601 scholae

1213 3640 1514 3691 fundamenta
1530 3643 1701 3706 jecerat
1713 3638 1900 3690 Reidius
1912 3673 1927 3702 ‚
1943 3637 2104 3687 Scotiae
2119 3634 2222 3701 phi-
