2502 4134
342 181 482 223 PART
522 183 609 220 111.
654 181 803 221 snm.
847 183 892 220 Ι.
937 179 1062 221 GAP.
1102 182 1147 220 1.
1194 182 1262 220 DE
1304 180 1438 221 RA'r.
1472 180 1604 220 An'rs
1644 178 1751 219 mn.
1793 179 1974 220 SPECT.

2094 154 2211 222 349

117 324 403 390 evidentia
440 323 693 404 fulgere,
742 336 809 383 ut
855 323 1185 385 intellectus
1227 345 1526 384 assensum
1574 323 1812 384 omnino
1842 323 2096 406 rapiant
2150 347 2218 386 ac

118 430 536 500 extorqueant,
576 440 701 500 quae
736 441 873 481 vero
905 441 974 479 ex
1010 420 1210 501 primis
1250 418 1593 481 veritatibus
1636 419 1919 480 intuitivis
1957 419 2217 499 longiore

115 515 461 575 deductione
492 526 809 589 eruuntur,
853 515 1008 574 item·
1042 537 1171 596 quae
1207 513 1439 594 physica
1486 513 1582 574 vel
1621 514 1824 573 morali
1868 515 2214 576 certitudine

115 624 346 671 tantum
386 623 689 687 constant,
737 634 856 671 non
898 611 1165 671 eamdem
1207 609 1542 670 immediate
1575 610 1697 670 vim
1740 611 1803 668 in
1850 611 2215 674 intellectum

115 705 366 782 habere,
408 718 713 788 propterea
758 708 821 766 in
860 707 927 765 iis
979 705 1344 765 assentiendo
1394 703 1710 765 voluntatis
1752 704 1998 764 influxui
2039 707 2217 786 magis

116 801 340 860 aditum
377 813 575 883 patere
607 823 774 883 posse
803 802 917 881 (l);
957 800 1022 859 4⁰
1054 803 1366 859 scientiam
1403 819 1468 857 ac
1496 799 1673 878 sidem
1708 798 1768 855 in
1800 819 1867 856 eo
1897 802 2218 880 praesertim

116 896 535 972 discriminarI,
573 896 730 977 quod
765 897 827 954 in
867 895 964 954 illa
1006 883 1382 954 intrinsecam
1428 892 1829 973 propositionis
1870 895 2211 970 veritatem,

117 1012 217 1050 seu
255 993 539 1051 rationem
577 991 832 1068 ejusdem
872 989 1022 1048 clare
1062 988 1501 1070 pervideamus,
1548 1006 1614 1044 ac
1655 1007 1781 1044 rem
1826 988 2072 1068 proinde
2108 1010 2213 1071 per

118 1107 313 1145 causas
356 1108 485 1144 suas
523 1106 966 1166 cognoscamus,
1002 1083 1066 1141 in
1101 1083 1210 1141 hac
1249 1104 1386 1143 vero
1421 1079 1756 1139 nullatenus
1801 1083 2212 1163 perspiciamus

118 1181 460 1253 intrinsece,
494 1180 597 1238 sed
630 1178 910 1237 indicium
944 1176 1285 1251 dumtaxat,
1325 1187 1547 1236 certum
1590 1186 1790 1234 tamen
1811 1221 1827 1250 ,
1860 1175 2210 1256 habeamuS,

118 1297 187 1335 ex
227 1298 341 1357 quo
380 1273 548 1332 nobis
581 1277 901 1332 eoetrinsece
931 1271 1340 1354 propositionis
1375 1271 1588 1332 veritas
1623 1280 1866 1330 constat.

197 1370 299 1428 28.
349 1371 478 1428 Non
505 1368 679 1448 igitur
701 1366 938 1426 scientia
965 1387 1030 1426 ac
1058 1366 1199 1424 fides
1228 1363 1402 1424 simul
1423 1375 1560 1424 sunt
1586 1365 2031 1448 permiscendae3
2064 1367 2221 1449 quod

117 1462 351 1545 quidem
387 1463 571 1522 facere
604 1463 914 1538 videntur,
943 1461 1045 1543 qui
1072 1461 1410 1543 nuperrime
1444 1471 1744 1535 statuunt,
1772 1461 2068 1521 scientiam
2092 1485 2221 1522 om-

116 1579 255 1617 nem
294 1558 418 1617 sine
460 1557 574 1617 fide
617 1557 752 1616 satis
797 1555 955 1615 haud
990 1577 1113 1616 esse
1157 1555 1233 1614 ad
1267 1555 1594 1615 realitatem
1646 1554 1988 1634 objectivam
2023 1578 2220 1616 rerum

118 1653 586 1712 constituendam
615 1652 725 1734 (2);
754 1652 1053 1712 scientiam
1081 1672 1181 1710 seu
1211 1656 1362 1711 scire
1387 1650 1620 1710 nonnisi
1644 1652 2044 1712 necessitatem
2071 1655 2220 1733 cogi-

118 1748 281 1807 tandi
317 1760 376 1808 et
410 1748 791 1828 cognoscendi
836 1748 1066 1827 gignere
1107 1767 1309 1828 posse,
1362 1746 1464 1806 sed
1503 1768 1623 1804 non
1668 1747 2072 1807 necessitatem
2112 1770 2219 1829 pro

122 1866 259 1903 vero
298 1863 360 1901 ac
397 1843 535 1902 reali
570 1841 865 1920 objectum
892 1843 1203 1921 cogitatum
1230 1862 1295 1900 ac
1321 1843 1529 1900 scitum
1551 1841 1821 1915 tenendi,
1849 1843 1957 1902 hoc
1987 1854 2220 1901 tantum

122 1938 356 2014 haberi,
404 1958 538 1998 cum
579 1938 829 1997 scientiae
864 1937 1095 2021 praeviae
1132 1935 1386 2012 accedit,
1428 1934 1609 1998 veluti
1647 1957 1834 2000 novus
1877 1957 1943 1996 ac
1981 1938 2220 1997 omnino

187 2187 257 2250 (1)
295 2185 460 2245 Certe,
502 2186 615 2235 dum
650 2184 914 2234 intellectus
956 2183 1131 2232 directe

122 2270 316 2331 percipit
359 2285 448 2327 ea,
497 2282 601 2331 quae
647 2269 859 2314 intuitiva
902 2265 1131 2315 evidentia

1180 2226 1183 2230 .
1214 2193 1379 2249 pareat.
1408 2183 1474 2232 lta
1499 2185 1549 2232 in
1568 2184 1839 2235 certitudine
1853 2188 2100 2251 praesertim
2120 2203 2221 2236 mo-

1212 2266 1297 2314 rali
1317 2267 1413 2314 fieri
1433 2276 1598 2330 potest.
1630 2267 1752 2315 Hinc
1784 2277 1850 2315 est
1874 2268 2022 2334 quod,
2052 2279 2102 2316 ut
2122 2271 2223 2318 sani

122 2350 322 2414 pollent,
355 2352 422 2397 nil
450 2356 597 2414 potest
629 2352 678 2397 in
711 2352 765 2397 iis
794 2349 1032 2411 voluntas;
1060 2359 1130 2396 ta·
1214 2365 1374 2396 omnes
1402 2347 1662 2412 philosophi
1693 2349 1886 2408 docent,
1927 2349 1987 2396 ad
2023 2351 2221 2415 inquisi-

123 2449 230 2478 men
255 2432 404 2495 quoad
433 2432 533 2479 illas
560 2433 679 2495 ipsas
710 2433 921 2478 veritates
950 2432 1000 2477 in
1024 2446 1131 2492 cog-

122 2515 297 2560 nitione
330 2513 499 2576 reflexa
534 2518 685 2577 posset
724 2512 935 2560 voluntas
969 2511 1132 2560 saltem

121 2596 274 2641 conari
291 2594 547 2641 intellectus
562 2594 839 2642 evidentiam
859 2593 1102 2641 obscurare
1114 2627 1129 2653 ,

121 2685 198 2722 aut
233 2685 353 2723 certe
394 2675 482 2723 alio
524 2675 620 2740 ejus
651 2677 947 2723 attentionem
982 2675 1132 2722 diver-

122 2766 212 2804 tere
232 2792 247 2816 ,
282 2774 338 2805 ne
359 2759 600 2805 veritatum
621 2756 809 2804 illarum
834 2756 1007 2821 fulgore
1025 2773 1129 2820 per-

111 2837 328 2888 cellatur.
362 2838 432 2886 lta
470 2855 603 2903 porro
640 2848 780 2902 agunt
814 2840 998 2903 sceptici
1030 2854 1133 2885 om-

123 2936 235 2978 nes,
267 2921 307 2967 si
339 2920 527 2985 quidem
562 2937 615 2968 eo
645 2921 888 2968 dementiae
918 2919 1131 2985 progredi

114 3010 324 3064 queunt,
355 3001 468 3049 dum
495 3003 750 3066 primitivas
777 3003 897 3065 ipsas
923 3005 1131 3049 veritates

126 3083 312 3130 rationis
347 3093 392 3131 et
426 3084 534 3131 facti
572 3085 622 3130 in
663 3083 860 3131 dubium
894 3092 1126 3131 revocant.

126 3158 243 3208 Cum
271 3173 423 3212 autem
447 3167 610 3213 veritas
627 3166 898 3213 immediate
922 3182 1017 3213 non
1036 3164 1131 3212 ful-

127 3251 226 3304 get,
261 3259 366 3292 cum
407 3244 751 3294 ratiocinatione
792 3263 906 3311 opus
946 3256 1044 3306 est,
1087 3255 1130 3294 et

127 3326 369 3387 praesertim
385 3329 422 3374 si
438 3328 532 3377 haec
550 3330 753 3394 plurium
772 3330 994 3378 factorum
1017 3346 1130 3377 con·

128 3408 398 3469 ringentium
431 3414 628 3459 examini
657 3416 858 3471 nitatur,
890 3412 1123 3469 voluntas,

1214 2431 1388 2476 tionem
1411 2431 1507 2476 veri
1524 2431 1662 2477 nimis
1688 2432 1904 2488 interest,
1932 2439 1985 2477 ut
2013 2432 2222 2480 voluntas

1214 2520 1332 2559 recte
1360 2527 1413 2558 ac
1453 2512 1625 2558 sincere
1661 2511 1893 2574 procedat.
1915 2512 2032 2561 Fuse
2057 2515 2220 2561 distin-

1215 2595 1413 2642 ctionem
1432 2594 1550 2640 inter
1564 2591 1791 2640 directam
1810 2604 1852 2641 et
1872 2594 2091 2658 reflexam
2116 2612 2223 2660 cog-

1215 2677 1440 2724 nitionem
1472 2674 1678 2723 enucleat
1706 2675 1766 2724 cl.
1794 2674 2001 2723 Rosmini
2019 2713 2033 2737 ,
2064 2679 2114 2724 in
2142 2693 2219 2742 op.

1220 2755 1426 2820 Oriqine
1462 2754 1578 2803 delle
1630 2755 1766 2818 ideo,
1812 2756 1968 2806 Romoe
2007 2757 2095 2808 vol.
2139 2775 2219 2819 iv,

1214 2838 1469 2904 pag..303.

1283 2919 1353 2985 (2)
1388 2919 1499 2968 Haec
1529 2920 1732 2968 doctrina
1768 2936 1827 2969 ex
1863 2919 2084 2970 Hermesii
2118 2920 2223 2971 fon-

1214 3001 1338 3049 tibus
1377 3001 1544 3058 fluxit,
1579 3003 1648 3048 uti
1683 3018 1765 3049 suo
1803 3002 1903 3051 loco
1941 3003 2221 3054 videbimus.

1214 3082 1429 3132 Attamen
1456 3100 1556 3131 eam
1589 3084 1728 3147 magis
1754 3083 1921 3132 evolvit
1946 3102 2000 3132 ac
2023 3083 2221 3133 illustra·

1213 3167 1280 3214 vit
1299 3165 1421 3230 prof,
1454 3164 1631 3213 Baltzer
1648 3201 1661 3225 ,
1685 3182 1712 3212 a
1740 3165 1875 3212 nobis
1899 3168 1994 3231 jam
2022 3167 2218 3226 citatus,

1214 3250 1294 3313 qui
1335 3264 1502 3311 nempe
1546 3264 1646 3295 eam
1688 3247 1879 3294 omnino
1922 3250 2220 3297 necessariam

1213 3329 1469 3388 existimat,
1498 3338 1548 3376 ut
1566 3328 1759 3377 absurda
1775 3328 2002 3378 Kantiana
2020 3341 2065 3378 et
2082 3331 2116 3378 F
2120 3330 2222 3379 ich-

1216 3413 1336 3457 tiana
1357 3410 1578 3474 principia
1610 3409 1665 3457 dc
1696 3411 1969 3459 certitudine
1995 3411 2220 3476 objectiva

126 3488 164 3533 si
207 3485 324 3534 male
365 3501 617 3553 comparata
658 3495 745 3552 sit,
797 3502 942 3557 potest
980 3492 1123 3540 multo
1208 3492 1542 3539 convellantur.
1584 3491 1681 3540 Csr.
1722 3508 1801 3556 op.
1848 3495 1927 3540 cit.
1972 3493 2129 3541 fascic.
2165 3509 2215 3551 1,

127 3564 304 3614 facilius
336 3567 543 3618 ordinem
579 3572 784 3622 idearum
827 3574 1123 3638 perturbare,
1208 3571 1235 3638 ὃ
1261 3570 1319 3635 14
1339 3608 1352 3633 ,
1385 3570 1600 3620 Glauben
1621 3571 1723 3621 und
1741 3571 1828 3624 W
1824 3574 1979 3631 iesca,
2011 3593 2088 3623 seu
2110 3572 2221 3622 Cre-

126 3648 189 3695 ita
218 3656 269 3695 ut
297 3649 461 3698 veritas
489 3651 738 3704 intellectui
777 3656 884 3706 satis
919 3672 1016 3704 non
1045 3672 1127 3720 ap·
1209 3653 1318 3702 dere
1343 3662 1388 3703 ee
1410 3655 1548 3704 scire.
1793 3642 1798 3648 ¹
