2502 4134
250 73 290 130 [ὗ

294 73 371 131 1Οέ

855 92 1051 130 ΤΚΔΟΤ.
1101 94 1169 129 DE
1212 94 1362 132 Locls
1405 94 1779 134 THEOLOGIOES.

1123 276 1380 336 SECTIO
1427 279 1498 337 11.

1092 485 1164 527 DE
1193 484 1544 530 TRADITIONE.

335 674 477 734 335.
535 676 911 737 Tradicz'onz's
941 699 1160 738 nomen
1197 672 1617 763 amplissimam
1647 677 1827 739 habet
1857 678 2366 759 significationemt,

253 770 660 852 complectitur
683 774 840 833 enim
856 774 1193 833 institutum
1210 775 1457 857 quodvis
1484 799 1515 834 a
1538 775 1821 857 primaevo
1846 774 2037 856 aliquo
2057 775 2217 836 fonte
2240 799 2371 857 pro·

249 864 440 926 fluens
467 913 483 941 ,
512 867 668 949 quod
709 870 829 928 sive
861 870 1112 951 scripto,
1147 872 1269 931 sive
1307 872 1439 933 viva
1483 890 1656 945 voce,
1690 881 1791 928 aut
1818 871 1985 952 praxi
2020 869 2096 928 ad
2123 869 2372 951 posteri-

248 971 434 1020 tatem
463 965 821 1045 pervenerit.
857 965 1079 1025 Exinde
1117 967 1355 1048 partitio
1391 966 1720 1027 traditionis
1744 967 1928 1023 oritur
1951 965 2014 1023 in
2043 970 2334 1045 scriptam
2353 1011 2371 1036 ,

249 1059 471 1116 oralem
515 1069 575 1117 et
601 1063 963 1140 practicam.
994 1062 1101 1120 Hic
1138 1084 1275 1122 vero
1312 1061 1641 1121 traditionis
1679 1081 1884 1120 vocem
1916 1081 2263 1140 usurpamus
2297 1058 2374 1118 ad

250 1151 574 1212 doctrinam
610 1155 1052 1235 significandam
1074 1202 1090 1231 ‚
1126 1178 1255 1239 quae
1290 1168 1390 1216 aut
1420 1157 1599 1218 fidem
1630 1166 1731 1215 aut
1756 1178 1948 1215 mores
1983 1167 2082 1214 aut
2120 1154 2380 1237 discipli-

248 1269 389 1307 nam
414 1248 591 1307 afficit
609 1293 625 1324 ,
654 1271 720 1309 ac
744 1251 874 1310 viva
902 1273 1038 1311 voce
1073 1263 1174 1310 aut
1200 1254 1367 1333 praxi
1395 1253 1570 1312 etiam
1603 1251 1865 1333 primum
1896 1251 2230 1309 transmissa
2271 1261 2378 1310 est.

251 1344 310 1401 Si
349 1343 578 1403 traditio
613 1344 828 1405 habeat
852 1369 959 1428 pro
991 1346 1217 1424 objecto
1249 1347 1425 1407 fidem
1450 1359 1549 1407 aut
1587 1369 1777 1407 mores
1804 1358 1864 1406 et
1895 1368 1928 1404 a
1951 1346 2179 1404 Christo
2205 1355 2379 1426 atque

249 1436 323 1497 ab
353 1444 391 1498 A
402 1439 639 1520 postolis
669 1463 771 1500 ceu
796 1441 1090 1524 Evangelii
1118 1442 1479 1525 praeconibus
1505 1443 1787 1523 originem
1820 1441 2010 1517 ducit,
2041 1442 2379 1521 doqma-lica

250 1545 310 1595 et
333 1535 547 1595 divina
575 1549 982 1619 nuncupatum
1020 1539 1067 1596 si
1102 1550 1299 1597 autem
1336 1561 1443 1620 pro
1480 1538 1705 1616 objecto
1729 1537 1944 1597 habeat
1972 1536 2337 1618 disciplinam
2359 1582 2376 1611 ,

249 1642 309 1691 et
335 1630 409 1689 ab
436 1631 723 1712 Apostolis
749 1677 765 1705 ,
790 1644 965 1713 prout
991 1632 1231 1692 fuerunt
1255 1633 1517 1693 Ecclesiae
1555 1645 1815 1715 pastores
1835 1678 1851 1707 ,
1892 1644 1992 1691 aut
2020 1632 2093 1691 ab
2133 1630 2379 1690 Ecclesia

248 1727 439 1807 repeti
475 1726 684 1802 debet,
715 1728 1142 1806 disciplinaris
1172 1727 1351 1786 audit.
1389 1729 1498 1787 Res
1524 1750 1698 1810 porro
1735 1726 2119 1809 disciplinaris
2153 1725 2378 1787 diversa

247 1823 475 1884 ratione
514 1823 765 1904 proponi
812 1844 945 1882 cum
978 1823 1192 1904 possit,
1223 1822 1318 1883 vel
1352 1822 1568 1882 scilicet
1603 1835 1670 1883 ut
1710 1834 1994 1905 perpetuo
2033 1821 2252 1902 vigeat,
2286 1821 2381 1881 vel

248 1928 315 1975 ut
338 1916 411 1975 ab
431 1929 693 2000 tempuS,
716 1928 843 1976 tum
867 1918 1047 1977 etiam
1068 1918 1161 1980 vel
1184 1940 1290 2000 per
1306 1917 1546 1977 modum
1568 1918 1871 2000 praecepti,
1895 1917 1989 1976 vel
2007 1939 2111 1997 per
2138 1916 2376 1975 modum

251 2012 471 2071 consilii
492 2058 508 2088 7
537 2023 665 2071 tum
695 2012 948 2094 denique
985 2013 1074 2074 vel
1107 2024 1172 2071 ut
1201 2014 1319 2072 vim
1357 2012 1570 2073 habeat
1606 2014 1667 2071 in
1700 2011 2084 2095 peculiaribus
2113 2011 2249 2071 locis
2277 2010 2375 2094 *vel

250 2119 317 2166 ut
344 2109 409 2166 in
443 2107 684 2167 Ecclesia
712 2110 979 2169 universa
1001 2154 1018 2183 ,
1048 2107 1260 2168 exinde
1290 2121 1538 2191 receptae
1567 2129 1631 2167 ac
1661 2110 1816 2168 tritae
1847 2119 1985 2166 sunt
2014 2106 2171 2189 apud
2203 2107 2373 2166 theo-—

250 2204 410 2283 logos
453 2202 840 2285 disciplinaris
875 2204 1050 2283 hujus
1088 2205 1415 2263 traditionis
1454 2203 1802 2286 multiplices
1844 2203 2177 2264 divisioneS.
2225 2204 2375 2262 Nam

249 2303 478 2361 ratione
517 2311 835 2360 auctorum
847 2344 870 2372 ,
908 2300 1005 2361 vel
1042 2300 1353 2382 apostolica
1397 2300 1490 2360 vel
1521 2300 1900 2360 ecclesiastica
1932 2299 2004 2357 ab
2037 2300 2106 2357 iis
2146 2287 2376 2358 nuncu-

181 2465 183 2468 .
249 2408 460 2478 patur3
487 2397 713 2456 ratione
738 2398 1121 2468 durationis,
1147 2408 1429 2478 perpetua
1455 2407 1555 2454 aut
1581 2395 1947 2478 temporalis3
1973 2395 2198 2454 ratione
2228 2396 2376 2453 ohli-

243 2498 512 2574 9atz'om‘8
527 2535 550 2565 ‚
591 2492 864 2575 praecepti
901 2503 1004 2551 aut
1035 2492 1289 2566 consilii3
1326 2491 1550 2552 ratione
1590 2491 1829 2551 demum
1874 2494 2021 2564 loci,
2057 2488 2249 2549 localis
2277 2501 2378 2548 aut

249 2587 592 2649 universalis
621 2589 731 2668 (l).

336 2682 474 2742 336.
521 2683 960 2759 Controversia,
987 2704 1117 2765 quae
1141 2681 1465 2742 Catholicos
1488 2683 1641 2741 inter
1662 2702 1727 2740 ac
1749 2684 2145 2740 Protestantes
2165 2681 2373 2754 fervet,

254 2780 402 2840 circa
438 2778 780 2845 traditiones
808 2778 1161 2860 dogmaticas
1200 2798 1301 2838 seu
1335 2777 1563 2839 divinas
1599 2787 1883 2838 versatur.
1916 2777 2194 2849 Quamvis
2222 2776 2380 2835 enim

323 3014 389 3076 (l)
427 3014 488 3062 Ut
511 3012 612 3062 haec
637 3010 857 3078 exemplis
879 3010 1187 3069 illustremuS‚
1217 3010 1276 3058 ad
1359 3010 1464 3059 dem
1492 3011 1717 3075 perpetui
1743 3026 1797 3057 ac
1829 3010 2098 3058 universalis
2127 3011 2377 3057 constituta

255 3095 552 3144 traditionem
585 3095 883 3161 apostolicam
915 3088 1108 3159 pertinet
1137 3092 1276 3139 disci-
1360 3103 1495 3152 sunt,
1531 3094 1568 3140 si
1601 3094 1803 3156 primum
1843 3094 2070 3156 excipias3
2105 3090 2378 3155 temporalis

253 3176 384 3242 plina
403 3179 521 3225 circa
541 3180 682 3224 ritum
712 3174 1066 3225 administrandi
1098 3173 1276 3239 Baptis-
1361 3176 1555 3224 habetur
1580 3174 1845 3238 exemplum
1877 3175 1927 3220 in
1953 3182 2178 3237 praecepto
2206 3173 2261 3220 de
2293 3173 2378 3221 ab·

256 3277 388 3308 mum
409 3277 489 3325 per
509 3263 888 3320 immersionem,
909 3262 1032 3308 circa
1053 3257 1274 3306 observa·
1360 3258 1573 3306 stinentia
1602 3273 1628 3303 a
1660 3257 1883 3318 sanguine
1917 3263 1962 3301 et
2003 3254 2260 3316 suffocat03
2299 3272 2379 3319 per

256 3346 432 3392 tionem
446 3342 687 3390 dominicae
701 3342 1058 3390 diei'substitutae
1068 3339 1277 3402 sabbato,
1361 3339 1553 3388 modum
1569 3336 1762 3386 consilii
1770 3374 1784 3397 ‚
1806 3347 1857 3384 ut
1876 3337 2093 3400 professio
2113 3337 2375 3399 caelibatus;

253 3428 489 3492 jejunium
535 3425 930 3491 quadragesimale
949 3460 965 3488 ,
1010 3425 1279 3490 permixtio·
1362 3422 1664 3472 ecclesiastica
1696 3429 1741 3467 et
1767 3418 1923 3467 localis
1953 3419 2132 3467 traditio
2161 3418 2375 3466 habenda

258 3527 367 3557 nem
386 3526 514 3575 aquae
529 3525 638 3557 cum
658 3509 771 3556 vino
791 3510 838 3556 iu
859 3509 999 3557 calice
1015 3507 1252 3556 offerendo
1265 3545 1278 3568 ‚
1362 3515 1427 3555 est
1443 3503 1700 3552 observatio
1724 3519 1798 3550 ex.
1820 3519 1888 3565 gr.
1904 3503 2072 3567 jejunii
2090 3503 2140 3550 in
2155 3500 2345 3550 sabbato
2358 3537 2372 3561 ‚

256 3609 367 3659 quae
384 3595 518 3642 etiam
535 3607 615 3658 per
635 3591 825 3641 modum
846 3593 1089 3658 praecepti,
1113 3601 1159 3641 et
1175 3593 1279 3658 qui·
1363 3605 1463 3655 quae
1486 3586 1596 3635 olim
1616 3585 1775 3634 Romae
1804 3583 2055 3633 obtinebat.
