2502 4134
261 132 380 195 344
860 148 1055 187 masor.
1099 149 1169 188 nn
1212 148 1365 188 zoms
1406 150 1781 193 mnotoemls.

264 297 436 371 uvis,
484 314 610 375 quae
649 291 814 350 illam
860 289 1268 350 necessitatem
1311 289 1665 367 ostendant3
1725 306 1785 355 et
1838 297 2115 378 quoniam
2161 298 2381 357 motiva

263 389 545 469 ejusmodi
590 408 697 468 pro
740 386 964 446 diversa
1004 385 1249 463 objecti,
1285 385 1444 466 quod
1481 387 1677 445 animo
1710 387 2086 466 obversatur,
2133 403 2340 452 natura
2363 438 2378 468 .,

263 487 493 546 diversa
520 503 641 541 esse
673 493 892 563 queant
914 527 930 556 ,
969 481 1106 540 hinc
1134 480 1421 540 certitudo
1453 479 1668 542 diversi
1691 482 1896 545 itidem
1924 488 2148 566 generis
2171 533 2186 563 ,
2219 488 2382 570 quod

261 578 445 663 probe
480 576 1074 650 attendendum-est,
1118 576 1366 655 exurgit.
1432 662 1449 668 N

344 674 445 732 22.
494 674 627 733 Haec
677 695 851 754 porro
906 673 1127 731 motiva
1172 672 1268 732 vel
1324 674 1658 731 intrinseca-
1703 684 1842 732 sunt
1889 674 1984 734 vel
2032 680 2382 739 eoetrinseca.

264 770 607 831 Intrinseca
645 768 917 843 dicimuS‚
954 789 1082 848 quae
1128 768 1437 828 veritatem
1469 755 1878 849 propositionis
1913 769 2036 832 sive
2075 774 2389 832 necessita-

265 877 389 926 tem
425 887 607 924 nexus
635 865 791 923 inter
818 863 1143 942 subJectu'm
1179 874 1237 922 et
1268 863 1650 942 praedicatum
1682 867 2007 924 intrinsece
2043 867 2382 927 ostendunt.

266 961 335 1021 Id
379 960 536 1042 quod
571 958 881 1042 dupliciter
917 960 1153 1020 evenire
1192 970 1422 1040 potest,
1466 959 1751 1017 nimirum
1787 959 1883 1021 vel
1922 962 2215 1033 absolute,
2257 982 2390 1021 cum

269 1056 488 1116 scilicet
538 1055 860 1115 ostendunt
913 1055 1321 1114 necessitatem
1374 1056 1711 1113 absolutam
1763 1055 2175 1137 propositionis
2221 1078 2321 1115 seu
2359 1078 2393 1115 a

261 1157 472 1234 priori
504 1173 575 1212 ex
606 1152 732 1232 ipsa
769 1150 976 1229 objecti
1006 1162 1214 1209 natura
1252 1149 1658 1209 dimanantem
1687 1149 1810 1229 (l)3
1846 1150 1942 1210 vel
1970 1154 2395 1230 continyenter‚

269 1270 404 1308 cum
451 1249 848 1308 necessitatem
899 1247 1331 1325 hypotheticam
1388 1267 1490 1304 seu
1537 1269 1576 1304 a
1613 1250 1940 1325 posteriori
1985 1247 2395 1328 propositionis

271 1343 583 1419 exhibent,
617 1365 744 1425 quae
778 1341 1049 1423 videlicet
1075 1364 1146 1400 ex
1177 1340 1371 1423 aliquo
1402 1341 1552 1400 facto
1588 1342 1949 1422 contingenti
1972 1341 2213 1424 profluit
2236 1388 2251 1417 .‚
2280 1364 2395 1423 quo

269 1441 460 1523 posito
495 1440 620 1499 fieri
664 1439 905 1520 nequit,
951 1448 1017 1495 ut
1063 1437 1382 1518 propositio
1429 1437 1753 1497 necessario
1807 1459 1944 1499 vera
1995 1460 2115 1495 non
2163 1438 2238 1495 sit
2278 1439 2389 1517 (2).

274 1538 559 1595 Praeterea
604 1534 824 1594 motiva
867 1533 965 1591 illa
1012 1532 1324 1592 intrinseca
1352 1579 1369 1609 ,
1429 1532 1551 1591 sive
1605 1533 2013 1593 necessitatem
2068 1531 2394 1591 absolutam

273 1631 685 1714 propositionis
717 1632 837 1691 sive
866 1629 1305 1711 hypotheticam
1334 1628 1687 1704 exhibeant,
1717 1629 1779 1687 id
1807 1640 1908 1687 aut
1932 1630 2275 1687 immediate
2297 1639 2397 1687 aut

274 1728 533 1786 mediate
566 1725 791 1784 efficere
831 1736 1076 1805 queunt.
1119 1723 1258 1783 Aliae
1302 1724 1519 1804 quippe
1554 1724 1980 1805 propositiones
2025 1735 2163 1783 sunt
2199 1745 2305 1805 per
2339 1745 2398 1784 se

276 1821 399 1882 sive
439 1820 711 1880 intuitive
750 1819 1086 1894 evidenteS.,
1132 1818 1254 1878 aliae
1292 1840 1430 1880 vero
1470 1819 1547 1877 ad
1589 1841 1732 1900 quas
1772 1830 1931 1878 certo
1973 1818 2399 1898 cognoscendas

274 1937 383 1999 per
415 1915 782 1974 ratiocinium
822 1914 1205 1986 adducimur,
1249 1935 1496 1996 quaeque
1533 1926 1845 1996 propterea
1886 1913 2070 1975 veluti
2111 1914 2398 1975 illationes

275 2032 349 2071 ex
376 2011 579 2092 primis
609 2009 954 2071 veritatibus
984 2011 1269 2071 intuitivis
1310 2022 1629 2085 eruuntur,
1657 2009 1815 2069 unde
1842 2010 2145 2068 conficitur
2170 2011 2402 2069 demon-

274 2110 505 2166 stratio.
556 2107 626 2165 Et
673 2107 950 2188 quoniam
989 2107 1303 2189 primitivae
1346 2106 1435 2166 hae
1478 2107 1751 2168 veritates
1790 2128 1862 2165 ex
1905 2109 2030 2185 jam
2072 2107 2355 2187 praejactis
2381 2151 2398 2182 ,

275 2200 521 2283 duplicis
555 2201 773 2261 ordinis
808 2213 979 2277 sunt,
1020 2202 1237 2262 scilicet
1270 2202 1364 2264 vel
1401 2202 1593 2282 logicae
1615 2249 1631 2278 ,
1665 2201 1763 2264 vel
1799 2200 2248 2283 psychologicae,
2286 2200 2402 2260 du·-

275 2296 415 2379 plex
465 2297 643 2376 etiam
685 2297 1197 2357 demonstrationis
1248 2320 1428 2378 genus
1477 2298 1692 2372 datur,
1744 2297 1998 2357 alterum
2039 2299 2323 2356 nimirum
2368 2320 2401 2357 a

229 2384 234 2388 ⁴
266 2396 504 2472 priori,
537 2391 791 2451 alterum
817 2415 857 2451 a
871 2398 1228 2472 posteriori,
1263 2405 1439 2476 prout
1473 2392 1547 2451 ab
1583 2392 1697 2451 illis
1733 2392 1828 2454 vel
1858 2393 1983 2452 istis
2012 2393 2216 2475 primis
2247 2393 2404 2456 veri-

279 2486 497 2546 tatibus
533 2488 932 2548 ratiocinando
970 2485 1355 2550 concluditur.
1380 2491 1639 2570 Utraque
1666 2501 1866 2549 tamen
1883 2536 1899 2565 ,
1926 2492 1973 2548 si
1998 2490 2108 2548 rite
2131 2490 2206 2546 sit
2230 2489 2401 2549 insti-

279 2593 442 2659 tuta,
484 2606 700 2666 nempe
737 2585 784 2643 si
824 2587 1212 2644 necessarium
1251 2606 1471 2645 nexum
1513 2586 1670 2643 inter
1714 2587 2020 2646 veritatem
2064 2585 2402 2645 intuitivam

278 2686 455 2759 atque
498 2700 628 2737 eam
667 2700 792 2761 quae
829 2680 965 2739 inde
1009 2680 1317 2740 deducitur
1361 2679 1666 2754 ostendat,
1713 2683 2047 2759 apodictica
2093 2679 2304 2738 dicitur
2342 2689 2402 2738 et

283 2784 404 2849 est,
436 2795 501 2835 ac
535 2774 748 2836 veritas
783 2774 1030 2857 proinde
1063 2775 1310 2836 deducta
1349 2774 1610 2855 ejusdem
1640 2775 1837 2838 evadit
1873 2774 2238 2837 certitudinis
2266 2795 2400 2833 cum

281 2868 566 2952 principio
587 2915 603 2946 ‚
636 2892 669 2929 a
709 2892 825 2952 quo
855 2870 1180 2931 deducitur.

362 2964 466 3025 23.
509 2967 594 3026 Ex
614 2965 680 3026 iis
702 2987 906 3048 porr0,
932 2986 1058 3048 quae
1086 2965 1182 3026 hic
1208 2966 1641 3030 enucleavimus
1657 3011 1673 3043 ‚
1699 2977 1863 3049 patet
1882 3012 1898 3043 ,
1926 2966 2145 3028 motiva
2168 2967 2401 3024 intrin-

1589 3194 1592 3212 χ

286 3224 435 3272 tionis
467 3226 560 3274 sive
583 3225 733 3290 facti,
767 3244 867 3293 quae
894 3229 1118 3276 nimirum
1136 3263 1150 3288 ‚
1178 3246 1295 3294 qua·
1380 3229 1507 3278 sax-iis
1535 3226 1839 3276 relationibus
1864 3228 2062 3291 exurgit.

283 3306 542 3371 liscumque
570 3307 760 3356 demum
788 3327 838 3358 ea
862 3312 951 3369 sit,
982 3326 1063 3375 per
1090 3311 1295 3376 aliquam
1449 3310 1515 3374 (2)
1555 3309 1687 3357 Tales
1710 3319 1817 3357 sunt
1838 3311 2045 3357 veritates
2069 3309 2174 3357 faeti
2197 3309 2396 3371 interni,

284 3390 641 3454 propositionem
667 3407 844 3455 semper
869 3402 1014 3456 potest
1038 3395 1293 3441 enunciari.
1379 3409 1482 3459 quae
1510 3392 1680 3440 scilicet
1707 3391 1765 3439 ab
1798 3393 1894 3455 ipsa
1926 3393 2146 3440 interiore
2174 3394 2402 3458 cujusque

356 3469 428 3534 (1)
463 3468 596 3519 Tales
632 3482 741 3519 sunt
772 3490 930 3523 omnes
959 3478 1166 3547 veritates
1198 3493 1297 3522 ma·
1377 3475 1656 3523 conscientia
1697 3474 1963 3522 immediate
1999 3475 2294 3536 revelantur,
2332 3475 2401 3522 uti

288 3550 541 3600 thematicae
559 3587 575 3611 ‚
606 3554 826 3602 axiomata
844 3591 856 3615 ,
889 3566 974 3605 ete.
1005 3559 1136 3623 eujus
1167 3558 1296 3605 vide·
1379 3558 1561 3623 propria
1589 3557 1831 3607 existentia
1852 3593 1867 3619 ‚
1900 3566 1990 3607 etc.

286 3631 396 3687 licet
420 3635 665 3687 necessitas
690 3651 744 3686 ex
775 3636 885 3703 ipsis
909 3638 1117 3691 idearum
1142 3653 1300 3692 neces-
