<?xml version="1.0" encoding="UTF-8"?>
<!DOCTYPE html PUBLIC "-//W3C//DTD XHTML 1.0 Transitional//EN"
    "http://www.w3.org/TR/xhtml1/DTD/xhtml1-transitional.dtd">
<html xmlns="http://www.w3.org/1999/xhtml" xml:lang="en" lang="en">
 <head>
  <title>
</title>
<meta http-equiv="Content-Type" content="text/html;charset=utf-8" />
  <meta name='ocr-system' content='tesseract 3.04.00' />
  <meta name='ocr-capabilities' content='ocr_page ocr_carea ocr_par ocr_line ocrx_word'/>
</head>
<body>
  <div class='ocr_page' id='page_1' title='image "a603693809perruoft_0380.png"; bbox 0 0 2502 4134; ppageno 0'>
   <div class='ocr_carea' id='block_1_1' title="bbox 246 109 367 172">
    <p class='ocr_par' dir='ltr' id='par_1_1' title="bbox 246 109 367 172">
     <span class='ocr_line' id='line_1_1' title="bbox 246 109 367 172; baseline -0.017 0"><span class='ocrx_word' id='word_1_1' title='bbox 246 109 367 172; x_wconf 78' lang='lat'>372</span> 
     </span>
    </p>
   </div>
   <div class='ocr_carea' id='block_1_2' title="bbox 869 124 1778 177">
    <p class='ocr_par' dir='ltr' id='par_1_2' title="bbox 869 124 1778 177">
     <span class='ocr_line' id='line_1_2' title="bbox 869 124 1778 177; baseline -0.001 -14"><span class='ocrx_word' id='word_1_2' title='bbox 869 126 1066 163; x_wconf 73' lang='lat' dir='ltr'>TRACT.</span> <span class='ocrx_word' id='word_1_3' title='bbox 1095 126 1166 177; x_wconf 70' lang='lat' dir='ltr'>DE</span> <span class='ocrx_word' id='word_1_4' title='bbox 1209 124 1360 162; x_wconf 68' lang='lat' dir='ltr'>touls</span> <span class='ocrx_word' id='word_1_5' title='bbox 1403 125 1778 164; x_wconf 78' lang='lat' dir='ltr'>THBOLOGICIS.</span> 
     </span>
    </p>
   </div>
   <div class='ocr_carea' id='block_1_3' title="bbox 201 263 2405 2263">
    <p class='ocr_par' dir='ltr' id='par_1_3' title="bbox 201 263 2405 2263">
     <span class='ocr_line' id='line_1_3' title="bbox 248 263 2379 348; baseline -0.006 -13"><span class='ocrx_word' id='word_1_6' title='bbox 248 286 465 335; x_wconf 84' lang='lat' dir='ltr'>aeterna</span> <span class='ocrx_word' id='word_1_7' title='bbox 503 271 747 332; x_wconf 85' lang='lat' dir='ltr'>veritate</span> <span class='ocrx_word' id='word_1_8' title='bbox 787 266 1037 348; x_wconf 83' lang='lat' dir='ltr'>positam</span> <span class='ocrx_word' id='word_1_9' title='bbox 1057 311 1074 339; x_wconf 71' lang='grc'><em>,</em></span> <span class='ocrx_word' id='word_1_10' title='bbox 1116 263 1462 345; x_wconf 81' lang='lat' dir='ltr'>assumpsit3</span> <span class='ocrx_word' id='word_1_11' title='bbox 1496 285 1613 345; x_wconf 90' lang='lat' dir='ltr'>quo</span> <span class='ocrx_word' id='word_1_12' title='bbox 1646 265 1862 324; x_wconf 89' lang='lat' dir='ltr'>factum</span> <span class='ocrx_word' id='word_1_13' title='bbox 1891 278 1981 327; x_wconf 91' lang='lat' dir='ltr'>est</span> <span class='ocrx_word' id='word_1_14' title='bbox 2003 310 2020 340; x_wconf 88' lang='lat'>.,</span> <span class='ocrx_word' id='word_1_15' title='bbox 2049 278 2115 325; x_wconf 95' lang='lat' dir='ltr'>ut</span> <span class='ocrx_word' id='word_1_16' title='bbox 2141 266 2290 325; x_wconf 91' lang='lat' dir='ltr'>ratio</span> <span class='ocrx_word' id='word_1_17' title='bbox 2315 285 2379 324; x_wconf 89' lang='lat' dir='ltr'>ac</span> 
     </span>
     <span class='ocr_line' id='line_1_4' title="bbox 246 359 2389 442; baseline -0.006 -11"><span class='ocrx_word' id='word_1_18' title='bbox 246 368 525 432; x_wconf 86' lang='lat' dir='ltr'>revelatio</span> <span class='ocrx_word' id='word_1_19' title='bbox 563 384 687 424; x_wconf 92' lang='lat' dir='ltr'>sese</span> <span class='ocrx_word' id='word_1_20' title='bbox 724 373 931 421; x_wconf 85' lang='lat' dir='ltr'>mutuo</span> <span class='ocrx_word' id='word_1_21' title='bbox 970 359 1491 442; x_wconf 88' lang='lat' dir='ltr'>compenetrarint.</span> <span class='ocrx_word' id='word_1_22' title='bbox 1534 360 1600 417; x_wconf 84' lang='lat'>50</span> <span class='ocrx_word' id='word_1_23' title='bbox 1638 361 1902 419; x_wconf 88' lang='lat' dir='ltr'>Amicum</span> <span class='ocrx_word' id='word_1_24' title='bbox 1940 362 2050 422; x_wconf 91' lang='lat' dir='ltr'>hoc</span> <span class='ocrx_word' id='word_1_25' title='bbox 2083 362 2273 422; x_wconf 90' lang='lat' dir='ltr'>foedus</span> <span class='ocrx_word' id='word_1_26' title='bbox 2314 361 2389 420; x_wconf 85' lang='lat' dir='ltr'>ad</span> 
     </span>
     <span class='ocr_line' id='line_1_5' title="bbox 250 454 2388 540; baseline -0.004 -17"><span class='ocrx_word' id='word_1_27' title='bbox 250 463 571 523; x_wconf 89' lang='lat' dir='ltr'>Cartesium</span> <span class='ocrx_word' id='word_1_28' title='bbox 597 480 781 540; x_wconf 92' lang='lat' dir='ltr'>usque</span> <span class='ocrx_word' id='word_1_29' title='bbox 809 456 1208 538; x_wconf 82' lang='lat' dir='ltr'>perseveravit</span> <span class='ocrx_word' id='word_1_30' title='bbox 1230 500 1246 527; x_wconf 57' lang='lat'>7</span> <span class='ocrx_word' id='word_1_31' title='bbox 1275 477 1306 513; x_wconf 90' lang='lat' dir='ltr'>a</span> <span class='ocrx_word' id='word_1_32' title='bbox 1335 477 1451 536; x_wconf 90' lang='lat' dir='ltr'>quo</span> <span class='ocrx_word' id='word_1_33' title='bbox 1477 454 1721 513; x_wconf 87' lang='lat' dir='ltr'>tandem</span> <span class='ocrx_word' id='word_1_34' title='bbox 1750 476 1857 535; x_wconf 89' lang='lat' dir='ltr'>per</span> <span class='ocrx_word' id='word_1_35' title='bbox 1890 478 2188 517; x_wconf 88' lang='lat' dir='ltr'>summum</span> <span class='ocrx_word' id='word_1_36' title='bbox 2224 457 2388 516; x_wconf 90' lang='lat' dir='ltr'>nefas</span> 
     </span>
     <span class='ocr_line' id='line_1_6' title="bbox 248 550 2389 633; baseline -0.003 -16"><span class='ocrx_word' id='word_1_37' title='bbox 248 555 595 617; x_wconf 90' lang='lat' dir='ltr'>dissolutum</span> <span class='ocrx_word' id='word_1_38' title='bbox 626 565 735 614; x_wconf 93' lang='lat' dir='ltr'>est.</span> <span class='ocrx_word' id='word_1_39' title='bbox 768 554 832 612; x_wconf 88' lang='lat'>60</span> <span class='ocrx_word' id='word_1_40' title='bbox 861 552 1006 612; x_wconf 86' lang='lat' dir='ltr'>Inde</span> <span class='ocrx_word' id='word_1_41' title='bbox 1042 551 1282 609; x_wconf 85' lang='lat' dir='ltr'>rationis</span> <span class='ocrx_word' id='word_1_42' title='bbox 1320 554 1706 618; x_wconf 77' lang='lat' dir='ltr'>autonomia,·</span> <span class='ocrx_word' id='word_1_43' title='bbox 1732 550 1872 610; x_wconf 88' lang='lat' dir='ltr'>inde</span> <span class='ocrx_word' id='word_1_44' title='bbox 1903 553 2048 610; x_wconf 87' lang='lat' dir='ltr'>ratio</span> <span class='ocrx_word' id='word_1_45' title='bbox 2080 575 2144 612; x_wconf 90' lang='lat' dir='ltr'>ac</span> <span class='ocrx_word' id='word_1_46' title='bbox 2171 553 2389 633; x_wconf 82' lang='lat' dir='ltr'>Religio</span> 
     </span>
     <span class='ocr_line' id='line_1_7' title="bbox 247 645 2384 732; baseline -0.002 -20"><span class='ocrx_word' id='word_1_47' title='bbox 247 651 321 712; x_wconf 89' lang='lat' dir='ltr'>ab</span> <span class='ocrx_word' id='word_1_48' title='bbox 353 652 608 712; x_wconf 89' lang='lat' dir='ltr'>invicem</span> <span class='ocrx_word' id='word_1_49' title='bbox 647 660 929 732; x_wconf 87' lang='lat' dir='ltr'>separatae</span> <span class='ocrx_word' id='word_1_50' title='bbox 963 669 1029 707; x_wconf 91' lang='lat' dir='ltr'>ac</span> <span class='ocrx_word' id='word_1_51' title='bbox 1073 646 1312 706; x_wconf 81' lang='lat' dir='ltr'>hostiles</span> <span class='ocrx_word' id='word_1_52' title='bbox 1350 645 1595 705; x_wconf 83' lang='lat' dir='ltr'>effectae.</span> <span class='ocrx_word' id='word_1_53' title='bbox 1618 646 1685 704; x_wconf 92' lang='lat'>70</span> <span class='ocrx_word' id='word_1_54' title='bbox 1713 645 2026 705; x_wconf 81' lang='lat' dir='ltr'>Undenam</span> <span class='ocrx_word' id='word_1_55' title='bbox 2060 649 2219 707; x_wconf 88' lang='lat' dir='ltr'>enim</span> <span class='ocrx_word' id='word_1_56' title='bbox 2249 648 2384 732; x_wconf 89' lang='lat' dir='ltr'>pul-</span> 
     </span>
     <span class='ocr_line' id='line_1_8' title="bbox 245 743 2393 822; baseline -0.001 -17"><span class='ocrx_word' id='word_1_57' title='bbox 245 746 510 806; x_wconf 90' lang='lat' dir='ltr'>lularunt</span> <span class='ocrx_word' id='word_1_58' title='bbox 548 756 675 804; x_wconf 91' lang='lat' dir='ltr'>tum</span> <span class='ocrx_word' id='word_1_59' title='bbox 711 750 1039 804; x_wconf 70' lang='lat' dir='ltr'>sensz&#39;smus</span> <span class='ocrx_word' id='word_1_60' title='bbox 1093 763 1156 800; x_wconf 84' lang='lat' dir='ltr'>ac</span> <span class='ocrx_word' id='word_1_61' title='bbox 1204 743 1712 813; x_wconf 73' lang='lat' dir='ltr'>materialismu8‚</span> <span class='ocrx_word' id='word_1_62' title='bbox 1758 743 1858 822; x_wconf 90' lang='lat' dir='ltr'>qui</span> <span class='ocrx_word' id='word_1_63' title='bbox 1886 747 2234 821; x_wconf 78' lang='lat' dir='ltr'>empiriemo</span> <span class='ocrx_word' id='word_1_64' title='bbox 2260 766 2393 803; x_wconf 76' lang='lat' dir='ltr'>sen·-</span> 
     </span>
     <span class='ocr_line' id='line_1_9' title="bbox 248 838 2396 916; baseline -0.001 -15"><span class='ocrx_word' id='word_1_65' title='bbox 248 843 421 902; x_wconf 71' lang='lat' dir='ltr'>sibili</span> <span class='ocrx_word' id='word_1_66' title='bbox 455 842 827 910; x_wconf 77' lang='lat' dir='ltr'>innituntur,</span> <span class='ocrx_word' id='word_1_67' title='bbox 876 851 1005 897; x_wconf 90' lang='lat' dir='ltr'>tum</span> <span class='ocrx_word' id='word_1_68' title='bbox 1046 838 1403 896; x_wconf 77' lang='lat' dir='ltr'>idealismns</span> <span class='ocrx_word' id='word_1_69' title='bbox 1445 859 1518 895; x_wconf 84' lang='lat' dir='ltr'>ac</span> <span class='ocrx_word' id='word_1_70' title='bbox 1553 838 1976 916; x_wconf 76' lang='lat' dir='ltr'>pantheismus</span> <span class='ocrx_word' id='word_1_71' title='bbox 2012 841 2396 916; x_wconf 74' lang='lat' dir='ltr'>spiritualis-</span> 
     </span>
     <span class='ocr_line' id='line_1_10' title="bbox 251 931 2396 1018; baseline -0.001 -22"><span class='ocrx_word' id='word_1_72' title='bbox 251 941 440 1009; x_wconf 67' lang='grc' dir='ltr'>τίσεις,</span> <span class='ocrx_word' id='word_1_73' title='bbox 470 935 569 1018; x_wconf 90' lang='lat' dir='ltr'>qui</span> <span class='ocrx_word' id='word_1_74' title='bbox 595 936 658 993; x_wconf 88' lang='lat' dir='ltr'>in</span> <span class='ocrx_word' id='word_1_75' title='bbox 682 938 1033 1015; x_wconf 76' lang='lat' dir='ltr'>empirismo</span> <span class='ocrx_word' id='word_1_76' title='bbox 1051 934 1463 1013; x_wconf 71' lang='lat' dir='ltr'>psycholoqioo</span> <span class='ocrx_word' id='word_1_77' title='bbox 1489 931 1841 1010; x_wconf 79' lang='lat' dir='ltr'>fundantur3</span> <span class='ocrx_word' id='word_1_78' title='bbox 1864 944 1994 993; x_wconf 89' lang='lat' dir='ltr'>tum</span> <span class='ocrx_word' id='word_1_79' title='bbox 2017 935 2396 1005; x_wconf 70' lang='lat' dir='ltr'>hantz‘smus,</span> 
     </span>
     <span class='ocr_line' id='line_1_11' title="bbox 258 1027 2399 1114; baseline -0.002 -21"><span class='ocrx_word' id='word_1_80' title='bbox 258 1034 641 1114; x_wconf 74' lang='lat' dir='ltr'>heyelismus‚</span> <span class='ocrx_word' id='word_1_81' title='bbox 680 1032 1142 1090; x_wconf 76' lang='lat' dir='ltr'>rationalismns</span> <span class='ocrx_word' id='word_1_82' title='bbox 1159 1072 1180 1101; x_wconf 88' lang='lat'><em>,</em></span> <span class='ocrx_word' id='word_1_83' title='bbox 1226 1040 1286 1087; x_wconf 91' lang='lat' dir='ltr'>et</span> <span class='ocrx_word' id='word_1_84' title='bbox 1333 1028 1444 1087; x_wconf 92' lang='lat' dir='ltr'>alia</span> <span class='ocrx_word' id='word_1_85' title='bbox 1484 1027 1545 1086; x_wconf 94' lang='lat' dir='ltr'>id</span> <span class='ocrx_word' id='word_1_86' title='bbox 1588 1050 1773 1110; x_wconf 83' lang='lat' dir='ltr'>genus</span> <span class='ocrx_word' id='word_1_87' title='bbox 1824 1041 2123 1104; x_wconf 66' lang='lat' dir='ltr'>monstra,</span> <span class='ocrx_word' id='word_1_88' title='bbox 2174 1029 2288 1088; x_wconf 89' lang='lat' dir='ltr'>nisi</span> <span class='ocrx_word' id='word_1_89' title='bbox 2327 1051 2399 1089; x_wconf 81' lang='lat' dir='ltr'>ex</span> 
     </span>
     <span class='ocr_line' id='line_1_12' title="bbox 255 1124 2400 1211; baseline -0.001 -24"><span class='ocrx_word' id='word_1_90' title='bbox 255 1127 545 1211; x_wconf 87' lang='lat' dir='ltr'>principio</span> <span class='ocrx_word' id='word_1_91' title='bbox 562 1172 578 1202; x_wconf 88' lang='lat'>.‚</span> <span class='ocrx_word' id='word_1_92' title='bbox 605 1126 763 1208; x_wconf 92' lang='lat' dir='ltr'>quod</span> <span class='ocrx_word' id='word_1_93' title='bbox 787 1125 1003 1185; x_wconf 88' lang='lat' dir='ltr'>debeat</span> <span class='ocrx_word' id='word_1_94' title='bbox 1032 1124 1293 1183; x_wconf 89' lang='lat' dir='ltr'>humana</span> <span class='ocrx_word' id='word_1_95' title='bbox 1319 1125 1468 1183; x_wconf 84' lang='lat' dir='ltr'>ratio</span> <span class='ocrx_word' id='word_1_96' title='bbox 1489 1146 1604 1201; x_wconf 81' lang='lat' dir='ltr'>per</span> <span class='ocrx_word' id='word_1_97' title='bbox 1627 1146 1686 1183; x_wconf 79' lang='lat' dir='ltr'>se</span> <span class='ocrx_word' id='word_1_98' title='bbox 1704 1167 1726 1197; x_wconf 88' lang='lat'><em>,</em></span> <span class='ocrx_word' id='word_1_99' title='bbox 1755 1145 1820 1184; x_wconf 87' lang='lat' dir='ltr'>ac</span> <span class='ocrx_word' id='word_1_100' title='bbox 1853 1147 1925 1184; x_wconf 84' lang='lat' dir='ltr'>ex</span> <span class='ocrx_word' id='word_1_101' title='bbox 1949 1125 2185 1207; x_wconf 85' lang='lat' dir='ltr'>proprio</span> <span class='ocrx_word' id='word_1_102' title='bbox 2216 1126 2400 1208; x_wconf 89' lang='lat' dir='ltr'>ipsius</span> 
     </span>
     <span class='ocr_line' id='line_1_13' title="bbox 255 1220 2404 1308; baseline -0.003 -24"><span class='ocrx_word' id='word_1_103' title='bbox 255 1245 447 1308; x_wconf 71' lang='lat' dir='ltr'>penu,</span> <span class='ocrx_word' id='word_1_104' title='bbox 468 1222 940 1305; x_wconf 78' lang='lat' dir='ltr'>independenter</span> <span class='ocrx_word' id='word_1_105' title='bbox 973 1244 1003 1280; x_wconf 90' lang='lat' dir='ltr'>a</span> <span class='ocrx_word' id='word_1_106' title='bbox 1035 1221 1286 1303; x_wconf 88' lang='lat' dir='ltr'>positiva</span> <span class='ocrx_word' id='word_1_107' title='bbox 1317 1220 1677 1280; x_wconf 80' lang='lat' dir='ltr'>revelatione</span> <span class='ocrx_word' id='word_1_108' title='bbox 1696 1265 1712 1295; x_wconf 88' lang='lat'>.,</span> <span class='ocrx_word' id='word_1_109' title='bbox 1743 1222 2058 1281; x_wconf 89' lang='lat' dir='ltr'>veritatem</span> <span class='ocrx_word' id='word_1_110' title='bbox 2088 1220 2404 1282; x_wconf 73' lang='lat' dir='ltr'>invenire?</span> 
     </span>
     <span class='ocr_line' id='line_1_14' title="bbox 260 1315 2398 1401; baseline -0.001 -21"><span class='ocrx_word' id='word_1_111' title='bbox 260 1318 507 1395; x_wconf 83' lang='lat' dir='ltr'>Qualem</span> <span class='ocrx_word' id='word_1_112' title='bbox 552 1318 812 1401; x_wconf 84' lang='lat' dir='ltr'>profecto</span> <span class='ocrx_word' id='word_1_113' title='bbox 856 1320 1046 1377; x_wconf 91' lang='lat' dir='ltr'>Deum</span> <span class='ocrx_word' id='word_1_114' title='bbox 1095 1315 1204 1376; x_wconf 89' lang='lat' dir='ltr'>sibi</span> <span class='ocrx_word' id='word_1_115' title='bbox 1249 1315 1358 1375; x_wconf 90' lang='lat' dir='ltr'>hoc</span> <span class='ocrx_word' id='word_1_116' title='bbox 1406 1315 1584 1375; x_wconf 89' lang='lat' dir='ltr'>modo</span> <span class='ocrx_word' id='word_1_117' title='bbox 1632 1317 1851 1398; x_wconf 86' lang='lat' dir='ltr'>poterit</span> <span class='ocrx_word' id='word_1_118' title='bbox 1894 1316 2172 1397; x_wconf 84' lang='lat' dir='ltr'>effingere</span> <span class='ocrx_word' id='word_1_119' title='bbox 2213 1317 2398 1392; x_wconf 82' lang='lat' dir='ltr'>rati0,</span> 
     </span>
     <span class='ocr_line' id='line_1_15' title="bbox 257 1412 2391 1496; baseline -0.001 -21"><span class='ocrx_word' id='word_1_120' title='bbox 257 1416 369 1475; x_wconf 91' lang='lat' dir='ltr'>nisi</span> <span class='ocrx_word' id='word_1_121' title='bbox 406 1416 474 1475; x_wconf 89' lang='lat'>8⁰</span> <span class='ocrx_word' id='word_1_122' title='bbox 509 1415 817 1475; x_wconf 83' lang='lat' dir='ltr'>entitatem</span> <span class='ocrx_word' id='word_1_123' title='bbox 845 1434 992 1496; x_wconf 90' lang='lat' dir='ltr'>pure</span> <span class='ocrx_word' id='word_1_124' title='bbox 1028 1412 1270 1493; x_wconf 82' lang='lat' dir='ltr'>logicam</span> <span class='ocrx_word' id='word_1_125' title='bbox 1301 1413 1416 1493; x_wconf 85' lang='lat' dir='ltr'>(l);</span> <span class='ocrx_word' id='word_1_126' title='bbox 1460 1413 1526 1471; x_wconf 83' lang='lat'>90</span> <span class='ocrx_word' id='word_1_127' title='bbox 1556 1412 1880 1490; x_wconf 91' lang='lat' dir='ltr'>subjectam</span> <span class='ocrx_word' id='word_1_128' title='bbox 1921 1415 2033 1494; x_wconf 85' lang='lat' dir='ltr'>ipsi</span> <span class='ocrx_word' id='word_1_129' title='bbox 2069 1425 2351 1474; x_wconf 84' lang='lat' dir='ltr'>creaturae</span> <span class='ocrx_word' id='word_1_130' title='bbox 2374 1460 2391 1488; x_wconf 84' lang='lat'>,</span> 
     </span>
     <span class='ocr_line' id='line_1_16' title="bbox 208 1498 2399 1594; baseline -0 -25"><span class='ocrx_word' id='word_1_131' title='bbox 208 1498 217 1511; x_wconf 60' lang='lat'><em>¹</em></span> <span class='ocrx_word' id='word_1_132' title='bbox 266 1512 427 1594; x_wconf 89' lang='lat' dir='ltr'>quod</span> <span class='ocrx_word' id='word_1_133' title='bbox 456 1511 710 1570; x_wconf 80' lang='lat' dir='ltr'>maxime</span> <span class='ocrx_word' id='word_1_134' title='bbox 738 1511 1074 1569; x_wconf 83' lang='lat' dir='ltr'>Creatorem</span> <span class='ocrx_word' id='word_1_135' title='bbox 1103 1507 1345 1567; x_wconf 88' lang='lat' dir='ltr'>dedecet</span> <span class='ocrx_word' id='word_1_136' title='bbox 1369 1508 1481 1587; x_wconf 80' lang='lat'><strong>(2);</strong></span> <span class='ocrx_word' id='word_1_137' title='bbox 1512 1507 1616 1566; x_wconf 89' lang='lat'>100</span> <span class='ocrx_word' id='word_1_138' title='bbox 1635 1507 1862 1567; x_wconf 89' lang='lat' dir='ltr'>idolum</span> <span class='ocrx_word' id='word_1_139' title='bbox 1891 1508 2132 1567; x_wconf 89' lang='lat' dir='ltr'>demum</span> <span class='ocrx_word' id='word_1_140' title='bbox 2151 1553 2167 1583; x_wconf 82' lang='lat'><strong>‚</strong></span> <span class='ocrx_word' id='word_1_141' title='bbox 2203 1531 2399 1568; x_wconf 85' lang='lat' dir='ltr'>coram</span> 
     </span>
     <span class='ocr_line' id='line_1_17' title="bbox 264 1606 2402 1692; baseline -0.001 -24"><span class='ocrx_word' id='word_1_142' title='bbox 264 1631 380 1692; x_wconf 90' lang='lat' dir='ltr'>quo</span> <span class='ocrx_word' id='word_1_143' title='bbox 421 1608 663 1691; x_wconf 88' lang='lat' dir='ltr'>posthac</span> <span class='ocrx_word' id='word_1_144' title='bbox 700 1608 877 1666; x_wconf 90' lang='lat' dir='ltr'>homo</span> <span class='ocrx_word' id='word_1_145' title='bbox 909 1617 1192 1688; x_wconf 85' lang='lat' dir='ltr'>tanquam</span> <span class='ocrx_word' id='word_1_146' title='bbox 1230 1606 1392 1687; x_wconf 85' lang='lat' dir='ltr'>operi</span> <span class='ocrx_word' id='word_1_147' title='bbox 1426 1627 1529 1663; x_wconf 92' lang='lat' dir='ltr'>suo</span> <span class='ocrx_word' id='word_1_148' title='bbox 1559 1607 1958 1687; x_wconf 82' lang='lat' dir='ltr'>prosternitur</span> <span class='ocrx_word' id='word_1_149' title='bbox 1991 1627 2055 1665; x_wconf 88' lang='lat' dir='ltr'>ac</span> <span class='ocrx_word' id='word_1_150' title='bbox 2090 1606 2226 1665; x_wconf 88' lang='lat' dir='ltr'>thus</span> <span class='ocrx_word' id='word_1_151' title='bbox 2255 1606 2402 1665; x_wconf 89' lang='lat' dir='ltr'>ado-</span> 
     </span>
     <span class='ocr_line' id='line_1_18' title="bbox 262 1701 2402 1787; baseline -0.001 -23"><span class='ocrx_word' id='word_1_152' title='bbox 262 1704 348 1765; x_wconf 90' lang='lat' dir='ltr'>let</span> <span class='ocrx_word' id='word_1_153' title='bbox 374 1703 509 1787; x_wconf 58' lang='lat' dir='ltr'>(3ss</span> <span class='ocrx_word' id='word_1_154' title='bbox 542 1705 646 1762; x_wconf 90' lang='lat'>110</span> <span class='ocrx_word' id='word_1_155' title='bbox 679 1703 1028 1780; x_wconf 87' lang='lat' dir='ltr'>Abjiciamus</span> <span class='ocrx_word' id='word_1_156' title='bbox 1065 1723 1201 1780; x_wconf 81' lang='lat' dir='ltr'>ergo</span> <span class='ocrx_word' id='word_1_157' title='bbox 1231 1701 1545 1760; x_wconf 88' lang='lat' dir='ltr'>rationales</span> <span class='ocrx_word' id='word_1_158' title='bbox 1579 1722 1785 1761; x_wconf 88' lang='lat' dir='ltr'>omnes</span> <span class='ocrx_word' id='word_1_159' title='bbox 1817 1702 2103 1780; x_wconf 88' lang='lat' dir='ltr'>ejusmodi</span> <span class='ocrx_word' id='word_1_160' title='bbox 2142 1702 2402 1763; x_wconf 91' lang='lat' dir='ltr'>demon-</span> 
     </span>
     <span class='ocr_line' id='line_1_19' title="bbox 201 1794 2403 1880; baseline -0 -21"><span class='ocrx_word' id='word_1_161' title='bbox 201 1867 211 1874; x_wconf 50' lang='lat'><strong><em>,</em></strong></span> <span class='ocrx_word' id='word_1_162' title='bbox 265 1800 609 1873; x_wconf 77' lang='lat' dir='ltr'>strationeS‚</span> <span class='ocrx_word' id='word_1_163' title='bbox 650 1818 902 1880; x_wconf 89' lang='lat' dir='ltr'>quarum</span> <span class='ocrx_word' id='word_1_164' title='bbox 947 1797 1296 1855; x_wconf 90' lang='lat' dir='ltr'>inanitatem</span> <span class='ocrx_word' id='word_1_165' title='bbox 1341 1800 1706 1855; x_wconf 60' lang='lat' dir='ltr'>antinomia?</span> <span class='ocrx_word' id='word_1_166' title='bbox 1755 1794 2051 1856; x_wconf 82' lang='lat' dir='ltr'>kantianae</span> <span class='ocrx_word' id='word_1_167' title='bbox 2097 1797 2403 1858; x_wconf 90' lang='lat' dir='ltr'>evidenter</span> 
     </span>
     <span class='ocr_line' id='line_1_20' title="bbox 263 1891 2405 1975; baseline -0.001 -20"><span class='ocrx_word' id='word_1_168' title='bbox 263 1893 584 1956; x_wconf 90' lang='lat' dir='ltr'>ostendunt</span> <span class='ocrx_word' id='word_1_169' title='bbox 617 1893 729 1975; x_wconf 77' lang='lat'><strong>(4),</strong></span> <span class='ocrx_word' id='word_1_170' title='bbox 771 1893 874 1951; x_wconf 79' lang='lat'>120</span> <span class='ocrx_word' id='word_1_171' title='bbox 910 1912 975 1951; x_wconf 89' lang='lat' dir='ltr'>ac</span> <span class='ocrx_word' id='word_1_172' title='bbox 1012 1902 1293 1974; x_wconf 83' lang='lat' dir='ltr'>praeterea</span> <span class='ocrx_word' id='word_1_173' title='bbox 1333 1891 1554 1950; x_wconf 87' lang='lat' dir='ltr'>facturn</span> <span class='ocrx_word' id='word_1_174' title='bbox 1592 1891 1788 1973; x_wconf 90' lang='lat' dir='ltr'>ipsum</span> <span class='ocrx_word' id='word_1_175' title='bbox 1834 1891 2076 1974; x_wconf 71' lang='lat' dir='ltr'>probatz,</span> <span class='ocrx_word' id='word_1_176' title='bbox 2126 1915 2297 1970; x_wconf 90' lang='lat' dir='ltr'>nam,</span> <span class='ocrx_word' id='word_1_177' title='bbox 2355 1895 2405 1954; x_wconf 94' lang='lat' dir='ltr'>si</span> 
     </span>
     <span class='ocr_line' id='line_1_21' title="bbox 267 1987 2403 2071; baseline -0.002 -18"><span class='ocrx_word' id='word_1_178' title='bbox 267 1991 382 2053; x_wconf 85' lang='lat' dir='ltr'>illae</span> <span class='ocrx_word' id='word_1_179' title='bbox 408 1990 654 2070; x_wconf 79' lang='lat' dir='ltr'>logicam</span> <span class='ocrx_word' id='word_1_180' title='bbox 682 1989 1088 2048; x_wconf 87' lang='lat' dir='ltr'>necessitatem</span> <span class='ocrx_word' id='word_1_181' title='bbox 1120 1987 1506 2062; x_wconf 70' lang='lat' dir='ltr'>inducerent,</span> <span class='ocrx_word' id='word_1_182' title='bbox 1547 1989 1793 2069; x_wconf 78' lang='lat' dir='ltr'>quinam</span> <span class='ocrx_word' id='word_1_183' title='bbox 1828 1988 1954 2047; x_wconf 91' lang='lat' dir='ltr'>dari</span> <span class='ocrx_word' id='word_1_184' title='bbox 1988 2000 2228 2070; x_wconf 87' lang='lat' dir='ltr'>possent</span> <span class='ocrx_word' id='word_1_185' title='bbox 2249 2034 2264 2063; x_wconf 83' lang='lat'>.,</span> <span class='ocrx_word' id='word_1_186' title='bbox 2298 1989 2403 2071; x_wconf 89' lang='lat' dir='ltr'>qui</span> 
     </span>
     <span class='ocr_line' id='line_1_22' title="bbox 272 2078 2404 2166; baseline -0.002 -18"><span class='ocrx_word' id='word_1_187' title='bbox 272 2087 347 2148; x_wconf 91' lang='lat' dir='ltr'>de</span> <span class='ocrx_word' id='word_1_188' title='bbox 381 2086 538 2147; x_wconf 89' lang='lat' dir='ltr'>hisce</span> <span class='ocrx_word' id='word_1_189' title='bbox 577 2078 921 2147; x_wconf 84' lang='lat' dir='ltr'>veritatibus</span> <span class='ocrx_word' id='word_1_190' title='bbox 954 2081 1341 2144; x_wconf 75' lang='lat' dir='ltr'>dubitarent?</span> <span class='ocrx_word' id='word_1_191' title='bbox 1376 2084 1555 2165; x_wconf 88' lang='lat' dir='ltr'>Atqui</span> <span class='ocrx_word' id='word_1_192' title='bbox 1589 2095 1790 2144; x_wconf 89' lang='lat' dir='ltr'>tamen</span> <span class='ocrx_word' id='word_1_193' title='bbox 1823 2083 2090 2166; x_wconf 86' lang='lat' dir='ltr'>plerique</span> <span class='ocrx_word' id='word_1_194' title='bbox 2125 2096 2265 2144; x_wconf 90' lang='lat' dir='ltr'>sunt</span> <span class='ocrx_word' id='word_1_195' title='bbox 2293 2085 2404 2166; x_wconf 89' lang='lat'><strong>(5).</strong></span> 
     </span>
     <span class='ocr_line' id='line_1_23' title="bbox 273 2183 440 2263; baseline -0.006 -21"><span class='ocrx_word' id='word_1_196' title='bbox 273 2183 440 2263; x_wconf 79' lang='lat' dir='ltr'>Ergo.</span> 
     </span>
    </p>
   </div>
   <div class='ocr_carea' id='block_1_4' title="bbox 273 2399 1310 3621">
    <p class='ocr_par' dir='ltr' id='par_1_4' title="bbox 274 2399 1303 2551">
     <span class='ocr_line' id='line_1_24' title="bbox 340 2399 1303 2469; baseline -0.006 -15"><span class='ocrx_word' id='word_1_197' title='bbox 340 2404 413 2469; x_wconf 90' lang='lat' dir='ltr'>(l)</span> <span class='ocrx_word' id='word_1_198' title='bbox 453 2403 524 2453; x_wconf 87' lang='lat' dir='ltr'>Ita</span> <span class='ocrx_word' id='word_1_199' title='bbox 571 2402 772 2453; x_wconf 87' lang='lat' dir='ltr'>Bautain</span> <span class='ocrx_word' id='word_1_200' title='bbox 797 2439 811 2462; x_wconf 90' lang='lat'><em>‚</em></span> <span class='ocrx_word' id='word_1_201' title='bbox 867 2400 1179 2468; x_wconf 71' lang='lat' dir='ltr'>Philosophia</span> <span class='ocrx_word' id='word_1_202' title='bbox 1235 2399 1303 2448; x_wconf 80' lang='lat' dir='ltr'>dn</span> 
     </span>
     <span class='ocr_line' id='line_1_25' title="bbox 274 2488 1199 2551; baseline -0.004 -13"><span class='ocrx_word' id='word_1_203' title='bbox 274 2488 637 2538; x_wconf 75' lang='lat' dir='ltr'>christianismo</span> <span class='ocrx_word' id='word_1_204' title='bbox 649 2522 666 2545; x_wconf 91' lang='lat'><em>,</em></span> <span class='ocrx_word' id='word_1_205' title='bbox 698 2496 815 2536; x_wconf 88' lang='lat' dir='ltr'>tom.</span> <span class='ocrx_word' id='word_1_206' title='bbox 851 2502 898 2545; x_wconf 88' lang='lat'>1,</span> <span class='ocrx_word' id='word_1_207' title='bbox 939 2502 1046 2550; x_wconf 83' lang='lat' dir='ltr'>pag.</span> <span class='ocrx_word' id='word_1_208' title='bbox 1088 2500 1199 2551; x_wconf 79' lang='lat'>¹9²·</span> 
     </span>
    </p>

    <p class='ocr_par' dir='ltr' id='par_1_5' title="bbox 273 2563 1310 3457">
     <span class='ocr_line' id='line_1_26' title="bbox 346 2563 1303 2636; baseline -0.003 -17"><span class='ocrx_word' id='word_1_209' title='bbox 346 2570 418 2636; x_wconf 81' lang='lat'>(2)</span> <span class='ocrx_word' id='word_1_210' title='bbox 454 2568 524 2618; x_wconf 85' lang='lat' dir='ltr'>lta</span> <span class='ocrx_word' id='word_1_211' title='bbox 546 2565 688 2630; x_wconf 88' lang='lat' dir='ltr'>Klee‚</span> <span class='ocrx_word' id='word_1_212' title='bbox 716 2586 792 2633; x_wconf 87' lang='lat' dir='ltr'>op.</span> <span class='ocrx_word' id='word_1_213' title='bbox 817 2569 898 2617; x_wconf 86' lang='lat' dir='ltr'>cit.</span> <span class='ocrx_word' id='word_1_214' title='bbox 919 2567 1012 2618; x_wconf 85' lang='lat' dir='ltr'>vol.</span> <span class='ocrx_word' id='word_1_215' title='bbox 1035 2583 1097 2628; x_wconf 87' lang='lat'>11,</span> <span class='ocrx_word' id='word_1_216' title='bbox 1121 2584 1219 2633; x_wconf 81' lang='lat' dir='ltr'>pag.</span> <span class='ocrx_word' id='word_1_217' title='bbox 1238 2563 1271 2630; x_wconf 79' lang='grc'><em>4</em></span> <span class='ocrx_word' id='word_1_218' title='bbox 1287 2583 1303 2616; x_wconf 73' lang='grc' dir='ltr'><strong><em>ε</em></strong></span> 
     </span>
     <span class='ocr_line' id='line_1_27' title="bbox 278 2647 1305 2715; baseline -0.004 -15"><span class='ocrx_word' id='word_1_219' title='bbox 278 2650 351 2700; x_wconf 84' lang='lat' dir='ltr'>In</span> <span class='ocrx_word' id='word_1_220' title='bbox 378 2652 640 2712; x_wconf 72' lang='lat' dir='ltr'>sententia,</span> <span class='ocrx_word' id='word_1_221' title='bbox 674 2649 801 2715; x_wconf 82' lang='lat' dir='ltr'>quod</span> <span class='ocrx_word' id='word_1_222' title='bbox 818 2648 958 2698; x_wconf 71' lang='lat' dir='ltr'>Deus</span> <span class='ocrx_word' id='word_1_223' title='bbox 971 2652 1129 2715; x_wconf 69' lang='lat' dir='ltr'>possit</span> <span class='ocrx_word' id='word_1_224' title='bbox 1145 2664 1203 2697; x_wconf 84' lang='lat' dir='ltr'>ao</span> <span class='ocrx_word' id='word_1_225' title='bbox 1218 2647 1305 2697; x_wconf 79' lang='lat' dir='ltr'>de-</span> 
     </span>
     <span class='ocr_line' id='line_1_28' title="bbox 279 2730 1306 2797; baseline -0.004 -15"><span class='ocrx_word' id='word_1_226' title='bbox 279 2733 387 2782; x_wconf 83' lang='lat' dir='ltr'>beat</span> <span class='ocrx_word' id='word_1_227' title='bbox 413 2731 732 2781; x_wconf 78' lang='lat' dir='ltr'>demonstrari</span> <span class='ocrx_word' id='word_1_228' title='bbox 745 2766 764 2795; x_wconf 86' lang='lat'><em>‚</em></span> <span class='ocrx_word' id='word_1_229' title='bbox 776 2734 891 2797; x_wconf 72' lang='lat' dir='ltr'>J’am</span> <span class='ocrx_word' id='word_1_230' title='bbox 913 2730 1001 2779; x_wconf 78' lang='lat' dir='ltr'>hoc</span> <span class='ocrx_word' id='word_1_231' title='bbox 1024 2732 1127 2796; x_wconf 70' lang='lat' dir='ltr'>ipso</span> <span class='ocrx_word' id='word_1_232' title='bbox 1159 2747 1306 2796; x_wconf 80' lang='lat' dir='ltr'>nequ-</span> 
     </span>
     <span class='ocr_line' id='line_1_29' title="bbox 280 2811 1308 2882; baseline -0.002 -18"><span class='ocrx_word' id='word_1_233' title='bbox 280 2824 462 2866; x_wconf 81' lang='lat' dir='ltr'>tur.-</span> <span class='ocrx_word' id='word_1_234' title='bbox 482 2813 736 2882; x_wconf 69' lang='lat' dir='ltr'>Quatenus</span> <span class='ocrx_word' id='word_1_235' title='bbox 757 2814 891 2862; x_wconf 82' lang='lat' dir='ltr'>enim</span> <span class='ocrx_word' id='word_1_236' title='bbox 919 2811 1000 2860; x_wconf 84' lang='lat' dir='ltr'>ille</span> <span class='ocrx_word' id='word_1_237' title='bbox 1032 2828 1134 2861; x_wconf 89' lang='lat' dir='ltr'>non</span> <span class='ocrx_word' id='word_1_238' title='bbox 1155 2828 1308 2877; x_wconf 78' lang='lat' dir='ltr'>aqno-</span> 
     </span>
     <span class='ocr_line' id='line_1_30' title="bbox 282 2884 1304 2962; baseline -0.004 -16"><span class='ocrx_word' id='word_1_239' title='bbox 282 2899 436 2947; x_wconf 72' lang='lat' dir='ltr'>scitur</span> <span class='ocrx_word' id='word_1_240' title='bbox 464 2884 699 2961; x_wconf 66' lang='lat' dir='ltr'>tanquam</span> <span class='ocrx_word' id='word_1_241' title='bbox 724 2896 948 2962; x_wconf 81' lang='lat' dir='ltr'>primum</span> <span class='ocrx_word' id='word_1_242' title='bbox 968 2892 1269 2960; x_wconf 79' lang='lat' dir='ltr'>postulatum</span> <span class='ocrx_word' id='word_1_243' title='bbox 1286 2928 1304 2957; x_wconf 85' lang='lat'><strong>,</strong></span> 
     </span>
     <span class='ocr_line' id='line_1_31' title="bbox 284 2975 1307 3028; baseline -0.004 0"><span class='ocrx_word' id='word_1_244' title='bbox 284 2978 735 3028; x_wconf 82' lang='lat' dir='ltr'>inconditionatum</span> <span class='ocrx_word' id='word_1_245' title='bbox 775 2985 820 3025; x_wconf 84' lang='lat' dir='ltr'>et</span> <span class='ocrx_word' id='word_1_246' title='bbox 859 2977 1106 3025; x_wconf 76' lang='lat' dir='ltr'>continens</span> <span class='ocrx_word' id='word_1_247' title='bbox 1136 2975 1307 3024; x_wconf 84' lang='lat' dir='ltr'>condi-</span> 
     </span>
     <span class='ocr_line' id='line_1_32' title="bbox 285 3056 1310 3123; baseline -0.004 -14"><span class='ocrx_word' id='word_1_248' title='bbox 285 3062 463 3109; x_wconf 82' lang='lat' dir='ltr'>tionem</span> <span class='ocrx_word' id='word_1_249' title='bbox 505 3060 760 3122; x_wconf 81' lang='lat' dir='ltr'>omnium,</span> <span class='ocrx_word' id='word_1_250' title='bbox 807 3066 854 3108; x_wconf 85' lang='lat' dir='ltr'>et</span> <span class='ocrx_word' id='word_1_251' title='bbox 899 3065 1135 3123; x_wconf 69' lang='lat' dir='ltr'>quatenus</span> <span class='ocrx_word' id='word_1_252' title='bbox 1176 3056 1310 3106; x_wconf 80' lang='lat' dir='ltr'>debet</span> 
     </span>
     <span class='ocr_line' id='line_1_33' title="bbox 286 3134 1306 3207; baseline -0.003 -16"><span class='ocrx_word' id='word_1_253' title='bbox 286 3144 394 3192; x_wconf 72' lang='lat' dir='ltr'>eine</span> <span class='ocrx_word' id='word_1_254' title='bbox 418 3141 659 3191; x_wconf 74' lang='lat' dir='ltr'>voluntate</span> <span class='ocrx_word' id='word_1_255' title='bbox 682 3157 773 3190; x_wconf 72' lang='lat' dir='ltr'>sua</span> <span class='ocrx_word' id='word_1_256' title='bbox 798 3149 842 3190; x_wconf 87' lang='lat' dir='ltr'>et</span> <span class='ocrx_word' id='word_1_257' title='bbox 861 3149 1028 3191; x_wconf 82' lang='lat' dir='ltr'>contra</span> <span class='ocrx_word' id='word_1_258' title='bbox 1045 3134 1207 3207; x_wconf 57' lang='lat' dir='ltr'>ipsam</span> <span class='ocrx_word' id='word_1_259' title='bbox 1223 3140 1306 3189; x_wconf 81' lang='lat' dir='ltr'>de-</span> 
     </span>
     <span class='ocr_line' id='line_1_34' title="bbox 287 3221 1307 3289; baseline -0.001 -17"><span class='ocrx_word' id='word_1_260' title='bbox 287 3223 405 3272; x_wconf 76' lang='lat' dir='ltr'>duci</span> <span class='ocrx_word' id='word_1_261' title='bbox 427 3223 493 3271; x_wconf 81' lang='lat' dir='ltr'>ad</span> <span class='ocrx_word' id='word_1_262' title='bbox 521 3225 839 3289; x_wconf 77' lang='lat' dir='ltr'>coqnitionem</span> <span class='ocrx_word' id='word_1_263' title='bbox 871 3232 1085 3272; x_wconf 71' lang='lat' dir='ltr'>nostram</span> <span class='ocrx_word' id='word_1_264' title='bbox 1111 3230 1159 3271; x_wconf 84' lang='lat' dir='ltr'>et</span> <span class='ocrx_word' id='word_1_265' title='bbox 1187 3221 1307 3272; x_wconf 86' lang='lat' dir='ltr'>alio-</span> 
     </span>
     <span class='ocr_line' id='line_1_35' title="bbox 285 3303 1307 3372; baseline -0.003 -17"><span class='ocrx_word' id='word_1_266' title='bbox 285 3322 429 3366; x_wconf 80' lang='lat' dir='ltr'>rum,</span> <span class='ocrx_word' id='word_1_267' title='bbox 458 3313 653 3354; x_wconf 71' lang='lat' dir='ltr'>eatenus</span> <span class='ocrx_word' id='word_1_268' title='bbox 682 3303 814 3354; x_wconf 70' lang='lat' dir='ltr'>Deua</span> <span class='ocrx_word' id='word_1_269' title='bbox 844 3307 1102 3372; x_wconf 66' lang='lat' dir='ltr'>exponitur</span> <span class='ocrx_word' id='word_1_270' title='bbox 1122 3312 1167 3353; x_wconf 81' lang='lat' dir='ltr'>et</span> <span class='ocrx_word' id='word_1_271' title='bbox 1188 3303 1307 3352; x_wconf 69' lang='lat' dir='ltr'>sub-</span> 
     </span>
     <span class='ocr_line' id='line_1_36' title="bbox 273 3390 735 3457; baseline 0 -19"><span class='ocrx_word' id='word_1_272' title='bbox 273 3390 457 3457; x_wconf 79' lang='lat' dir='ltr'>jicitur</span> <span class='ocrx_word' id='word_1_273' title='bbox 480 3396 735 3438; x_wconf 74' lang='lat' dir='ltr'>creaturae.</span> 
     </span>
    </p>

    <p class='ocr_par' dir='ltr' id='par_1_6' title="bbox 282 3469 1303 3621">
     <span class='ocr_line' id='line_1_37' title="bbox 354 3469 1303 3539; baseline -0.001 -19"><span class='ocrx_word' id='word_1_274' title='bbox 354 3470 427 3539; x_wconf 84' lang='lat'>(3)</span> <span class='ocrx_word' id='word_1_275' title='bbox 465 3469 530 3519; x_wconf 85' lang='lat' dir='ltr'>Ita</span> <span class='ocrx_word' id='word_1_276' title='bbox 575 3469 771 3519; x_wconf 89' lang='lat' dir='ltr'>Bautain</span> <span class='ocrx_word' id='word_1_277' title='bbox 791 3507 805 3529; x_wconf 86' lang='lat'>‚</span> <span class='ocrx_word' id='word_1_278' title='bbox 851 3488 930 3537; x_wconf 89' lang='lat' dir='ltr'>op.</span> <span class='ocrx_word' id='word_1_279' title='bbox 974 3472 1054 3520; x_wconf 84' lang='lat' dir='ltr'>cit.</span> <span class='ocrx_word' id='word_1_280' title='bbox 1097 3480 1209 3518; x_wconf 87' lang='lat' dir='ltr'>tom.</span> <span class='ocrx_word' id='word_1_281' title='bbox 1255 3488 1270 3519; x_wconf 84' lang='grc' dir='ltr'><strong>ι</strong></span> <span class='ocrx_word' id='word_1_282' title='bbox 1288 3508 1303 3533; x_wconf 90' lang='grc'><strong>,</strong></span> 
     </span>
     <span class='ocr_line' id='line_1_38' title="bbox 282 3550 1301 3621; baseline 0.002 -21"><span class='ocrx_word' id='word_1_283' title='bbox 282 3570 390 3618; x_wconf 86' lang='lat' dir='ltr'>pag.</span> <span class='ocrx_word' id='word_1_284' title='bbox 430 3550 548 3621; x_wconf 86' lang='lat'>195,</span> <span class='ocrx_word' id='word_1_285' title='bbox 575 3554 652 3601; x_wconf 86' lang='lat' dir='ltr'>cui</span> <span class='ocrx_word' id='word_1_286' title='bbox 682 3564 901 3602; x_wconf 85' lang='lat' dir='ltr'>consonat</span> <span class='ocrx_word' id='word_1_287' title='bbox 921 3554 1126 3619; x_wconf 85' lang='lat' dir='ltr'>apprime</span> <span class='ocrx_word' id='word_1_288' title='bbox 1144 3551 1260 3603; x_wconf 86' lang='lat' dir='ltr'>Klee</span> <span class='ocrx_word' id='word_1_289' title='bbox 1285 3570 1301 3602; x_wconf 86' lang='lat'><em>=</em></span> 
     </span>
    </p>
   </div>
   <div class='ocr_carea' id='block_1_5' title="bbox 284 3632 1370 3704">
    <p class='ocr_par' dir='ltr' id='par_1_7' title="bbox 284 3632 1370 3704">
     <span class='ocr_line' id='line_1_39' title="bbox 284 3632 1370 3704; baseline -0.001 -20"><span class='ocrx_word' id='word_1_290' title='bbox 284 3632 416 3684; x_wconf 70' lang='lat' dir='ltr'>Deua</span> <span class='ocrx_word' id='word_1_291' title='bbox 443 3633 844 3684; x_wconf 63' lang='lat' dir='ltr'>demonstrandus</span> <span class='ocrx_word' id='word_1_292' title='bbox 867 3643 912 3684; x_wconf 81' lang='lat' dir='ltr'>et</span> <span class='ocrx_word' id='word_1_293' title='bbox 936 3642 1123 3686; x_wconf 80' lang='lat' dir='ltr'>tantum</span> <span class='ocrx_word' id='word_1_294' title='bbox 1152 3636 1205 3683; x_wconf 83' lang='lat' dir='ltr'>vi</span> <span class='ocrx_word' id='word_1_295' title='bbox 1221 3635 1301 3683; x_wconf 83' lang='lat' dir='ltr'>de-</span> <span class='ocrx_word' id='word_1_296' title='bbox 1368 3702 1370 3704; x_wconf 28' lang='lat'><strong><em>‚</em></strong></span> 
     </span>
    </p>
   </div>
   <div class='ocr_carea' id='block_1_6' title="bbox 1381 2399 2411 2714">
    <p class='ocr_par' dir='ltr' id='par_1_8' title="bbox 1381 2399 2411 2714">
     <span class='ocr_line' id='line_1_40' title="bbox 1383 2399 2408 2464; baseline 0.004 -16"><span class='ocrx_word' id='word_1_297' title='bbox 1383 2401 1746 2448; x_wconf 70' lang='lat' dir='ltr'>monstrationis</span> <span class='ocrx_word' id='word_1_298' title='bbox 1793 2399 2123 2464; x_wconf 73' lang='lat' dir='ltr'>aqnoscendue</span> <span class='ocrx_word' id='word_1_299' title='bbox 2140 2439 2158 2461; x_wconf 89' lang='lat'><strong><em>,</em></strong></span> <span class='ocrx_word' id='word_1_300' title='bbox 2210 2401 2269 2449; x_wconf 85' lang='lat' dir='ltr'>de</span> <span class='ocrx_word' id='word_1_301' title='bbox 2321 2418 2408 2452; x_wconf 71' lang='lat' dir='ltr'>auo</span> 
     </span>
     <span class='ocr_line' id='line_1_41' title="bbox 1381 2482 2411 2548; baseline 0.004 -19"><span class='ocrx_word' id='word_1_302' title='bbox 1381 2482 1540 2548; x_wconf 75' lang='lat' dir='ltr'>qradu</span> <span class='ocrx_word' id='word_1_303' title='bbox 1591 2483 1800 2547; x_wconf 66' lang='lat' dir='ltr'>dejectus</span> <span class='ocrx_word' id='word_1_304' title='bbox 1842 2482 1931 2530; x_wconf 74' lang='lat' dir='ltr'>sub</span> <span class='ocrx_word' id='word_1_305' title='bbox 1988 2484 2228 2531; x_wconf 73' lang='lat' dir='ltr'>axiomate</span> <span class='ocrx_word' id='word_1_306' title='bbox 2271 2485 2411 2548; x_wconf 83' lang='lat' dir='ltr'>finito</span> 
     </span>
     <span class='ocr_line' id='line_1_42' title="bbox 1383 2564 2411 2632; baseline 0.001 -19"><span class='ocrx_word' id='word_1_307' title='bbox 1383 2566 1517 2632; x_wconf 83' lang='lat' dir='ltr'>finiti</span> <span class='ocrx_word' id='word_1_308' title='bbox 1539 2567 1739 2632; x_wconf 82' lang='lat' dir='ltr'>proprii</span> <span class='ocrx_word' id='word_1_309' title='bbox 1772 2564 1880 2630; x_wconf 79' lang='lat' dir='ltr'>qu</span> <span class='ocrx_word' id='word_1_310' title='bbox 1894 2604 1911 2626; x_wconf 90' lang='lat'><em>,</em></span> <span class='ocrx_word' id='word_1_311' title='bbox 1947 2567 2153 2613; x_wconf 72' lang='lat' dir='ltr'>existens</span> <span class='ocrx_word' id='word_1_312' title='bbox 2176 2583 2269 2632; x_wconf 80' lang='lat' dir='ltr'>per</span> <span class='ocrx_word' id='word_1_313' title='bbox 2293 2567 2411 2630; x_wconf 86' lang='lat' dir='ltr'>fini-</span> 
     </span>
     <span class='ocr_line' id='line_1_43' title="bbox 1387 2647 2409 2714; baseline 0.001 -18"><span class='ocrx_word' id='word_1_314' title='bbox 1387 2648 1487 2696; x_wconf 64' lang='lat' dir='ltr'>tam</span> <span class='ocrx_word' id='word_1_315' title='bbox 1517 2648 1838 2714; x_wconf 78' lang='lat' dir='ltr'>operationem</span> <span class='ocrx_word' id='word_1_316' title='bbox 1859 2649 1912 2696; x_wconf 86' lang='lat' dir='ltr'>in</span> <span class='ocrx_word' id='word_1_317' title='bbox 1931 2647 2329 2697; x_wconf 73' lang='lat' dir='ltr'>demonstratione</span> <span class='ocrx_word' id='word_1_318' title='bbox 2351 2665 2409 2697; x_wconf 81' lang='lat' dir='ltr'>ao</span> 
     </span>
    </p>
   </div>
   <div class='ocr_carea' id='block_1_7' title="bbox 1363 2727 2411 2791">
    <p class='ocr_par' dir='ltr' id='par_1_9' title="bbox 1363 2727 2411 2791">
     <span class='ocr_line' id='line_1_44' title="bbox 1363 2727 2411 2791; baseline -0.001 -13"><span class='ocrx_word' id='word_1_319' title='bbox 1363 2729 1822 2791; x_wconf 61' lang='lat' dir='ltr'>determinatione,</span> <span class='ocrx_word' id='word_1_320' title='bbox 1872 2747 1972 2779; x_wconf 86' lang='lat' dir='ltr'>non</span> <span class='ocrx_word' id='word_1_321' title='bbox 2013 2738 2083 2778; x_wconf 76' lang='lat' dir='ltr'>est</span> <span class='ocrx_word' id='word_1_322' title='bbox 2115 2727 2281 2790; x_wconf 70' lang='lat' dir='ltr'>Deus,</span> <span class='ocrx_word' id='word_1_323' title='bbox 2327 2728 2411 2778; x_wconf 72' lang='lat' dir='ltr'>sed</span> 
     </span>
    </p>
   </div>
   <div class='ocr_carea' id='block_1_8' title="bbox 1382 2811 2414 3619">
    <p class='ocr_par' dir='ltr' id='par_1_10' title="bbox 1382 2811 2411 3042">
     <span class='ocr_line' id='line_1_45' title="bbox 1389 2811 2411 2876; baseline -0.002 -15"><span class='ocrx_word' id='word_1_324' title='bbox 1389 2827 1571 2861; x_wconf 80' lang='lat' dir='ltr'>vanum</span> <span class='ocrx_word' id='word_1_325' title='bbox 1588 2849 1601 2871; x_wconf 90' lang='lat'>‚</span> <span class='ocrx_word' id='word_1_326' title='bbox 1631 2812 1888 2875; x_wconf 79' lang='lat' dir='ltr'>confictum</span> <span class='ocrx_word' id='word_1_327' title='bbox 1906 2811 2116 2870; x_wconf 79' lang='lat' dir='ltr'>idolum,</span> <span class='ocrx_word' id='word_1_328' title='bbox 2142 2827 2300 2860; x_wconf 82' lang='lat' dir='ltr'>coram</span> <span class='ocrx_word' id='word_1_329' title='bbox 2317 2825 2411 2876; x_wconf 79' lang='lat' dir='ltr'>qno</span> 
     </span>
     <span class='ocr_line' id='line_1_46' title="bbox 1389 2891 2411 2942; baseline 0 -1"><span class='ocrx_word' id='word_1_330' title='bbox 1389 2891 1526 2941; x_wconf 79' lang='lat' dir='ltr'>nulla</span> <span class='ocrx_word' id='word_1_331' title='bbox 1574 2892 1837 2942; x_wconf 74' lang='lat' dir='ltr'>rationalis</span> <span class='ocrx_word' id='word_1_332' title='bbox 1882 2901 2105 2941; x_wconf 81' lang='lat' dir='ltr'>creatura</span> <span class='ocrx_word' id='word_1_333' title='bbox 2161 2891 2411 2941; x_wconf 82' lang='lat' dir='ltr'>adorando</span> 
     </span>
     <span class='ocr_line' id='line_1_47' title="bbox 1382 2973 2258 3042; baseline -0.001 -19"><span class='ocrx_word' id='word_1_334' title='bbox 1382 2973 1633 3042; x_wconf 81' lang='lat' dir='ltr'>procidere</span> <span class='ocrx_word' id='word_1_335' title='bbox 1648 2984 1820 3041; x_wconf 72' lang='lat' dir='ltr'>potest.</span> <span class='ocrx_word' id='word_1_336' title='bbox 1847 2977 2027 3041; x_wconf 78' lang='lat' dir='ltr'>Doqm.</span> <span class='ocrx_word' id='word_1_337' title='bbox 2061 2975 2149 3024; x_wconf 59' lang='lat' dir='ltr'>locss</span> <span class='ocrx_word' id='word_1_338' title='bbox 2181 2980 2258 3023; x_wconf 76' lang='lat' dir='ltr'>cit.</span> 
     </span>
    </p>

    <p class='ocr_par' dir='ltr' id='par_1_11' title="bbox 1458 3056 2375 3123">
     <span class='ocr_line' id='line_1_48' title="bbox 1458 3056 2375 3123; baseline 0.001 -18"><span class='ocrx_word' id='word_1_339' title='bbox 1458 3057 1521 3120; x_wconf 68' lang='grc'>(4)</span> <span class='ocrx_word' id='word_1_340' title='bbox 1558 3056 1627 3106; x_wconf 86' lang='lat' dir='ltr'>Ita</span> <span class='ocrx_word' id='word_1_341' title='bbox 1654 3057 1850 3106; x_wconf 88' lang='lat' dir='ltr'>Bautaiu</span> <span class='ocrx_word' id='word_1_342' title='bbox 1869 3095 1883 3118; x_wconf 94' lang='lat'>‚</span> <span class='ocrx_word' id='word_1_343' title='bbox 1915 3075 1994 3123; x_wconf 90' lang='lat' dir='ltr'>op.</span> <span class='ocrx_word' id='word_1_344' title='bbox 2018 3059 2095 3106; x_wconf 82' lang='lat' dir='ltr'>cit.</span> <span class='ocrx_word' id='word_1_345' title='bbox 2123 3075 2231 3122; x_wconf 83' lang='lat' dir='ltr'>pag.</span> <span class='ocrx_word' id='word_1_346' title='bbox 2262 3072 2375 3121; x_wconf 87' lang='lat'><strong>¹7²·</strong></span> 
     </span>
    </p>

    <p class='ocr_par' dir='ltr' id='par_1_12' title="bbox 1385 3138 2414 3619">
     <span class='ocr_line' id='line_1_49' title="bbox 1459 3138 2414 3204; baseline 0.003 -18"><span class='ocrx_word' id='word_1_347' title='bbox 1459 3138 1526 3204; x_wconf 81' lang='lat'>(5)</span> <span class='ocrx_word' id='word_1_348' title='bbox 1562 3140 1692 3200; x_wconf 86' lang='lat' dir='ltr'>Quas</span> <span class='ocrx_word' id='word_1_349' title='bbox 1731 3139 1957 3188; x_wconf 87' lang='lat' dir='ltr'>hactenus</span> <span class='ocrx_word' id='word_1_350' title='bbox 2003 3138 2246 3187; x_wconf 76' lang='lat' dir='ltr'>attulimus</span> <span class='ocrx_word' id='word_1_351' title='bbox 2290 3139 2414 3189; x_wconf 88' lang='lat' dir='ltr'>diffi-</span> 
     </span>
     <span class='ocr_line' id='line_1_50' title="bbox 1388 3221 2412 3282; baseline 0 -11"><span class='ocrx_word' id='word_1_352' title='bbox 1388 3221 1612 3282; x_wconf 77' lang='lat' dir='ltr'>cultates,</span> <span class='ocrx_word' id='word_1_353' title='bbox 1646 3238 1918 3270; x_wconf 80' lang='lat' dir='ltr'>communes</span> <span class='ocrx_word' id='word_1_354' title='bbox 1955 3238 2114 3271; x_wconf 87' lang='lat' dir='ltr'>omnes</span> <span class='ocrx_word' id='word_1_355' title='bbox 2145 3232 2254 3270; x_wconf 80' lang='lat' dir='ltr'>sunt</span> <span class='ocrx_word' id='word_1_356' title='bbox 2286 3222 2412 3272; x_wconf 88' lang='lat' dir='ltr'>Bau·</span> 
     </span>
     <span class='ocr_line' id='line_1_51' title="bbox 1386 3303 2400 3370; baseline 0.001 -17"><span class='ocrx_word' id='word_1_357' title='bbox 1386 3306 1531 3354; x_wconf 86' lang='lat' dir='ltr'>taiuio</span> <span class='ocrx_word' id='word_1_358' title='bbox 1561 3304 1824 3369; x_wconf 61' lang='lat' dir='ltr'>caeterisque</span> <span class='ocrx_word' id='word_1_359' title='bbox 1844 3303 2103 3352; x_wconf 83' lang='lat' dir='ltr'>fautoribus</span> <span class='ocrx_word' id='word_1_360' title='bbox 2121 3307 2400 3370; x_wconf 81' lang='lat' dir='ltr'>systematis,</span> 
     </span>
     <span class='ocr_line' id='line_1_52' title="bbox 1387 3386 2410 3455; baseline 0 -18"><span class='ocrx_word' id='word_1_361' title='bbox 1387 3386 1515 3455; x_wconf 88' lang='lat' dir='ltr'>quod</span> <span class='ocrx_word' id='word_1_362' title='bbox 1553 3386 1803 3436; x_wconf 83' lang='lat' dir='ltr'>refellimus</span> <span class='ocrx_word' id='word_1_363' title='bbox 1825 3423 1838 3447; x_wconf 92' lang='lat'>,</span> <span class='ocrx_word' id='word_1_364' title='bbox 1880 3396 1982 3435; x_wconf 85' lang='lat' dir='ltr'>tum</span> <span class='ocrx_word' id='word_1_365' title='bbox 2017 3389 2065 3436; x_wconf 87' lang='lat' dir='ltr'>in</span> <span class='ocrx_word' id='word_1_366' title='bbox 2104 3387 2265 3436; x_wconf 87' lang='lat' dir='ltr'>Galliis</span> <span class='ocrx_word' id='word_1_367' title='bbox 2310 3398 2410 3437; x_wconf 86' lang='lat' dir='ltr'>tum</span> 
     </span>
     <span class='ocr_line' id='line_1_53' title="bbox 1385 3469 2409 3536; baseline 0.002 -17"><span class='ocrx_word' id='word_1_368' title='bbox 1385 3472 1437 3519; x_wconf 86' lang='lat' dir='ltr'>in</span> <span class='ocrx_word' id='word_1_369' title='bbox 1471 3469 1716 3519; x_wconf 82' lang='lat' dir='ltr'>Germania</span> <span class='ocrx_word' id='word_1_370' title='bbox 1737 3506 1751 3529; x_wconf 83' lang='lat'>‚</span> <span class='ocrx_word' id='word_1_371' title='bbox 1785 3479 1839 3516; x_wconf 91' lang='lat' dir='ltr'>ut</span> <span class='ocrx_word' id='word_1_372' title='bbox 1868 3479 1993 3534; x_wconf 85' lang='lat' dir='ltr'>patet</span> <span class='ocrx_word' id='word_1_373' title='bbox 2024 3488 2077 3520; x_wconf 86' lang='lat' dir='ltr'>ex</span> <span class='ocrx_word' id='word_1_374' title='bbox 2113 3488 2273 3521; x_wconf 88' lang='lat' dir='ltr'>eorum</span> <span class='ocrx_word' id='word_1_375' title='bbox 2297 3488 2409 3536; x_wconf 84' lang='lat' dir='ltr'>ope·</span> 
     </span>
     <span class='ocr_line' id='line_1_54' title="bbox 1386 3551 1917 3619; baseline 0.004 -18"><span class='ocrx_word' id='word_1_376' title='bbox 1386 3551 1514 3603; x_wconf 82' lang='lat' dir='ltr'>ribus</span> <span class='ocrx_word' id='word_1_377' title='bbox 1541 3553 1665 3619; x_wconf 84' lang='lat' dir='ltr'>typis</span> <span class='ocrx_word' id='word_1_378' title='bbox 1696 3551 1917 3616; x_wconf 86' lang='lat' dir='ltr'>vulgatis.</span> 
     </span>
    </p>
   </div>
  </div>
 </body>
</html>
