2502 4134
2109 157 2223 216 421

328 173 487 214 PART.
535 172 618 213 111.
665 174 814 213 SEC'r.
867 177 909 223 1·
957 176 1078 214 GAP.
1124 178 1167 213 1.
1217 178 1285 214 ΒΕ
1328 177 1458 214 RAT.
1511 176 1641 216 AM*-
1691 177 1800 215 mn.
1845 177 2023 215 SPECT.

116 312 444 398 improbare
464 361 480 390 ,
525 317 624 396 qui
652 315 862 376 horum
902 314 1283 398 systematum
1311 316 1557 377 obtentu
1589 316 1813 380 vellent
1839 338 2043 377 omnes
2074 321 2227 378 exis-

113 413 308 471 tentiae
338 411 442 469 Dei
480 410 1042 487 demonstrationeS‚
1070 434 1198 493 quae
1231 434 1302 472 ex
1329 413 1607 472 creaturis
1648 412 2012 495 efficiuntur,
2045 412 2229 472 veluti

113 507 582 564 rationalisticas
619 506 919 566 eliminare
957 506 1183 585 (1).1n
1239 527 1354 587 quo
1397 507 1493 565 isti
1546 518 1746 587 aperte
1781 529 1840 566 se
1879 518 2224 589 opponunt,

112 611 178 658 ut
213 610 373 680 patet
413 622 483 659 ex
527 599 723 675 dictis,
766 612 894 659 tum
932 601 1275 682 scripturis,
1327 611 1455 659 tum
1499 600 1707 680 agendi
1752 602 2004 676 rationi,
2047 624 2223 683 quam

111 695 309 754 Patres
346 706 406 754 et
449 694 710 754 doctores
749 694 1042 755 hactenus*
1077 705 1410 754 tenuerunt.
1455 695 1577 753 Hoc
1613 715 1750 754 vere
1787 706 1935 754 esset
1965 695 2224 776 philoso-

111 789 311 870 phiam
360 811 491 847 cum
532 789 826 868 theologia*
867 788 1262 864 committere,
1290 789 1430 857 'imo
1477 810 1606 847 cum
1652 810 1825 848 sensu
1865 788 2226 850 traditionali

112 905 280 953 sacrae
308 885 492 950 totius
529 883 922 964 antiquitatis,
969 883 1126 965 quod
1176 883 1487 976 christiano
1532 883 1881 965 philosopho
1921 884 2222 967 multoque

114 978 291 1058 magis
329 978 595 1057 theologo
630 977 955 1039 cavendum
983 978 1235 1037 maxime
1260 990 1348 1037 est
1375 978 1488 1057 (2).

799 1144 871 1200 11.
888 1132 895 1139 ³
923 1143 1010 1201 De
1054 1143 1525 1209 Materialismo.

194 1318 324 1378 132.
372 1316 884 1389 Materialismum..
952 1318 1051 1396 qui
1112 1327 1303 1375 totum
1354 1307 1654 1374 hominem
1712 1317 1784 1375 ad
1841 1338 2101 1393 meram,
2157 1331 2222 1378 ut

108 1423 317 1493 vocant
334 1455 351 1485 ,
378 1414 880 1491 omani-sationem
901 1421 1133 1468 revocat
1154 1455 1171 1483 7
1200 1431 1331 1468 cum
1362 1409 1474 1468 fide
1498 1408 1657 1467 haud
1675 1431 1852 1491 ‚posse
1869 1416 2179 1473 consistere
2201 1459 2217 1488 a

86 1528 205 1578 *seu
245 1507 432 1566 verius
478 1504 700 1587 aditum
739 1525 977 1563 omnem
1022 1503 1154 1562 fidei
1196 1502 1588 1584 praecludere,
1627 1503 1867 1564 evidens
1908 1517 2048 1581 est3.
2077 1509 2222 1588 quin

103 1601 367 1685 pluribus
407 1601 467 1661 id
506 1601 775 1683 persequi
802 1601 878 1659 sit
912 1621 1077 1682 opus,

187 1696 321 1756 133.
366 1695 791 1756 Materialistica
839 1694 1243 1776 philosophia,
1288 1695 1334 1752 si
1376 1696 1457 1754 ita
1504 1694 1640 1754 licet
1685 1695 2048 1774 doctrinam,
2094 1719 2220 1778 quae

170 1930 237 1994 (l)
273 1928 375 1977 Hoc
408 1943 539 1993 porro
570 1927 668 1975 fere
704 1899 951 1975 commune
986 1928 1112 1976 vide·
1148 1958 1151 1961 «

102 2022 177 2061 tur
203 2015 259 2060 iis
279 2048 292 2068 ‚
327 2012 407 2076 qui
436 2008 693 2074 Hegelianis
712 2008 886 2073 placitis
901 2046 914 2068 2
935 2010 1113 2057 etiamsi

101 2094 157 2142 ad
186 2093 423 2142 meliorem
444 2108 630 2138 sensum
651 2093 903 2149 revocatis,
937 2093 987 2137 in
1000 2089 1112 2138 Ger-

104 2177 257 2222 mania
284 2174 526 2237 praesertim
557 2171 808 2220 adhoerent.
831 2171 952 2218 Cum
987 2173 1112 2218 enim

102 2257 188 2320 ipsi
228 2272 281 2302 ex
323 2271 407 2313 ca,
456 2271 596 2320 quam
634 2263 801 2301 vocant
841 2253 1110 2301 immediata

103 2336 419 2384 immanentia
453 2335 622 2399 obJecti
651 2352 731 2382 seu
756 2334 886 2381 Entis
918 2334 1110 2382 absoluti

102 2434 155 2466 ac
177 2418 347 2465 infiniti
370 2416 716 2480 proficiscantur
732 2453 745 2474 ,
772 2432 826 2462 ac
850 2424 1026 2462 tautum
1056 2432 1109 2462 ex

100 2517 151 2547 ea
178 2516 259 2546 nos
289 2515 417 2562 posse
438 2498 496 2546 ad
514 2497 663 2545 Deum
680 2534 692 2555 ‚
718 2499 863 2544 immo
888 2496 945 2543 ad
968 2496 1108 2561 quid-

29 2614 34 2619 ·
100 2598 237 2646 quam
265 2583 372 2628 certi
395 2578 763 2645 cognoscendum
784 2594 1016 2640 assurgere
1040 2577 1110 2624 af-

99 2663 312 2722 firment,
336 2661 447 2708 hinc
477 2669 797 2724 argumentum
831 2659 1111 2723 metaphysi-

98 2761 203 2792 cum
246 2761 299 2791 ex
341 2744 558 2790 creaturis
602 2741 976 2805 contingentibus
1023 2757 1109 2803 ope

100 2825 312 2890 principii
361 2824 638 2872 causalitatis
691 2823 939 2871 deductum
967 2859 979 2879 ,
1038 2821 1108 2869 vel

99 2909 234 2955 etiam
280 2914 601 2970 argumentum
642 2904 885 2969 physicum
927 2903 984 2950 ad
1022 2901 1108 2950 Dei

96 2989 501 3038 demonstrandam
535 2990 826 3036 existentiam
863 2988 989 3050 parvi
1025 2989 1109 3033 aut

98 3070 231 3118 nihili
258 3071 451 3119 faciunt.
485 3069 545 3116 Hi
578 3086 713 3133 porro
742 3068 1109 3116 animadvertere

101 3150 347 3213 deberent,
387 3152 435 3199 id
473 3162 591 3200 certe
625 3153 676 3198 in
709 3150 896 3214 Hegelio
926 3152 1105 3214 iisque,

103 3234 183 3297 qui
210 3249 314 3280 cum
343 3237 439 3298 ipso
473 3235 814 3299 pantheismum
848 3242 1105 3290 sectantur,

103 3313 239 3377 plane
278 3315 531 3376 cohaerere,
577 3319 748 3381 quippe
798 3317 881 3379 qui
919 3315 1106 3362 finitum

103 3412 212 3442 cum
237 3396 448 3457 infinito,
485 3395 796 3446 conditionale
830 3414 938 3445 cum
974 3396 1107 3444 abso-

104 3477 203 3526 luto
233 3478 514 3528 identificare
539 3482 794 3540 conan'tur3
820 3480 945 3528 unde
970 3481 1107 3528 etiam

108 3559 284 3606 Ahrens
295 3595 308 3619 ,
326 3547 481 3607 Cours'
493 3560 549 3608 de
563 3560 871 3627 Philosophia
885 3598 902 3623 ‚
931 3571 1042 3609 tom.
1058 3577 1110 3609 2.

108 3658 212 3705 pag.
256 3639 510 3706 159-266‚
552 3643 629 3691 illa
671 3654 939 3709 argumenta
984 3642 1115 3691 infir-

1199 1937 1325 1988 mat,
1363 1944 1414 1975 ac
1454 1930 1639 1976 nonnisi
1678 1946 1732 1977 ex
1768 1929 1948 1996 analysi
1986 1926 2096 1977 ideae
2131 1930 2215 1978 ab·

1197 2009 1334 2056 soluti
1379 2025 1431 2056 ac
1467 2011 1707 2057 necessarii
1747 2026 1854 2056 cum
1891 2009 2066 2058 Krause
2111 2028 2220 2060 vere

1197 2091 1254 2138 ad
1288 2089 1437 2137 Deum
1472 2091 1660 2138 ascendi
1689 2107 1819 2154 posse
1849 2092 2105 2140 contendit.
2136 2092 2217 2140 Ast

1196 2176 1247 2220 in
1279 2173 1512 2220 catholicis
1545 2172 1834 2237 philosophis
1870 2191 1923 2222 ac
1957 2174 2213 2238 theologiS‚

1195 2255 1276 2319 qui
1302 2263 1422 2300 certe
1438 2270 1598 2300 verum
1616 2255 1736 2300 inter
1750 2253 2010 2302 Creatorem
2027 2265 2071 2302 et
2086 2271 2212 2321 crea·

1195 2345 1344 2382 turam
1381 2332 1677 2381 duali-smum
1714 2334 1956 2383 admittere
1999 2334 2172 2383 deben't.
2195 2373 2210 2399 ‚

1193 2432 1248 2464 ac
1283 2417 1494 2481 quamvis
1511 2414 1791 2478 'pantheismi
1810 2417 2008 2480 speciem
2034 2417 2204 2465 exhor-

1190 2512 1316 2553 rere,
1343 2495 1453 2560 quid
1486 2496 1629 2559 magis
1659 2497 1969 2559 incongruens
2002 2512 2099 2543 esse
2127 2513 2209 2560 po-

1191 2586 1275 2624 test
1295 2612 1308 2637 ‚
1341 2593 1479 2641 quam
1501 2576 1690 2623 illorum
1712 2585 2089 2640 argumentorum
2110 2579 2207 2626 vim

1190 2675 1298 2706 cum
1338 2657 1576 2705 Kantianis
1627 2667 1767 2722 atque
1809 2657 2071 2722 Hegelianis
2112 2659 2207 2708 ele·

1188 2743 1330 2788 vare?
1362 2739 1494 2788 Certe
1527 2742 1608 2805 qui
1643 2757 1852 2804 unquam
1890 2742 2012 2788 inter
2047 2741 2210 2790 catho-

1190 2822 1302 2869 licos
1348 2822 1417 2869 vel
1453 2822 1568 2868 ideis
1610 2822 1781 2868 innatis
1825 2820 2088 2881 adhaesere,
2138 2822 2210 2871 vel

1192 2906 1330 2951 etiam
1351 2904 1578 2967 platonica
1599 2913 1677 2949 aut
1693 2901 2095 2951 malebranchiana
2114 2904 2213 2968 pla-

1188 2987 1279 3032 cita
1318 2985 1477 3050 aliquo
1519 2984 1659 3032 modo
1700 2984 1900 3048 amplexi
1938 2994 2079 3044 sunt,
2116 3001 2214 3032 non

1189 3067 1249 3115 ob
1286 3066 1334 3114 id
1376 3066 1789 3113 demonstrationes
1830 3065 1927 3113 illas
1966 3067 2213 3114 existentias

1188 3149 1272 3197 Dei
1301 3150 1629 3213 repudiarunt,
1666 3148 1744 3196 sed
1773 3164 1849 3196 eas
1887 3151 1952 3195 uti
1984 3149 2211 3202 validissi-

1190 3249 1287 3279 mas
1332 3230 1602 3280 adhibuere.
1635 3229 1824 3278 Possent
1867 3228 1943 3278 hic
1981 3234 2208 3280 recenseri

1187 3315 1306 3362 inter
1358 3323 1528 3360 ceteros
1584 3311 1803 3370 Bossuet‚
1846 3311 2084 3372 Fenelon‚
2130 3312 2205 3360 Du

1189 3394 1350 3442 Hamel
1371 3430 1384 3454 ,
1414 3392 1599 3452 Gemit,
1634 3403 1725 3442 etc.
1762 3393 1931 3458 aliique
1953 3392 2198 3458 permulti,

1189 3488 1240 3526 ut
1279 3477 1336 3524 de
1374 3474 1622 3535 Patribus,
1666 3493 1719 3524 ac
1753 3477 2003 3540 praesertim
2053 3475 2207 3540 Augu-

1196 3561 1336 3623 stino,
1359 3558 1592 3606 sileamus.

1264 3640 1333 3704 (2)
1368 3639 1467 3688 cfr.
1497 3640 1704 3703 superius
1734 3637 1876 3686 dicta.
