2502 4134
267 143 354 202 42
877 164 1083 202 raAc'r.
1125 166 1193 202 nn
1239 165 1391 202 Locis
1435 165 1816 204 THEOLOGICIS.

272 311 419 372 ceris
454 309 768 371 Catholicis
803 313 1055 394 suspecti
1086 312 1302 372 idcirco
1333 322 1500 385 sunt3
1531 334 1891 395 quamquam
1924 336 2116 396 neque
2147 316 2244 374 isti
2279 337 2412 373 om-

273 409 419 468 nino
456 407 803 467 adversariis
833 410 1047 468 nostris
1083 407 1454 468 consentiant
1495 409 1601 489 (l).

267 496 270 498 Δ
357 505 457 563 66.
509 503 599 563 Ad
648 505 795 581 15m,
841 506 996 565 Disc.
1049 506 1222 583 Cujus
1276 502 1440 563 nulla
1487 507 1798 566 auctoritas
1842 517 1967 582 est,
2018 516 2225 588 utpote
2269 528 2413 565 auro

276 598 611 660 hollandico
632 603 925 685 corrupti,
961 613 1019 661 et
1054 601 1129 660 ad
1161 601 1486 660 ineundam
1515 601 1969 680 Calvinistarum
1998 604 2247 685 gratiam
2271 624 2410 684 pro-

275 695 480 756 ditoris
520 697 782 758 Ecclesiae
812 719 927 758 suae
950 744 964 772 ,
1001 720 1032 756 a
1066 720 1180 779 qua
1210 707 1522 779 propterea
1557 698 1739 758 semel
1767 710 1828 758 et
1860 701 2073 760 iterum
2097 699 2411 758 damnatus

274 803 398 867 est,
443 815 637 864 conos
675 800 838 873 cujus
874 795 949 853 sit
991 793 1322 852 auctoritati
1360 792 1706 868 fidendum,
1748 815 1879 874 neq.
1931 797 2078 856 Cum
2118 796 2215 855 hic
2248 815 2414 876 syco-

274 887 501 971 phanta
530 890 686 949 solus
719 891 825 964 sit,
856 890 956 971 qui
983 888 1057 948 ab
1086 888 1434 949 adversariis
1459 900 1829 971 opponatur,
1857 888 2133 973 idemque
2163 897 2415 970 rejectus

274 1006 307 1044 a
348 986 498 1060 suiS,
550 987 764 1046 exinde
816 997 980 1068 patet
1010 1032 1023 1059 ,
1082 985 1223 1067 quid
1264 985 1337 1044 de
1390 985 1553 1044 libris
1604 985 2175 1046 deutero-canonicis
2199 989 2418 1060 sentiat

285 1081 535 1142 Ecclesia
573 1084 771 1142 Graeca
798 1083 909 1161 (2).

358 1178 456 1238 67⁵.
507 1178 591 1237 Ad
643 1180 787 1254 16¹³,
837 1180 1011 1261 Resp.
1057 1178 1121 1235 10
1164 1177 1314 1258 Ney.
1355 1177 1726 1259 suppositum
1777 1177 1851 1237 de
1901 1177 2136 1237 ecclesia
2187 1189 2418 1259 protes-

275 1274 465 1348 tanti,
506 1285 903 1356 protestantes
942 1296 1253 1355 nunquam
1288 1275 1726 1334 constituerunt
1776 1273 2089 1334 Ecclesiam
2112 1320 2128 1348 ,
2171 1274 2276 1333 sed
2314 1298 2420 1353 ag-

273 1391 416 1431 men
451 1370 892 1446 haereticorum,
925 1371 1026 1453 qui
1054 1369 1385 1452 perduelles
1413 1370 1475 1428 in
1507 1369 1817 1429 Ecclesiam
1851 1368 2066 1428 Christi
2095 1381 2234 1428 sunt
2254 1416 2270 1444 .,
2310 1391 2420 1429 nec

276 1468 475 1527 minus
510 1467 584 1527 ab
619 1467 864 1529 Ecclesia
898 1490 1077 1550 quam
1117 1490 1149 1525 a
1188 1489 1250 1526 se
1286 1467 1541 1527 invicem
1577 1467 1788 1540 divisi;
1821 1465 2134 1526 Ecclesiam
2171 1464 2421 1547 proinde

277 1574 710 1646 protestantem
751 1588 872 1623 non
913 1564 1107 1647 potuit
1144 1562 1401 1645 synodus
1438 1563 1809 1622 Dordracena
1846 1573 2291 1643 repraesentare.

363 1662 462 1719 68.
513 1663 688 1742 Resp.
723 1662 791 1720 20
822 1663 976 1720 Dist.
1018 1660 1082 1719 Id
1122 1672 1211 1719 est
1234 1706 1249 1734 ,
1289 1659 1548 1740 synodus
1585 1658 1957 1719 Dordracena
1993 1659 2055 1716 in
2092 1680 2198 1717 suo
2235 1660 2420 1717 confi-

273 1757 490 1818 ciendo
517 1757 750 1817 decreto
783 1757 1153 1839 antiquitatis
1186 1756 1443 1836 vestigiis
1470 1755 1778 1817 adversata
1807 1767 1896 1814 est
1913 1801 1929 1830 ,
1954 1777 2151 1822 oonc.‚·
2173 1755 2420 1830 institit,

279 1877 409 1935 neq.
445 1856 596 1914 Nam
625 1901 642 1925 ,
680 1866 747 1914 ut
784 1854 1037 1916 vidimus
1059 1902 1073 1929 ,
1113 1854 1430 1935 antiquitas
1467 1854 1741 1912 universa
1767 1853 2097 1935 ,quamvis
2135 1852 2292 1911 inter
2326 1873 2423 1913 ca-

280 1952 523 2010 nonicos
544 1996 559 2026 ,
593 1963 771 2033 prout
809 1951 1227 2011 canonicorum
1262 1950 1510 2009 nomine
1543 1948 2023 2029 significabantur
2058 1946 2195 2008 libri
2226 1949 2288 2006 in
2325 1969 2422 2006 ca-

285 2069 446 2107 none
485 2047 720 2126 judaico
766 2048 1064 2121 contenti,
1097 2047 1687 2109 deutero-canonicos
1724 2046 2024 2104 interdum
2068 2066 2189 2102 non
2216 2063 2423 2101 recen-

354 2269 419 2337 (l)
456 2270 737 2335 Quanquam
757 2267 991 2334 Dupinius
1013 2272 1062 2315 in
1085 2285 1161 2333 op.
1189 2266 1310 2313 Dis.

282 2354 514 2401 sertation
538 2352 887 2418 preliminaire
922 2368 1008 2399 sur
1040 2349 1088 2397 la
1112 2348 1309 2417 Bima,

282 2436 408 2484 Paris
436 2451 555 2502 1701
576 2436 596 2496 ‚'
611 2445 732 2484 tom.
761 2452 808 2494 ι,
839 2435 918 2483 ch.
950 2450 965 2481 1
988 2432 1050 2500 ‚S
1084 2430 1150 2493 6,
1179 2433 1313 2498 plura

281 2520 451 2569 habeat
479 2522 750 2569 communia
781 2536 889 2568 cum
921 2518 1182 2566 adversario
1204 2533 1314 2565 nos-

1391 2269 1511 2314 circa
1554 2265 1783 2313 diversam
1822 2264 2049 2312 librorum
2090 2273 2422 2326 proto-canon.

1392 2356 1440 2397 et
1465 2349 2021 2397 deutero-canonicorum
2045 2348 2388 2394 auctoritatem.

1467 2432 1533 2496 (ἢ)
1572 2431 1709 2497 Quod
1738 2448 1826 2479 nec
1846 2429 2055 2478 Dombre
2081 2431 2178 2494 ipse
2205 2428 2423 2476 dissimu-

1393 2515 1474 2565 lat.
1492 2514 1592 2565 Cfr.
1614 2534 1717 2582 quae
1734 2516 1792 2564 de
1807 2514 1981 2581 Cyrillo
1998 2513 2167 2561 Lucarl
2186 2509 2243 2559 in
2259 2511 2425 2559 ordine

1393 2601 1453 2649 ad
1471 2616 1697 2647 canonem
1713 2635 1727 2658 ‚
1757 2597 1915 2646 scribit
1941 2596 2105 2644 doctus
2124 2593 2174 2642 P.
2191 2592 2427 2661 Lequien,

1393 2683 1446 2730 in
1487 2681 1645 2728 adnot.
1687 2696 1705 2726 1
1749 2679 1809 2728 ad
1846 2696 1951 2743 cap.
1996 2693 2051 2743 17
2075 2715 2088 2737 ,
2128 2675 2237 2724 libri
2268 2693 2312 2724 lv
2346 2674 2425 2724 De

285 2615 353 2652 tro
372 2640 385 2664 ‚
421 2607 503 2669 qui
540 2605 760 2669 pleraque
779 2604 839 2652 ab
857 2603 938 2651 illo
956 2611 1199 2651 mutuatus
1217 2610 1311 2659 cst,

285 2697 493 2736 attamen
515 2689 765 2735 assentitur
784 2686 929 2749 Conc.
950 2686 1214 2734 Tridentini
1236 2684 1316 2732 de-

288 2779 450 2827 creto,
493 2786 586 2834 quo
635 2779 686 2816 ut
734 2772 981 2816 canonicos
1025 2764 1315 2828 recipiendos

289 2853 440 2898 sanxit
455 2849 597 2898 libros
612 2888 625 2908 ‚
650 2851 707 2898 de
725 2849 896 2915 quibus
911 2850 1107 2911 agimus.
1126 2847 1197 2894 En
1216 2849 1314 2911 ejus

290 2934 430 2982 verba
462 2950 476 2981 z
514 2935 688 2981 Toutes
713 2949 787 2980 ces
814 2933 1003 2979 rai-sons
1030 2939 1075 2977 et
1103 2946 1177 2977 ces
1204 2946 1319 2977 con-

290 3015 582 3063 siderations
593 3017 782 3081 jointes
799 3012 1029 3062 ememble
1053 3020 1159 3060 sont
1183 3012 1319 3077 suffi-

291 3106 453 3145 sanees
485 3115 617 3164 pour
657 3097 835 3146 mabar.
869 3096 1104 3144 l'aueorite
1148 3094 1206 3142 de
1246 3111 1320 3142 ces

293 3182 466 3240 liores,
509 3183 624 3230 dont
655 3182 699 3230 Ia
739 3182 993 3247 definitivis
1035 3181 1101 3228 du
1141 3179 1322 3227 concile

294 3265 352 3313 de
376 3264 420 3315 T
418 3274 547 3313 rente
573 3283 633 3312 ne
653 3266 796 3313 laissa
822 3281 986 3312 aucun
1001 3263 1100 3313 lieu
1126 3262 1185 3309 de
1202 3261 1323 3309 dou-

292 3357 384 3397 ter.
424 3346 560 3413 Quod
600 3365 706 3396 vero
737 3358 912 3413 spectat
953 3347 1011 3396 ad
1043 3345 1196 3406 Jahn,
1227 3347 1323 3409 ipse

243 3421 245 3423 ¹
296 3433 348 3479 in
374 3429 647 3478 Introduc-t.
674 3430 739 3477 ad
770 3429 857 3479 lib.
895 3446 994 3479 sac.
1029 3427 1087 3475 V
1081 3436 1144 3477 et.
1189 3427 1320 3476 Test.

298 3531 403 3579 cap.
430 3529 459 3560 2
482 3551 494 3574 ‚
530 3512 557 3579 g
591 3515 686 3570 30,
724 3515 974 3578 ancipitem
1005 3530 1053 3561 se
1084 3511 1321 3569 ostendit,

298 3608 459 3645 utrum
491 3596 639 3645 Conc.
673 3595 805 3645 Trid.
839 3596 1089 3645 discrimen
1122 3593 1321 3643 sustule-

299 3682 388 3740 rit,
422 3681 549 3747 quod
566 3717 581 3744 ,
611 3698 666 3731 eo
695 3680 885 3746 quidem
903 3682 1154 3738 sentiente,
1180 3679 1326 3728 extitit

1386 2762 1485 2827 fide
1519 2761 1801 2810 Ortllodoaea
1833 2760 1888 2810 S.
1916 2762 2068 2809 Joan.
2100 2759 2423 2821 Damasceni,

1369 2894 1371 2899 .
1394 2863 1504 2910 opp.
1526 2855 1636 2893 tom.
1656 2862 1701 2904 1,
1725 2862 1832 2909 pag.
1856 2842 1952 2892 283
1973 2883 1986 2900 ,
2013 2846 2095 2892 ubi
2125 2847 2246 2892 inter
2275 2855 2426 2892 cetera

1396 2927 1639 2989 observat,
1693 2924 1936 2993 Synodum
1986 2927 2384 2975 Bethleemiticam
2407 2962 2420 2984 ‚

1397 3028 1501 3076 pag.
1531 3007 1661 3077 389,
1698 3009 1830 3057 libris
1868 3012 1917 3057 in
1946 3027 2126 3058 canone
2158 3009 2426 3058 ‘Laodiceno

1398 3095 1626 3142 contentis
1673 3103 1847 3141 ceteros
1886 3092 2152 3152 addidisse,
2196 3102 2242 3140 et
2270 3091 2426 3140 decla-

1398 3194 1522 3225 rasse
1573 3177 1745 3223 inscz'te
1786 3192 1844 3223 ac
1894 3175 2105 3240 malique
2154 3193 2180 3222 a
2224 3174 2427 3223 nefando

1401 3259 1573 3325 Cyrillo
1591 3254 1872 3324 ἀποκρύφους
1894 3296 1905 3319 ,
1924 3256 2243 3323 apocryphos,
2273 3258 2427 3304 nomi-

1401 3353 1553 3391 natos.
1571 3341 1660 3390 Cui
1681 3344 1906 3390 sanctioni
1932 3340 2183 3405 Dionysius
2198 3338 2430 3387 Constan-

1402 3426 1720 3490 tinopolitatus
1761 3442 1870 3472 cum
1903 3425 2006 3472 aliis
2037 3423 2275 3488 Episcopis
2307 3421 2429 3470 bene

1405 3509 1562 3557 multis
1588 3518 1633 3555 et
1666 3507 1939 3573 presbyteris
1968 3506 2244 3570 suffragatus
2284 3514 2352 3554 est
2378 3506 2428 3551 in

1405 3593 1706 3657 responsione
1731 3590 1791 3639 ad
1823 3589 2039 3639 articulos
2070 3588 2427 3638 Calvinistarum

1409 3693 1533 3725 anno
1569 3671 1710 3740 1672.
