2502 4134
387 130 555 168 mar.
603 129 692 165 111.
743 128 892 165 secr.
937 128 977 164 1.
1027 128 1149 164 car.
1201 129 1265 164 11.
1312 127 1379 163 nu
1425 127 1556 162 ΜΤ.
1604 125 1719 162 cum
1766 126 1875 161 rin.
2083 104 2202 164 509

77 292 267 371 ipsum
292 286 507 367 requiri
539 284 780 343 ulterius
809 294 1020 365 potest.
1053 282 1112 341 Si
1143 302 1398 363 namque
1435 291 1593 340 certo
1623 285 1746 357 Jam
1776 255 2007 340 constet
2027 326 2042 353 .,
2070 303 2196 342 esse
2249 335 2253 338 .

78 381 322 443 verbum
363 380 469 439 Dei
504 379 868 453 revelatum,
922 378 1035 437 hoc
1068 378 1195 459 ipso
1228 387 1386 436 certo
1419 380 1540 453 jam
1576 387 1805 435 constat
1826 421 1842 444 ,
1879 375 1963 435 nil
1993 375 2202 435 haberi

78 476 237 558 quod
255 475 467 534 rationi
498 475 840 536 adversetur
867 493 1067 554 posse3
1092 493 1253 531 secus
1278 472 1378 552 qui
1400 482 1592 550 ageret
1612 515 1628 541 a
1653 491 1955 530 assensum
1981 470 2196 530 divinae

75 564 415 632 revelationi
457 582 612 630 certo
667 570 906 649 cognitae
954 588 1301 648 suspensum
1349 587 1414 624 ac
1457 563 1819 646 pendentem
1862 566 2077 626 faceret
2124 565 2199 625 ab

74 668 451 748 inquisitione
486 688 588 724 sua
621 686 782 724 mere
812 664 1135 731 rationali,
1186 673 1383 719 utrum
1417 659 1633 719 scilicet
1667 672 1876 719 natura
1912 660 2200 740 dogmatis

74 763 371 843 principiis
407 761 522 820 suis
562 759 940 845 rationalibus
980 757 1386 816 adversaretur
1421 776 1528 814 nec
1561 776 1657 814 ne.
1699 753 1872 813 Aliud
1901 777 2040 816 vero
2077 768 2199 831 est,

75 858 231 938 quod
257 856 556 935 theologus
586 855 659 914 ad
699 853 970 935 dogmata
998 852 1130 911 fidei
1172 850 1390 910 tuenda
1425 872 1489 909 ac
1513 849 1859 910 illustranda
1884 850 1995 910 hoc
2021 852 2200 912 etiam

73 963 346 1034 praestare
369 950 580 1010 debeat
599 994 615 1021 ,
658 961 733 1008 ut⁴
748 949 833 1007 nil
854 970 919 1008 ea
941 947 1158 1006 habere
1184 947 1581 1033 demonstret,
1606 966 1676 1004 ex
1715 967 1830 1027 quo
1863 945 1985 1005 ulla
2022 968 2203 1029 repu-

74 1048 312 1127 gnantia
335 1063 466 1105 cum
503 1045 744 1104 rationis
771 1043 1072 1126 principiis
1095 1042 1278 1123 possit
1310 1041 1534 1117 inferri.
1565 1040 1836 1100 Officium
1869 1040 2122 1124 theologi
2143 1053 2204 1103 et

74 1144 326 1204 officium
366 1141 653 1202 credentis
697 1140 1034 1200 Hermesius
1056 1138 1236 1220 plane
1266 1137 1602 1197 confundit.

153 1239 297 1299 247.
349 1237 436 1297 Ad
469 1237 575 1310 lim,
607 1238 763 1296 Dist.
797 1236 857 1294 Si
887 1235 1199 1317 praemissae
1231 1254 1382 1294 verae
1420 1244 1649 1307 essent,
1695 1253 1902 1301 eouo.;
1937 1235 1985 1293 si
2008 1234 2198 1311 falsae,

73 1355 202 1412 περ.
247 1334 418 1391 Certe
455 1331 658 1412 positis
697 1331 1000 1411 principiis
1051 1341 1109 1389 et
1154 1329 1479 1388 canonibus
1520 1349 1590 1386 ex
1628 1329 1932 1388 Hermesio
1970 1329 2199 1407 allatis,

70 1429 195 1486 sine
237 1425 448 1507 quibus
489 1423 751 1505 prudens
807 1445 874 1482 ac
904 1423 1266 1483 rationabilis
1305 1422 1449 1483 fides
1479 1423 1616 1481 oriri
1649 1426 1958 1505 nequiret,
1995 1447 2202 1487 conse·
2266 1445 2271 1450 ’

67 1521 267 1604 quitur
290 1530 500 1602 sponte
529 1540 630 1577 sua
651 1561 667 1592 .,
695 1518 985 1577 rationem
999 1521 1347 1597 prinoipem
1367 1561 1388 1589 ,
1426 1519 1610 1577 immo
1639 1525 1894 1579 um‘oam
1917 1543 2202 1582 normam

67 1637 189 1677 esse
235 1616 297 1674 in
345 1615 477 1675 fidei
521 1614 775 1695 negotio,
830 1615 904 1672 At
942 1634 1008 1672 ea
1049 1614 1225 1672 nimis
1270 1624 1442 1672 rectae
1491 1614 1770 1673 methodo
1817 1637 1884 1674 ac
1920 1616 2200 1678 doctrinae

68 1711 472 1771 adversantur.
529 1711 798 1769 Humana
849 1709 1008 1768 enim
1051 1709 1199 1768 ratio
1239 1709 1441 1790 utique
1494 1711 1735 1769 unicum
1782 1713 2049 1771 medium
2098 1734 2202 1773 seu

68 1813 577 1875 instrumentum,
607 1815 729 1878 est,
777 1825 892 1885 quo
936 1825 1044 1863 nos
1081 1804 1167 1862 uti
1199 1825 1507 1884 possumus
1542 1805 1617 1864 ad
1661 1807 1883 1867 motiva
1921 1807 2201 1867 credendi

67 1899 442 1983 percipienda
487 1910 662 1980 atque
698 1898 772 1958 ad
810 1900 965 1981 ipsas
1013 1920 1106 1958 res
1145 1898 1282 1958 fidei
1321 1899 1790 1978 cognoscenda33
1836 1899 1939 1960 sed
1974 1923 2096 1961 non
2129 1924 2199 1963 eo

67 2018 275 2070 sensu⁷
314 2006 380 2053 ut
393 1995 637 2072 judicet
662 1993 734 2053 de
776 1993 1017 2074 singulis
1055 1992 1460 2074 dogmatibu5.,
1510 2006 1685 2076 atque
1730 2017 1802 2055 ex
1839 1995 1949 2055 hoc
1978 1997 2198 2075 judicio

53 2091 227 2151 'suam
258 2090 427 2149 faciat
467 2088 645 2149 fidem
682 2090 1066 2170 pendentem.
1112 2087 1282 2162 Quod
1325 2091 1373 2147 si
1413 2089 1715 2170 theologus
1747 2091 1979 2152 ratione
2009 2093 2198 2153 utitur

66 2208 167 2245 sua
206 2186 280 2244 ad
311 2185 731 2267 inquirendum
755 2197 958 2243 utrum
982 2197 1042 2244 et
1071 2183 1366 2266 quomodo
1405 2184 1678 2264 dogmata
1716 2186 1943 2266 singula
1989 2187 2198 2247 funda-

66 2292 336 2341 mentum
387 2279 641 2339 habeant
681 2280 744 2341 in
802 2279 982 2339 verbo
1022 2280 1131 2339 Dei
1173 2280 1388 2360 scripto
1435 2278 1530 2340 vel
1575 2280 1827 2357 tradito,
1878 2303 1999 2340 non
2039 2294 2196 2343 certe

54 2382 406 2457 prinoipem
460 2397 739 2434 normam
786 2374 921 2435 fidei
961 2395 1077 2436 suae
1130 2376 1418 2434 rationem
1467 2376 1802 2453 constituit,
1857 2378 1906 2435 si
1949 2376 2194 2458 quidem

63 2470 341 2531 catholice
380 2469 674 2552 procedit3
729 2469 833 2530 sed
877 2492 1091 2529 munus
1133 2492 1307 2529 suum
1344 2469 1754 2551 dependenter
1802 2471 1876 2532 ab
1922 2471 2189 2534 Ecclesiae

63 2566 442 2642 auctoritate,
495 2565 763 2647 proxima
814 2564 951 2625 fidei
996 2564 1230 2646 regula,
1281 2566 1627 2647 exequitur,
1680 2579 1857 2647 prout
1899 2568 1963 2627 in
2004 2569 2193 2650 capite

61 2663 246 2742 inseq.
279 2660 486 2720 clarius
526 2659 923 2721 edocebimus

864 2869 1276 2924 PROPOSITIO
1320 2871 1390 2923 ΙΙ.

59 3011 236 3070 Fides
255 3032 372 3070 non
398 3021 635 3069 tantum
650 3012 932 3074 humame
959 3016 1216 3072 rationis
1239 3016 1626 3072 incrementis
1647 3034 1771 3073 uon
1790 3015 2186 3088 adversatur,

587 3108 690 3166 sed
710 3129 778 3166 ea
813 3111 1023 3187 potius
1056 3110 1308 3187 mirifice
1335 3109 1633 3188 provehit.

143 3306 283 3366 248.
333 3310 625 3392 Frequens
670 3333 736 3371 ac
763 3310 1038 3371 solemnis
1086 3324 1174 3371 est
1214 3312 1396 3371 altera
1428 3311 1502 3371 ab
1537 3312 1852 3373 incredulis
1899 3336 1963 3375 ac
2006 3317 2186 3374 ratio-

64 3398 283 3459 nalistis
328 3402 390 3460 in
417 3402 789 3466 christianam
818 3406 994 3467 fidem
1026 3408 1276 3489 impacta
1315 3406 1607 3467 calumnia
1629 3453 1645 3483 ,
1687 3430 1760 3469 ex
1795 3431 1863 3469 ea
1901 3412 2182 3470 nimirum

63 3495 335 3556 humanae
393 3500 638 3560 rationis
687 3502 1083 3574 evolutionem
1133 3524 1199 3561 ac
1249 3502 1782 3585 perfectibilitatem
1833 3504 2214 3588 praepediri,-

65 3594 301 3672 ejusque
330 3591 451 3653 vim
486 3593 594 3654 sub
630 3595 769 3657 fidei
806 3602 947 3679 jugo
975 3598 1229 3680 opprimi
1260 3597 1503 3657 omnino
1552 3610 1728 3681 atq-ue
1755 3598 1913 3661 elidi.
1959 3601 2078 3660 Nec
2111 3598 2183 3659 ab
