2502 4134
541 141 703 183 mar.
753 145 839 181 111.
888 144 1037 181 secr.
1086 144 1151 181 11.
1197 144 1320 181 cu».
1370 144 1435 182 11.
1482 144 1551 181 nn
1594 142 1871 180 mummio.
2148 123 2261 183 581

148 286 368 367 vulgari
419 285 614 365 lingua
665 285 890 344 utiliter
939 283 1231 360 eduntur,
1283 269 1495 366 prouti
1526 285 1684 345 varia
1735 282 2032 356 locorum,
2080 285 2265 344 aetatis

145 369 567 461 hominumque
594 378 807 438 indolis
852 377 1127 456 adjuncta
1156 377 1426 438 suadent.
1462 380 1561 437 Ast
1601 379 1647 437 si
1674 377 1746 438 de
1780 388 2086 458 systemate
2107 377 2269 438 theo-

145 474 327 554 logico
360 476 633 534 universo
681 473 936 554 perfecte
977 473 1379 551 instituend0.,
1433 471 1482 531 si‘
1509 471 1582 532 de
1608 471 1940 550 junioribus
1988 472 2269 552 theologis

144 570 206 627 in
245 570 415 628 sacris
467 567 786 648 disciplinis
841 566 1228 625 informandis
1291 566 1517 646 agitur,
1574 567 1750 625 nimis
1801 569 2004 646 graves
2047 588 2264 628 caussae

143 675 367 723 rectum
409 661 1073 745 theologum-impellere
1113 660 1292 722 debet
1314 661 1390 720 ad
1423 660 1623 721 latinae
1661 660 1870 741 linguae
1901 683 2074 721 usum
2109 684 2268 723 mor·-

145 758 302 818 dicus
343 757 630 818 tuendum
659 778 731 816 ac-
754 757 1159 817 retinendum.

226 854 368 914 357.
418 857 653 913 Possem
690 874 799 934 pro
818 852 928 912 hac
956 840 1343 912 affirmatione
1370 853 1432 911 in
1447 851 1710 912 medium
1742 852 1949 913 afferre
1975 875 1988 909 :
2022 852 2085 911 1Ο
2109 853 2267 935 quod

145 949 328 1008 latina
379 948 611 1028 lingua,
662 958 869 1030 utpote
923 949 1213 1006 constanti
1268 958 1328 1007 et
1378 947 1781 1028 antiquissimo
1838 946 2103 1007 Ecclesiae
2156 970 2266 1007 usu

143 1055 473 1104 consecrata
500 1090 516 1119 ‚
554 1055 613 1103 et
642 1045 931 1123 licuryica
959 1043 1163 1103 effecta
1183 1088 1199 1117 ‚
1231 1045 1326 1120 jus
1357 1031 1655 1124 quoddam
1679 1042 1789 1101 sibi
1813 1043 2024 1101 merito
2046 1033 2269 1102 adscis-

143 1160 270 1198 cere
297 1139 530 1199 videtur
563 1138 741 1198 etiam
767 1138 831 1197 in
855 1158 1043 1197 sacras
1071 1136 1440 1218 disciplinaS‚
1478 1158 1606 1218 quae
1642 1136 1903 1196 Ecclesiae
1942 1135 2266 1197 doctrinam

140 1232 392 1315 fideique
440 1232 773 1314 depositum
812 1233 1120 1292 continent
1174 1231 1296 1312 (1);
1347 1232 1416 1289 2⁰
1453 1231 1613 1313 quod
1647 1231 1864 1291 Christi
1910 1231 2217 1295 Ecclesiam
2246 1279 2263 1309 ,

141 1348 274 1386 cum
316 1329 605 1386 catholica
635 1348 772 1389 vere
812 1327 886 1386 sit
921 1347 1023 1400 seu
1060 1326 1406 1388 universalis
1432 1373 1448 1401 .‚
1483 1326 1737 1386 maxime
1774 1325 1941 1387 decet
1977 1326 2264 1414 valdeque

138 1421 722 1490 eidem-fructuosum
760 1432 850 1480 est
901 1423 1304 1480 universalem
1339 1421 1601 1501 linguam
1640 1420 1859 1481 habere
1882 1465 1900 1496 n
1954 1442 2068 1503 qua
2122 1421 2264 1482 doc-

136 1513 292 1571 trina
321 1517 457 1590 ejus
479 1515 846 1591 systematice
882 1509 1150 1569 tradatur
1177 1527 1242 1570 a'c
1273 1513 1602 1573 illustretur
1621 1559 1638 1589 ,
1678 1514 1758 1574 sic
1787 1526 1852 1591 ut
1886 1515 2031 1575 varii
2058 1515 2264 1575 catho-

138 1606 382 1667 licorum
428 1605 831 1685 theologorum
861 1651 878 1680 ‚
930 1604 1070 1665 licet
1121 1604 1488 1664 diversarum
1536 1597 1846 1665 nationum
1870 1652 1886 1682 .,
1934 1608 2162 1674 labores
2198 1611 2262 1670 in

138 1723 512 1763 communem
567 1700 829 1759 Ecclesiae
878 1701 1055 1757 totius
1103 1720 1275 1757 usum
1325 1719 1390 1758 ac
1440 1700 1700 1759 fructum
1745 1701 1948 1761 venire
1996 1715 2259 1783 queant3

141 1797 205 1857 30
232 1797 390 1879 quod
418 1799 616 1856 Patres
639 1793 1042 1878 quamplure5‚
1075 1793 1340 1852 doctores
1359 1839 1376 1867 .,
1413 1795 1706 1875 ceterique
1734 1793 2040 1875 theologici
2075 1798 2260 1880 scrip-

137 1904 292 1953 tores
333 1894 701 1975 superiorum
743 1891 867 1951 sere
914 1889 1181 1948 omnium
1232 1887 1499 1949 Ecclesiae
1547 1900 1786 1948 aetatum
1832 1889 2015 1949 latina
2060 1890 2259 1974 lingua

138 2008 312 2069 opera
348 2009 449 2046 sua
486 1987 855 2069 potissimum
881 1984 1210 2057 exararint3
1244 1983 1310 2041 40
1339 1982 1498 2064 quod
1520 1982 1621 2042 ubi
1645 1981 1675 2043 a
1708 1983 2014 2065 theologiae
2047 1985 2253 2047 scholis

136 2082 351 2141 latinus
390 2081 689 2162 ablegetur
722 2102 946 2155 sermm,
991 2077 1316 2140 vernaculis
1354 2077 1565 2158 linguis
1597 2079 1850 2138 suffectis
1873 2125 1889 2154 7
1933 2079 2103 2158 hujus
2137 2082 2255 2141 lin-

138 2199 263 2258 guae
311 2177 569 2237 studium
615 2177 679 2235 in
713 2174 1045 2255 junioribus
1091 2173 1374 2253 theologis
1426 2175 1814 2255 restinguetur
1861 2196 1927 2235 ac
1982 2175 2253 2254 decidet,

139 2294 352 2353 magno
422 2294 556 2333 cum
611 2271 887 2333 clericalis
942 2280 1127 2331 coetus
1183 2267 1466 2330 dedecore
1542 2280 1718 2352 atque
1769 2270 2029 2331 Ecclesiae
2075 2272 2253 2354 ipsius

141 2366 518 2428 detrimento,
1796 2448 1800 2451 Ι

221 2461 362 2523 358.
411 2464 527 2524 Sed
567 2464 676 2524 alia
716 2477 806 2525 est
846 2466 993 2525 ratio
1040 2465 1325 2525 momenti
1368 2463 1558 2527 adhuc
1594 2462 2077 2543 valdetmajoriffi
2123 2485 2254 2547 quae

136 2577 265 2619 rem
291 2566 555 2619 n0stram
578 2560 821 2620 omnino
851 2561 1133 2620 conficere
1163 2558 1339 2619 debet
1367 2582 1380 2619 ε
1409 2561 1664 2619 maxima
1692 2560 1973 2637 nimirum
1996 2560 2254 2642 pericula

138 2665 197 2714 et
233 2654 478 2733 damna,
510 2677 639 2737 quae
670 2655 804 2716 fidei
833 2654 1131 2716 catholicae
1159 2654 1477 2717 obveniant
1507 2665 1770 2736 oportet,
1798 2655 1847 2713 si
1868 2653 2106 2736 quidem
2132 2660 2254 2733 ejus

138 2748 408 2829 dogmata
444 2750 769 2812 vernaculis
814 2749 1028 2831 linguis
1069 2761 1418 2811 tractentur.
1458 2748 1697 2809 Habent
1738 2750 1898 2809 enim
1940 2748 2252 2810 christiana

138 2842 409 2924 dogmata
454 2857 598 2906 cum
635 2857 791 2906 ratos
836 2847 1151 2928 firmosque
1193 2857 1508 2928 conceptus
1545 2867 1678 2904 suos
1701 2890 1718 2920 .,
1759 2866 1902 2927 quos
1938 2845 2257 2907 immutare

136 2938 296 2998 nefas
336 2950 457 3015 est,
498 2950 627 3001 tum
671 2939 989 3003 locutiones
1034 2940 1164 3001 illas
1215 2952 1500 3024 perpetua
1546 2938 1866 3001 traditione
1915 2951 2090 3023 atque
2142 2963 2252 3000 usu

138 3046 526 3112 consecratas,
555 3058 684 3119 quae
705 3048 1020 3119 conceptus
1042 3035 1172 3096 illos
1195 3037 1308 3097 rite
1338 3036 1593 3096 efferunt
1611 3080 1628 3111 ‚
1664 3046 2065 3118 perpetuoque
2096 3037 2251 3098 inte-

137 3149 268 3209 gros
307 3141 558 3194 servant.
607 3132 814 3214 Atqui,
853 3132 901 3192 si
941 3131 1067 3193 haec
1116 3132 1311 3194 omnia
1362 3132 1570 3214 cuique
1607 3152 1645 3191 e
1683 3130 2007 3193 vernaculis
2040 3130 2251 3212 linguis

137 3223 610 3302 committantur,
655 3246 783 3310 quae
819 3228 996 3289 variae
1034 3249 1101 3287 ac
1136 3226 1446 3287 mutabiles
1485 3237 1624 3285 sunt
1646 3271 1662 3300 ,
1716 3237 1777 3286 et
1827 3247 1971 3307 quas
2006 3227 2249 3309 quisque

138 3318 384 3399 scriptor
412 3341 521 3402 pro
551 3323 787 3403 ingenio
830 3342 933 3381 suo
969 3321 1270 3384 inflectere
1309 3332 1540 3404 potest,
1586 3344 1651 3382 ac
1689 3320 1860 3380 aliam
1893 3319 2037 3381 alius
2077 3341 2252 3380 voca-

210 3535 276 3599 (l)
306 3535 454 3598 Vide,
494 3554 594 3603 quae
617 3542 792 3606 egregia
819 3540 1050 3590 habetcl.
1079 3539 1149 3589 De
1233 3539 1437 3589 Ecclesia
1479 3539 1727 3590 universali
1763 3544 1812 3591 in
1845 3560 1919 3608 op.
1959 3539 2047 3589 Du
2086 3539 2247 3607 Pape,

143 3617 326 3669 Maistre
352 3619 409 3670 de
430 3618 587 3685 lingua
614 3619 755 3671 latina
776 3619 968 3689 ejusque
994 3639 1080 3671 usu
1101 3623 1152 3671 in
1234 3623 1316 3673 liv.
1343 3640 1361 3671 1
1383 3661 1395 3687 ‚
1433 3623 1570 3689 chap.
1608 3640 1689 3674 20.
