2502 4134
2099 163 2214 223 319

384 197 538 235 PART.
582 195 644 231 1¹.
690 192 844 230 SB'GT.
893 191 955 227 lt.
1000 190 1121 227 GAP.
1169 189 1253 226 111.
1301 190 1367 224 DE
1415 190 1546 224 MED.
1598 188 1740 225 SING.
1786 186 1954 224 TRAD.

100 365 227 426 quae
274 362 340 400 ex
393 339 531 421 ipsis
582 335 903 415 Martyrum
957 330 1279 414 sepulchris
1323 329 1863 405 constituebantur,
1903 327 2214 404 discimuS,

98 459 275 520 quam
309 435 546 515 antiqua
575 431 650 490 sit
679 429 906 489 colendi
933 449 1120 487 sacras
1162 429 1481 510 Martyrum
1518 426 1791 508 reliquias
1825 423 2215 498 consuetude,

97 545 155 591 et
185 551 300 613 qua
336 526 716 590 veneratione
751 526 987 583 Sanctos
1024 523 1198 603 primi
1236 521 1434 581 fideles
1466 531 1957 603 prosequerentur
1986 521 2097 600 (1).
2136 520 2221 578 Ex

99 649 166 687 eo
198 625 484 707 siquidem
526 623 744 681 factum
777 632 900 693 est,
938 631 1004 676 ut
1043 617 1244 676 altaria
1283 617 1498 698 passim
1527 628 1875 675 vocarentur
1901 615 2223 695 sepulchra

96 724 453 801 Martyrum
463 762 486 791 ,
504 721 804 778 memoriae
821 716 1210 793 Martyrum,
1232 716 1538 791 martyria
1561 708 1682 769 sive
1702 714 2091 788 confessiones
2106 707 2215 789 (2).
2258 759 2268 781 .,

99 818 382 876 Altarium
414 815 653 873 demum
685 814 746 870 in
775 810 977 871 eadem
1013 808 1255 869 Ecclesia
1287 805 1605 866 multitudo
1630 804 2089 865 luculentissime
2120 827 2222 887 pa-

96 913 237 971 riter
286 910 608 968 adstruitur
652 918 883 988 recepta
904 948 911 957 ,Α
930 902 1088 988 apud
1127 905 1343 986 priscos
1385 901 1784 972 Christianos3
1833 901 2022 960 adhuc
2061 901 2223 960 enim

96 1005 353 1065 cubicula
378 1005 717 1063 invisuri-tur
738 1003 799 1060 in
822 1001 1194 1082 sepulcretis»,
1221 1000 1282 1057 in
1314 997 1524 1080 quibus
1543 1042 1558 1068 ,
1593 995 1728 1055 licet
1751 998 2007 1076 angustis
2023 1043 2040 1072 ,
2072 997 2218 1071 duo,

94 1100 389 1161 interdum
418 1100 529 1158 tria
559 1109 660 1156 aut
683 1102 902 1155 novem
929 1096 1107 1153 etiam
1137 1105 1326 1153 erecta
1355 1092 1563 1151 altaria
1591 1089 1885 1150 habentur
1919 1092 2026 1172 (3).
2057 1092 2223 1153 Idem

93 1195 184 1254 dic
225 1195 299 1253 (fle
336 1194 472 1252 locis
502 1191 577 1250 ad
614 1190 1002 1249 confessiones
1031 1187 1401 1270 excipiendas
1445 1185 1747 1246 destinatis
1772 1231 1788 1260 ,
1835 1207 1961 1268 quae
2002 1187 2220 1248 ibidem

95 1291 307 1369 passim
339 1295 654 1347 occurrunt
695 1285 811 1363 (4).

179 1383 315 1442 478.
361 1385 500 1454 Quae
543 1401 676 1438 cum
711 1380 789 1438 ita
826 1399 887 1438 se
926 1377 1211 1452 babeant,
1253 1379 1448 1460 ecquis
1477 1399 1742 1459 unquam
1769 1378 1986 1437 inficias
2014 1379 2220 1453 iverit,

98 1499 167 1539 ex
206 1476 571 1558 antiquitatis
612 1474 1011 1533 monumentis
1055 1473 1477 1534 validissimum
1516 1472 1590 1532 ad
1632 1473 1914 1533 catholica
1952 1474 2226 1555 dogmata

95 1572 519 1657 propugnanda
548 1581 962 1653 argumentum
995 1570 1217 1651 promi,
1259 1591 1375 1651 quo
1406 1570 1628 1629 cunctis
1655 1590 1719 1628 os
1747 1569 2086 1629 obstruatur
2123 1592 2220 1630 ca-

97 1669 320 1728 tholicae
351 1667 486 1726 fidei
519 1663 1039 1738 obtrectatoribus,
1080 1686 1263 1746 quum
1297 1665 1506 1723 horum
1543 1676 2063 1725 monumentorum
2093 1665 2227 1747 ple—

96 1785 274 1845 raque
299 1762 372 1821 ad
400 1763 507 1820 tria
533 1762 726 1842 priora
758 1759 1022 1820 Ecclesiae
1050 1759 1240 1819 secula
1264 1771 1531 1840 spectent
1552 1805 1566 1834 ,
1608 1759 1684 1818 ad
1719 1760 1909 1819 secula
1945 1761 2226 1821 nimirum

97 1859 229 1934 illa,
268 1878 394 1940 quae
431 1879 613 1938 pura,
641 1857 759 1914 imo
791 1876 963 1914 aurea
997 1857 1262 1914 certatim
1299 1858 1690 1915 protestantes
1728 1877 1933 1916 vocare
1970 1877 2219 1946 consue-
2258 1866 2261 1869 ’

99 1952 355 2014 verunt?
386 1955 463 2011 Ex
503 1953 571 2010 iis
611 1953 766 2010 enim
805 1952 950 2010 dum
993 1963 1276 2033 perpetua
1324 1950 1583 2010 Ecclesiae
1609 1951 1856 2011 traditio
1902 1951 2227 2012 adstruitur

100 2198 292 2245 Sacrum
322 2197 481 2254 fieret,
516 2207 634 2245 esset
666 2196 890 2246 Sacrifieii
918 2198 1032 2246 ordo
1063 2215 1118 2246 ac

99 2281 212 2327 ritus
237 2262 555 2338 multitudini,
585 2279 850 2327 inferiorem
878 2297 903 2327 e
927 2282 1119 2344 regione

101 2371 256 2409 aream
283 2359 525 2424 implenti,
553 2362 842 2424 conspicuus.
862 2360 956 2408 Alae
986 2364 1118 2409 insu-

99 2459 179 2506 per
202 2478 215 2500 ,
263 2456 342 2489 seu
388 2443 588 2489 minores
633 2444 835 2505 porticus
859 2478 871 2502 ‚
918 2443 1118 2491 mediam

100 2540 253 2571 aream
291 2527 508 2588 utrinque
538 2523 800 2588 stipabant;
841 2524 967 2572 locus
1010 2543 1122 2573 suus

100 2604 354 2652 destinatus
381 2606 488 2652 viris
516 2622 570 2653 ac
594 2621 798 2653 seorsum
828 2606 1116 2656 mulieribus.

100 2685 199 2735 Cfr.
230 2684 561 2753 Guadagnius,
597 2687 687 2737 loc.
720 2691 799 2736 cit.
829 2707 930 2754 pag.
960 2687 1048 2758 96.

167 2767 234 2831 (l)
272 2767 370 2817 Cfr.
416 2768 646 2830 Boldeffi,
695 2787 771 2835 op.
813 2773 893 2819 cit.
939 2771 1024 2819 lib.
1066 2789 1116 2830 1,

100 2867 203 2917 cap.
230 2848 290 2911 8,
318 2870 422 2917 pag.
450 2869 544 2919 29,
573 2863 618 2901 et
644 2853 984 2919 D’Agincourt,
1015 2854 1120 2904 Sto-

101 2936 178 2995 riq
213 2933 329 2983 dell’
365 2944 467 2983 arte
511 2936 790 2985 dimostrata
837 2940 917 2986 coi
951 2955 1119 2987 monu-

103 3019 277 3078 menti,
311 3017 444 3066 Prato
483 3015 609 3066 1826
631 3057 644 3079 ‚
683 3020 779 3068 vol.
811 3037 875 3080 ιι,
916 3032 1035 3086 part.
1065 3037 1113 3082 1,

106 3113 206 3162 pag.
231 3096 298 3164 89
331 3109 374 3148 et
406 3117 499 3165 seq.

176 3177 240 3242 (2)
277 3179 396 3229 lbid.
429 3199 539 3246 pag.
580 3179 645 3230 36
675 3192 720 3230 et
744 3201 841 3250 seq.

176 3256 240 3320 (3)
280 3259 336 3308 Et
359 3259 459 3310 haec
488 3266 584 3327 ipsa
611 3264 821 3312 cubicula
839 3303 851 3324 ,
876 3269 925 3312 in
946 3265 1116 3331 quibus

108 3337 238 3400 plura
265 3340 417 3389 altaria
445 3344 599 3392 adhuc
631 3348 865 3402 existunt,
900 3350 1116 3411 usurpavi

110 3418 253 3465 oculis
280 3424 393 3469 meis
419 3425 469 3470 in
498 3438 856 3476 commemorato
897 3438 1116 3477 coemete—

109 3501 177 3546 rio
204 3502 253 3546 in
279 3503 350 3548 via
375 3501 679 3557 Nomentana.
709 3509 774 3557 Ex
803 3510 874 3558 his
899 3510 1115 3573 luculen-

108 3582 279 3630 tissime
291 3583 558 3634 ret'elluntur
569 3591 824 3654 ianseniani
839 3628 852 3652 ,
873 3592 986 3640 dum
1002 3610 1116 3642 con-

107 3661 294 3711 tendere
334 3667 430 3713 ausi
472 3677 611 3730 sunt,
640 3673 770 3735 juxta
804 3676 1114 3723 venerandam

1202 2201 1529 2264 antiquitatem
1546 2237 1558 2259 ,
1579 2200 1767 2249 nonnisi
1795 2202 2025 2266 singulare
2043 2207 2092 2251 in
2113 2222 2230 2271 qua-

1198 2280 1314 2329 libet
1336 2279 1538 2329 Ecclesia
1567 2282 1708 2330 altare
1739 2300 1835 2332 esse
1857 2283 2046 2334 debere.

1270 2361 1334 2425 (h)
1374 2363 1511 2411 l‘rout
1536 2364 1742 2412 ostendet
1775 2365 1827 2414 P.
1862 2365 2039 2415 Marchi
2072 2370 2122 2416 in
2143 2387 2225 2419 sua

1201 2443 1509 2492 illustratione
1528 2457 1938 2506 monumentorum
1955 2447 2227 2500 christiano-

1201 2542 1326 2575 rum.
1360 2526 1426 2575 Ex
1461 2527 1535 2575 his
1564 2538 1719 2592 patet,
1755 2528 1951 2583 Romam
1983 2548 2114 2596 posse
2138 2533 2224 2582 ad-

1198 2594 1423 2658 uersarios
1459 2627 1596 2670 sune,
1629 2613 1710 2677 qui
1742 2629 1844 2661 eam
1881 2631 2050 2679 nempe
2086 2618 2226 2665 ineu-

1201 2701 1334 2751 sant,
1368 2693 1492 2758 quod
1521 2693 1759 2743 desciverit
1791 2713 1816 2742 a
1849 2684 1997 2761 prisca
2027 2696 2225 2751 Petrum

1200 2773 1294 2821 fide
1327 2776 1710 2824 innovationibus
1730 2814 1743 2835 ,
1775 2795 1890 2843 quas
1923 2789 2127 2845 tempore
2153 2781 2226 2830 la-

1200 2854 1339 2904 bente
1362 2857 1583 2915 induxit,
1622 2859 1871 2922 parietibus
1906 2863 2023 2922 suis,
2057 2862 2224 2928 lapidi-

1199 2936 1287 2984 bus
1309 2955 1362 2985 ac
1393 2941 1659 2987 coemeteriis
1677 2977 1690 3001 ,
1713 2942 1903 3005 picturis
1924 2959 1977 2991 ac
1994 2944 2223 2994 eaelaturie

1200 3019 1260 3067 ad
1292 3020 1528 3069 silentium
1568 3023 1787 3072 reducere
1822 3041 1875 3073 ac
1908 3026 2082 3090 pudore
2117 3027 2223 3075 suf-

1198 3100 1412 3151 fundere.
1433 3100 1672 3168 Siquidem
1697 3106 1852 3154 adhuo
1880 3107 1939 3155 de
1964 3108 2043 3156 illa
2059 3147 2070 3168 ‚
2096 3110 2222 3176 quod

1197 3187 1365 3234 cecinit
1388 3185 1676 3251 Propertius,
1699 3188 1783 3237 lib.
1811 3206 1865 3237 ιιι
1881 3227 1896 3249 ,
1928 3189 2070 3256 Eleq.
2095 3210 2188 3242 xxn
2204 3231 2219 3253 ‚

1198 3269 1461 3317 verificatur
1490 3287 1503 3317 :

1316 3390 1471 3431 Omnia
1495 3390 1702 3432 Romana·
1719 3391 1876 3434 cedant
1896 3397 2106 3437 miracula

1372 3472 1502 3503 terrae
1518 3477 1535 3510 ;

1317 3546 1490 3588 Natura
1516 3546 1585 3588 hic
1608 3550 1752 3605 posuit
1780 3551 1999 3609 quidquid
2023 3555 2066 3593 in

1369 3619 1473 3660 orbe
1484 3618 1599 3670 ficit.
