2502 4134
162 153 173 169 ,
250 92 366 154 168

769 91 773 93 '
863 116 1060 154 TRACT.
1114 118 1181 153 nn
1225 117 1377 154 Locis
1422 118 1802 156 THEOLOGICIS.

327 258 468 317 252.
515 258 675 317 Nihil
719 259 1082 316 intentatum
1117 257 1484 339 reliquerunt
1510 262 1677 319 Rom.
1718 260 2023 320 Pontifices
2044 306 2058 334 7
2092 261 2382 343 praecipue

245 378 385 418 vero
421 354 731 435 Gregorius
762 353 930 426 XIII,
982 355 1178 413 Sixtus
1220 355 1263 411 V
1289 400 1303 419 .
1345 357 1581 436 Gregor.
1625 357 1754 415 XIV
1800 367 1859 415 et
1905 356 2174 416 Clemens
2208 358 2335 416 VIII
2362 403 2379 431 7

243 450 526 513 institutis
565 449 643 508 ad
687 450 751 509 id
792 451 1054 510 muneris
1088 451 1670 531 congregationibus7
1710 462 1774 510 ut
1818 451 2051 534 vulgata
2091 451 2270 510 editio
2308 452 2385 512 ad

245 558 516 609 mentem
550 545 795 604 Concilii
817 546 1290 606 emendatissima
1311 546 1574 628 prodiret
1596 548 1658 605 in
1681 546 1871 607 lucem
1894 593 1910 620 7
1950 549 2034 606 uti
2059 548 2247 629 reipsa
2265 547 2386 607 fac-

243 654 376 702 tum
417 653 528 701 est.
568 643 717 700 Cum
746 642 921 722 igitur
953 642 1187 722 vulgata
1222 641 1404 700 latina
1447 643 1632 701 versio
1657 643 1718 700 in
1746 665 1853 700 usu
1888 643 2063 703 fuerit
2093 654 2181 701 tot
2218 664 2385 702 secu-

244 739 451 798 lorum
490 737 660 819 lapsu
693 738 754 797 in
787 738 1034 799 Ecclesia
1069 737 1413 798 occidentali
1434 784 1449 812 7
1480 759 1545 797 ac
1575 741 1818 796 summis
1860 739 1958 797 SS.
1989 741 2226 798 Patrum
2257 738 2388 799 lau-

246 834 423 894 dibus
462 832 755 894 celebrata
795 836 917 915 (l)7
951 856 1084 894 cum
1118 856 1248 893 eam
1286 833 1665 894 adhibuerint
1696 834 2056 894 oecumenica
2083 834 2346 895 Concilia
2367 881 2384 911 7

247 953 382 989 cum
411 941 498 989 tot
522 930 829 988 doctorum
870 931 1131 990 virorum
1166 930 1315 989 curis
1352 930 1428 988 ad
1465 928 1737 990 hebraica
1773 939 1831 989 et
1867 948 2046 1009 graeca
2083 931 2389 1013 exempla-

256 1028 573 1086 riaexacta
613 1026 823 1102 fuerit,
859 1047 924 1085 ac
949 1027 1157 1108 saepius
1194 1026 1339 1087 adeo
1376 1049 1408 1084 a
1445 1026 1674 1086 mendis
1706 1037 1831 1085 tum
1862 1024 2235 1085 librariorum
2259 1038 2391 1086 tum

263 1122 779 1205 calcographorum
808 1123 982 1181 fuerit
1019 1122 1290 1202 castigata
1311 1168 1327 1197 7
1362 1144 1426 1182 ac
1471 1125 1871 1182 Romanorum
1913 1121 2155 1182 demum
2183 1124 2391 1182 Ponti-

251 1220 427 1289 ficum
443 1219 786 1278 auctoritate
801 1218 1083 1301 prodierit
1105 1265 1120 1294 7
1143 1219 1255 1278 nisi
1272 1218 1538 1301 desipere
1554 1218 1804 1280 velimus
1823 1264 1839 1293 7
1857 1218 2146 1277 fateamur
2158 1239 2392 1278 necesse

250 1328 341 1376 est
360 1363 376 1392 7
403 1337 532 1376 eam
574 1315 750 1398 plane
772 1361 787 1388 7
821 1316 1030 1374 nonin
1079 1316 1146 1373 iis
1177 1315 1355 1375 modo
1386 1337 1512 1397 quae
1539 1314 1614 1375 ad
1651 1314 1829 1375 fidem
1861 1334 2169 1396 moresque
2194 1315 2390 1397 perti-

250 1423 437 1486 nent,
484 1410 590 1471 sed
639 1411 703 1470 in
737 1411 807 1471 iis
844 1413 1021 1471 etiam
1065 1431 1192 1492 quae
1233 1410 1443 1470 saltem
1485 1409 1878 1470 substantiam
1917 1409 2211 1484 afficiunt,
2246 1430 2391 1469 con-

250 1509 507 1567 formem
533 1528 656 1566 esse
688 1506 949 1566 fontibus
974 1507 1333 1589 primigeniis
1355 1552 1370 1581 7
1406 1527 1508 1566 seu
1532 1505 1799 1588 originali
1823 1506 2007 1565 textui
2034 1550 2050 1579 7
2084 1504 2394 1587 eidemque

254 1603 432 1687 plene
478 1625 817 1685 congruere.
979 1657 981 1659 .

331 1699 479 1758 253.
527 1698 721 1780 Atque
756 1698 898 1758 hinc
937 1697 1085 1757 illud
1132 1697 1339 1758 accidit
1386 1698 1713 1779 singulare7
1756 1699 1916 1781 quod
1949 1701 2349 1759 protestantes
2372 1743 2389 1773 7

261 1796 364 1879 qui
393 1795 675 1856 adversus
692 1795 995 1856 decretum
1015 1796 1428 1856 Tridentinum
1450 1807 1540 1856 tot
1562 1795 1636 1855 ab
1664 1797 1833 1856 initio
1867 1809 2181 1878 tantosque
2198 1804 2394 1854 motus

253 1892 676 1966 excitaverant,
695 1893 885 1973 primo
908 1891 1010 1953 illo
1029 1891 1304 1974 deinceps
1333 1892 1515 1952 animi
1539 1904 1680 1953 aestu
1705 1892 2167 1967 defervescente,
2198 1911 2397 1972 coepe-

257 1989 386 2047 rint
403 1987 704 2048 decretum
734 1987 882 2046 illud
897 1987 1313 2048 commendare
1335 2034 1351 2063 7
1378 1999 1436 2048 et
1465 1988 1759 2068 vulgatam
1779 1989 2100 2049 editionem
2122 1984 2395 2066 laudibus

327 2206 390 2269 (Ι)
428 2206 553 2255 Inter
584 2207 669 2254 hos
709 2209 916 2255 eminent
951 2206 1002 2255 S.
1039 2206 1281 2273 Gregorius
1360 2208 1532 2273 fertur.
1559 2207 1692 2256 Nam
1711 2217 1778 2256 est
1804 2217 1851 2256 et
1878 2207 2129 2256 verborum
2154 2207 2396 2266 tenacior,

258 2287 327 2339 M.
350 2285 420 2336 In
449 2287 637 2338 Ezech.
670 2289 757 2338 lib.
788 2305 836 2348 1,
868 2287 1017 2338 Hom.
1044 2309 1070 2337 x
1087 2326 1101 2348 ‚
1131 2308 1183 2338 n.
1213 2287 1247 2338 6
1267 2327 1281 2349 ‚
1367 2299 1410 2337 et
1425 2292 1775 2356 perspicuitate
1800 2292 2051 2338 sementim
2079 2288 2293 2351 clarior,
2322 2295 2399 2336 at·

256 2382 301 2420 et
326 2369 396 2418 In
422 2369 538 2420 Job.
557 2368 732 2421 Moral.
750 2371 836 2420 lib.
859 2388 915 2419 xx
934 2407 948 2433 ,
982 2390 1033 2419 n.
1055 2369 1146 2431 62,
1170 2371 1280 2431 ubi,

257 2455 496 2520 posteriori
523 2471 690 2519 nempe
719 2454 823 2502 loco
841 2490 854 2513 ,
882 2453 1044 2503 scribit
1074 2471 1087 2502 :
1118 2453 1286 2519 Lonqe

257 2536 319 2585 ab
351 2535 444 2584 hac
471 2537 711 2590 sententia
745 2545 875 2584 vetus
904 2536 1158 2585 translatio
1188 2536 1288 2584 dis-

257 2626 459 2668 sonat...
498 2615 601 2666 Sed
634 2627 823 2675 tamen,
867 2620 983 2683 quia
1022 2618 1123 2667 hoec
1163 2635 1286 2667 nova

259 2699 511 2749 translatio
531 2717 589 2747 ex
619 2698 805 2750 hebroeo
841 2699 979 2748 nobis
1005 2701 1288 2765 arabicoque

261 2781 432 2847 (Jobi)
466 2782 650 2848 eloquio
678 2792 854 2832 cuncta
886 2785 1047 2832 verius
1071 2783 1288 2848 transsu-

261 2866 388 2915 disse
403 2865 707 2932 perhibetur,
730 2865 1016 2914 credendum
1034 2873 1123 2927 est,
1142 2865 1289 2931 quid-

263 2949 384 3012 quid
413 2951 472 2996 in
490 2964 547 2996 ea
567 2947 777 3010 dicitur-,-
797 2956 841 2996 et
855 2956 1058 3014 oportet,
1078 2956 1133 2995 ut
1146 2949 1289 2998 verba

262 3030 398 3079 illius
425 3040 591 3081 nostra
620 3016 853 3099 exposit-io
885 3031 1124 3080 subtiliter
1142 3033 1289 3081 rime·

263 3120 363 3162 tur.
381 3112 432 3163 S.
453 3114 657 3165 Isidorus
680 3115 997 3180 Hispalensis,
1020 3113 1287 3180 Etymoloq.

265 3195 349 3245 lib.
384 3213 461 3258 vi,
493 3216 594 3263 cap.
626 3197 690 3262 4,
728 3219 781 3249 n.
819 3198 881 3258 5,
912 3200 1024 3247 edit.
1057 3199 1238 3248 Arevali
1272 3217 1288 3247 ε

266 3277 529 3344 Presbyter
542 3297 723 3345 quoque
740 3281 1089 3347 Hieronymus,
1110 3282 1288 3340 scribit,

264 3359 417 3407 trium
449 3359 729 3424 linquarum
755 3364 972 3428 peritus,
1013 3377 1071 3410 ex
1105 3361 1291 3411 hebraeo

266 3443 323 3488 in
341 3439 547 3489 latinum
579 3441 818 3507 eloquium
851 3444 1040 3494 easdem
1062 3440 1292 3510 Scriptu-

265 3539 350 3570 ras
365 3528 597 3571 convertit
618 3523 975 3591 eloquenterque
995 3526 1286 3591 transfudit,

267 3605 406 3666 cujus
433 3606 762 3671 interpretatio
783 3610 951 3657 merito
971 3609 1139 3657 ceteris
1157 3617 1289 3657 ante-

1368 2388 1490 2436 que,
1537 2381 1695 2438 utpote
1735 2390 1766 2420 a
1802 2372 2072 2422 christiano
2108 2373 2395 2438 interprete,

1370 2456 1544 2504 verior.
1572 2454 1654 2503 De
1691 2454 1908 2522 Officiis,
1948 2456 2035 2506 lib.
2070 2472 2120 2515 1,
2157 2471 2260 2520 cap.
2304 2469 2362 2501 12
2383 2490 2398 2513 ,

1372 2555 1421 2586 n.
1443 2534 1504 2597 8,
1531 2549 1744 2602 praeterea
1772 2539 1870 2587 haec
1900 2539 2041 2588 habet
2065 2553 2080 2587 ε
2107 2535 2188 2585 De
2215 2536 2401 2584 ltebroee

1371 2621 1428 2667 in
1445 2618 1654 2667 latinum
1667 2619 1907 2684 eloquium
1926 2617 2257 2667 tantummodo
2271 2617 2334 2665 H
2331 2623 2402 2667 ie-

1372 2718 1603 2766 ronymus
1629 2701 1879 2767 presbyter
1910 2717 2076 2749 sacras
2113 2698 2403 2765 Scripturas

1371 2788 1623 2832 convertit.
1665 2783 1821 2848 Cujus
1858 2782 2068 2831 editione
2109 2782 2399 2847 qeneraliter

1373 2882 1533 2915 omnes
1550 2864 1785 2914 Ecclesiae
1797 2883 2135 2931 usquequaque
2161 2873 2370 2914 utuntur
2378 2901 2395 2927 ,

1365 2965 1458 3015 pro
1491 2965 1543 2996 eo
1566 2948 1693 3013 quod
1714 2951 1872 2997 verior
1901 2951 1966 2997 sit
1987 2951 2043 2997 in
2070 2951 2327 2998 sententiis
2354 2955 2403 2996 et

1373 3032 1551 3082 clarior
1567 3034 1626 3080 in
1644 3032 1817 3081 verbis.
1849 3032 1940 3081 Alii
1965 3033 2121 3099 plures
2149 3032 2238 3081 cfr.
2271 3032 2397 3097 apud

1375 3116 1577 3164 Maurin.
1619 3115 1731 3163 edit.
1763 3133 1871 3181 opp.
1905 3114 1957 3164 S.
1994 3114 2313 3181 Hieronymi,
2351 3117 2401 3161 in

1376 3197 1637 3264 Prolegom.
1648 3199 1699 3245 in
1712 3197 1955 3246 Divinam
1968 3195 2195 3245 Biblioth·
2216 3195 2338 3244 Prol.
2349 3212 2402 3257 u,

1377 3280 1458 3329 ubi
1484 3280 1746 3328 ostenditur
1762 3317 1775 3339 ,
1805 3281 1958 3345 ipsum
1979 3276 2031 3327 S.
2051 3278 2369 3342 Augustinum
2383 3313 2399 3337 ‚

1377 3365 1458 3429 qui
1473 3364 1597 3427 prius
1613 3378 1746 3409 novae
1763 3364 1959 3410 versioni
1975 3361 2210 3409 infensum
2226 3378 2272 3409 se
2286 3376 2402 3426 prae-

1377 3447 1574 3503 buerat,
1611 3453 1769 3509 postea
1807 3446 2002 3492 summis
2043 3442 2261 3492 laudibus
2299 3459 2404 3492 eam

1377 3526 1588 3577 extulisse
1607 3562 1620 3587 ‚
1652 3535 1704 3573 ac
1731 3528 1779 3574 in
1806 3544 1941 3575 usum
1975 3544 2114 3575 suum
2142 3524 2405 3578 deduxisse.
