2502 4134
2202 129 2281 188 55

411 150 575 188 PAR‘r.
621 149 689 187 11.
736 147 860 187 GAP.
904 149 945 187 1.
988 147 1058 185 ΒΕ
1101 145 1261 186 SACR.
1309 144 1454 185 tum.
1501 145 1634 184 cm.
1679 147 1745 186 m·
1788 147 2033 187 AUCTOR.

153 289 501 351 incredulos.
536 291 595 350 Si
625 290 797 370 igitur
825 287 1047 371 absque
1079 287 1339 349 Ecclesiae
1376 287 1722 348 auctoritate
1757 286 2038 348 Catholici
2072 310 2280 352 omnes

154 386 429 447 adversus
461 385 794 445 incredulos
831 407 1128 444 sacrorum
1155 383 1476 444 Bibliorum
1502 382 1933 462 genuinitatem
1954 384 2243 445 evincunt
2263 432 2280 461 .,

154 503 332 565 quare
364 482 424 543 id
465 483 659 563 ipsum
707 481 934 541 efficere
976 503 1097 539 non
1139 478 1420 543 valebunt
1459 476 1892 555 Protestante3‚
1932 490 2110 563 atque
2143 481 2283 541 hinc

150 579 423 638 certiores
457 579 579 637 fieri
615 577 690 638 de
723 576 1068 637 eorumdem
1103 575 1390 635 librorum
1423 573 1866 632 canonicitate?
1907 574 1975 633 30
2015 575 2105 635 Ad
2138 598 2284 637 eum

150 673 403 754 proinde
440 672 718 748 modum,
755 695 870 754 quo
912 671 1272 754 argumentis
1306 669 1522 729 criticis
1562 666 1968 728 omnimodam
1994 671 2282 732 moralem
2353 671 2359 677 ’

151 767 565 828 certitudinem
606 769 834 849 assequi
871 789 1180 848 possumus
1218 765 1291 825 de
1331 764 1695 846 genuinitate
1729 783 1795 822 ac
1831 762 2279 842 authenticitate

154 886 399 946 operum
446 863 653 938 Tullii,
707 862 921 943 Virgilii
970 883 1039 923 ac
1086 862 1304 935 Taciti,
1347 859 1618 920 eamdem
1665 880 1977 942 possumus
2017 858 2281 922 obtinere

153 960 347 1040 quoad
389 959 591 1018 Libros
635 979 861 1029 sacrm,
913 956 1178 1037 adeoque
1215 977 1289 1015 ex
1333 955 1502 1014 dictis
1545 965 1814 1015 constare
1859 963 2015 1014 certe
2065 959 2283 1037 poterit

153 1056 428 1112 canonica
466 1055 726 1133 ipsorum
764 1052 1096 1108 auctoritas.
1134 1051 1302 1127 Ergo·

236 1148 336 1208 88.
382 1150 558 1227 Resp.
592 1144 682 1204 Ad
716 1146 820 1218 lm,
852 1144 1005 1223 Neq.
1038 1145 1239 1202 Potest
1268 1142 1490 1224 quippe
1523 1163 1822 1202 sacrorum
1848 1143 2159 1206 Librorum
2183 1170 2284 1226 ge-

152 1242 410 1307 nuinitas
440 1240 662 1320 optime
698 1237 1013 1312 vindicari,
1051 1238 1196 1320 quin
1230 1248 1434 1298 tamen
1471 1237 1687 1298 exinde
1721 1238 2067 1300 eorumdem
2100 1244 2285 1324 possit

152 1335 427 1396 canonica
458 1335 772 1394 auctoritas
798 1333 1099 1393 constitui.
1137 1332 1205 1392 Id
1235 1332 1697 1393 luculentissime
1723 1346 1891 1416 patet
1918 1356 1989 1394 ex
2014 1336 2081 1395 iis
2101 1383 2119 1413 .,
2153 1358 2285 1419 quae

145 1429 212 1488 in
265 1429 553 1511 superiori·
600 1430 1000 1512 propositione
1049 1428 1469 1503 disseruimus;
1523 1450 1660 1488 cum
1704 1429 1855 1490 liber
1900 1432 2083 1512 possit
2124 1432 2188 1490 in
2224 1454 2285 1492 se

147 1524 524 1584 authenticus
547 1537 608 1585 et
638 1524 873 1586 divinus
904 1545 1059 1599 esse,
1092 1525 1238 1607 quin
1265 1536 1465 1584 tamen
1500 1523 1564 1583 id
1598 1523 1769 1584 nobis
1810 1524 2044 1586 defectu
2067 1526 2287 1609 publici

148 1640 214 1679 ac
244 1619 526 1680 solemnis
549 1620 776 1681 decreti
806 1623 1158 1682 innotescat.
1202 1621 1356 1680 Sane
1396 1641 1574 1680 nemo
1598 1623 1726 1699 jam
1765 1631 1890 1696 est,
1937 1622 2037 1703 qui
2069 1623 2131 1680 in
2173 1622 2285 1682 du-

145 1712 311 1781 bium
358 1727 593 1776 revocet
631 1717 1059 1797 genuinitatem
1114 1715 1251 1775 libri
1300 1715 1717 1790 Ecclesiastici3
1770 1717 1873 1798 qui
1921 1716 2286 1778 authenticos

143 1833 268 1870 non
308 1823 581 1892 agnoscat
606 1811 785 1872 libros
821 1814 856 1872 J
863 1812 1062 1887 udith‚
1098 1811 1294 1873 Tobiae
1324 1834 1390 1872 ac
1418 1812 1566 1872 duos
1595 1812 2097 1887 Machabaeorum3
2128 1826 2284 1874 atta-

145 1928 286 1967 men
334 1930 457 1967 uno
487 1907 611 1968 fere
653 1930 753 1968 ore
793 1911 1190 1968 protestantes
1228 1931 1260 1967 e
1299 1929 1524 1968 canone
1569 1907 1697 1967 illos
1738 1908 2076 1968 excludunt.
2115 1909 2284 1970 Idem

142 2003 235 2062 dic
273 2002 348 2062 de
380 2002 598 2063 Judaeis
630 2015 901 2086 respectu
943 2004 1289 2064 eorumdem
1323 2004 1648 2077 librorum3
1692 2002 1850 2064 idem
1894 2005 1970 2064 de
2014 2005 2130 2064 illis
2174 2007 2281 2065 Pa-

141 2100 331 2160 tribus
354 2147 375 2176 ,
419 2123 566 2183 quos
604 2103 1005 2162 recensuimus
1027 2148 1042 2176 ,
1082 2101 1294 2185 quibus
1334 2102 1522 2163 divini
1561 2114 1733 2162 erant
1766 2103 2055 2182 ejusmodi
2108 2101 2279 2178 libri,

146 2196 291 2256 dum
325 2209 527 2258 tamen
567 2200 654 2258 uti
685 2200 994 2259 canonicos
1026 2222 1123 2260 eos
1148 2222 1523 2284 nequaquam
1558 2201 1972 2262 admittebant.
2005 2204 2139 2262 Non
2176 2202 2285 2262 de-

143 2291 291 2352 bent
317 2293 565 2376 proinde
593 2294 710 2353 duo
740 2294 864 2354 haec
889 2295 1064 2355 simul
1090 2297 1431 2378 permisceri
1450 2342 1467 2371 .‚
1498 2296 1657 2379 quod
1688 2297 2016 2358 adversarii
2035 2299 2282 2358 minime

148 2401 360 2450 cavent
394 2391 511 2469 (l).

223 2485 323 2543 89.
375 2485 465 2544 Ad
499 2486 609 2558 2⁰1¹,
658 2485 877 2545 Trans.
915 2497 1035 2544 aut.
1086 2508 1215 2567 neq.
1255 2507 1412 2546 cons.
1459 2488 1552 2546 Vis
1590 2488 1749 2551 enim
1786 2499 1908 2547 tota
1945 2490 2282 2570 argumenti

144 2578 366 2661 pendet
403 2601 472 2639 ex
515 2579 933 2639 commixtione
970 2601 1072 2640 seu
1107 2581 1445 2641 confusione
1485 2583 1862 2662 genuinitatis
1894 2595 1955 2643 et
1981 2585 2281 2645 canonici-

141 2674 279 2733 tatis
329 2695 626 2733 sacrorum
664 2673 1005 2748 Librorum3
1053 2675 1164 2735 hac
1186 2675 1414 2735 sublata
1434 2721 1450 2750 ,
1494 2678 1731 2759 penitus
1759 2679 2034 2738 concidit.
2061 2681 2282 2740 Trans-

142 2769 409 2829 misimus
453 2781 653 2828 autem
703 2769 1092 2845 anteceden5‚
1144 2792 1275 2830 cum
1327 2769 1490 2830 aliud
1538 2774 1613 2831 sit
1663 2775 2023 2854 argumentis
2068 2775 2279 2836 criticis

214 2987 283 3051 (1)
320 2987 410 3037 Hic
435 2991 701 3038 meminisse
724 2991 925 3055 juverit,
945 3006 1049 3052 eos,
1085 2992 1167 3056 qui

140 3083 271 3121 nunc
310 3070 425 3118 adeo
470 3070 626 3119 fidunt
671 3074 954 3136 argumentis
995 3074 1170 3120 criticis

143 3151 482 3200 constituendae
530 3153 873 3202 authenticitati
919 3153 1168 3202 Librorum

145 3243 375 3287 sacrorum
395 3269 411 3295 ‚
457 3250 567 3294 eos,
607 3237 833 3301 iuquam,
876 3237 997 3301 ipsos
1033 3253 1173 3299 esse,¹

155 3312 236 3373 qui
257 3329 351 3362 nou
379 3314 668 3364 obstantibus
693 3318 985 3366 documentis
1004 3320 1168 3379 *omni-

155 3392 310 3454 geuh,
344 3396 516 3461 quibus
541 3398 796 3447 adstruitur
824 3399 950 3450 Petri
966 3399 1166 3449 Romam

154 3472 374 3533 adventus
385 3509 401 3540 ‚
429 3491 476 3529 et
501 3483 786 3548 episcopatus
800 3492 847 3533 et
862 3476 1135 3551 martyrium
1153 3521 1168 3545 ‚

74 3576 85 3584 Ἀ
155 3553 382 3620 denegare
405 3559 504 3615 hac
524 3572 683 3614 tamen
709 3576 908 3631 pergunt
923 3603 939 3632 ‚
961 3577 1015 3616 ut
1042 3584 1170 3616 som-

156 3639 246 3685 niis
282 3641 375 3688 suis
411 3642 681 3710 indulgeam
724 3648 783 3698 de
822 3648 1132 3716 Babylonensi
1151 3686 1166 3711 ‚

1249 2990 1551 3059 AEgyptiaoo‚
1580 3001 1660 3040 aut
1688 2990 1938 3043 Chaldaico
1977 2997 2275 3062 episcopatu,

1250 3084 1331 3122 aut
1359 3071 1781 3140 Hierosolymitano
1800 3111 1815 3133 ‚
1852 3077 2156 3145 ejusdemque
2187 3079 2281 3128 ihi-

1250 3155 1358 3204 dem
1380 3155 1509 3204 obitu
1524 3192 1539 3216 ‚
1560 3166 1640 3204 aut
1669 3156 1829 3205 saltem
1862 3159 1912 3206 in
1930 3158 2099 3226 Joppe.
2115 3160 2279 3228 Longe

1248 3246 1406 3287 tamen
1438 3240 1592 3285 minor
1622 3237 2015 3289 documentorum
2047 3243 2279 3308 ejusmodi

1247 3336 1354 3384 pars
1378 3319 1547 3368 militat
1573 3336 1659 3386 pro
1690 3338 1790 3369 non
1818 3324 1982 3387 paucis
2016 3322 2144 3372 libris
2173 3342 2280 3390 pro-

1247 3403 1555 3450 to-canonicis
1587 3412 1688 3451 tum
1717 3402 1824 3453 Vet.
1854 3411 1958 3454 tum
1990 3404 2110 3456 Novi
2148 3406 2275 3456 Test-

1251 3501 1396 3550 quam
1411 3502 1494 3550 pro
1509 3483 1722 3534 Romano
1738 3485 1863 3537 Petri
1882 3491 2167 3555 episcopatu.
2189 3488 2280 3539 Ve-

1251 3583 1359 3615 rum
1397 3565 1703 3618 Protestantes
1743 3569 1915 3620 harum
1953 3571 2280 3637 antilogiarum

1252 3664 1418 3713 parum
1438 3649 1624 3700 solliciti
1650 3660 1779 3701 sunt.
