2502 4134
444 135 600 174 PART.
652 136 716 172 11.
762 135 883 172 CAP.
936 134 1013 173 lv.
1060 135 1128 171 DE
1173 133 1456 173 SCRIPTUR.
1510 131 1665 173 SACR.
1713 132 1872 172 VERS.

2088 114 2198 171 167

99 303 129 340 3
159 279 495 339 Tridentino
517 291 604 338 est
632 278 901 356 insignita
921 323 936 353 ‚
968 300 1035 337 eo
1061 280 1217 359 quod
1251 290 1308 338 et
1343 280 1466 360 ipsa
1501 290 1668 338 vetus
1700 273 1980 353 evaserit,
2016 279 2200 338 inter-

96 373 245 432 vallo
283 373 413 455 plus
462 373 653 430 minus
695 371 849 430 1000
890 394 1215 447 annorum,
1247 383 1390 454 quot
1428 394 1643 454 nempe
1677 395 1708 431 a
1739 384 2006 455 tempore
2030 419 2046 449 ,
2084 394 2200 454 quo

92 471 347 550 primum
382 467 633 549 prodiit,
666 488 846 548 usque
884 467 959 525 ad
1001 466 1301 525 laudatum
1343 466 1665 525 Concilium
1690 466 2093 544 defluxerant3
2133 489 2200 527 eo

93 564 184 635 vel
213 563 390 642 magis
412 608 427 634 .,
456 561 611 643 quod
632 583 701 621 ex
730 581 851 619 non
877 584 979 619 usu
1007 573 1174 628 vetus
1196 561 1290 620 illa
1325 559 1466 619 Itala
1499 562 1591 635 vix
1617 561 1895 623 oblivioni
1921 562 2054 622 data
2080 585 2200 621 non

88 659 258 716 fuerit
288 658 397 737 (1).
441 657 623 714 Editio
658 656 886 735 vulgata
928 678 958 714 a
985 655 1326 715 Tridentino
1358 654 1599 736 probata
1630 657 1944 715 maximam
1969 667 2199 739 partem
2240 729 2246 733 .

89 764 314 811 constat
343 773 410 810 ex
440 752 701 810 versione
732 751 1183 832 Hieronymiana
1203 795 1218 823 .,
1260 761 1319 808 et
1352 771 1422 807 ex
1466 748 1628 807 libris
1673 749 1784 807 illis
1803 797 1819 825 7
1862 773 2006 832 quos
2036 753 2197 812 idem

91 850 330 906 Sanctus
343 847 545 904 saltem
568 846 854 904 recensuit
876 857 935 903 et
957 845 1255 924 castigavit
1271 844 1376 925 (2).
1398 844 1556 903 Licet
1577 865 1752 925 porro
1766 845 1994 925 vulgata
2009 848 2198 906 versio

90 941 410 1000 identidem
436 962 468 999 a
491 941 628 1000 viris
665 939 848 998 doctis
889 938 964 998 ad
999 959 1154 998 verae
1190 938 1453 997 lecti-onis
1493 938 1890 1018 integritatem
1925 951 2194 1002 revocata

92 1037 300 1108 fuerit,
337 1047 396 1095 et
418 1057 447 1093 a
474 1034 734 1108 mendis,
786 1053 915 1113 quae
941 1053 1013 1091 ex
1051 1031 1423 1090 librariorum
1465 1032 1764 1091 oscitantia
1807 1033 2193 1116 irrepserant,

90 1141 399 1213 expurgata
432 1128 549 1209 (3),
591 1139 787 1186 tamen
823 1135 996 1184 aetate
1035 1124 1274 1184 Concilii
1313 1124 1637 1187 Tridentini
1669 1126 1938 1209 pluribus
1979 1130 2195 1189 iterum

89 1223 324 1283 maculis
338 1219 594 1280 scatebat
612 1265 628 1294 ,
652 1229 1009 1302 quapropter
1026 1218 1348 1278 Concilium
1368 1263 1385 1294 ,
1415 1220 1622 1280 eadem
1639 1242 1775 1281 seSS.
1802 1223 1876 1281 IV
1895 1266 1912 1296 ,
1938 1222 2195 1296 decrevit

83 1329 141 1377 et
170 1316 410 1391 statuit,
449 1326 515 1373 ut
548 1316 610 1372 in
647 1326 947 1396 posterum
975 1313 1215 1393 Vulgata
1250 1313 1372 1375 haec
1400 1315 1579 1375 editio
1622 1338 1809 1395 quam
1836 1319 2196 1378 emendatis-

81 1416 228 1472 sime
250 1416 729 1490 imprimeretur.

148 1637 216 1701 (1)
250 1636 423 1686 Doctus
437 1636 648 1687 Sabatier
660 1673 674 1696 ‚
695 1637 949 1685 monachus
963 1635 1094 1684 Mau-

81 1722 208 1767 rinus
228 1757 241 1779 ‚
280 1736 333 1767 ex
364 1718 602 1766 codicibus
635 1717 772 1778 Mss.‚
803 1736 856 1766 ex
886 1728 1091 1767 veterum

82 1801 264 1849 Patrum
310 1810 639 1866 auctorumque
678 1800 1091 1848 ecclesiasticorum

82 1884 260 1947 scriptis
277 1918 292 1941 ‚
328 1879 619 1941 Missalibus,
655 1880 894 1929 Breviariis
914 1918 927 1939 ‚
964 1880 1090 1928 aliis-

81 1982 172 2031 que
194 1965 502 2012 monumentis
517 2001 530 2023 ,
552 1966 602 2010 in
621 1963 790 2029 quibus
814 1966 980 2011 veteris
1001 1964 1087 2011 hu-

79 2045 150 2109 jus
177 2046 558 2111 interpretationis
572 2045 826 2108 fragmenta
847 2055 890 2092 et
910 2044 1091 2092 laciniae

83 2126 326 2185 extabant,
359 2125 623 2175 incredibili
640 2126 793 2175 studio
814 2137 857 2174 et
873 2128 1091 2190 patientia

82 2211 302 2270 integram
318 2224 438 2270 pene
454 2206 635 2271 collegit
652 2218 695 2255 ct
707 2207 931 2271 vulgavit,
947 2208 1092 2255 tribus

79 2287 255 2335 volum.
293 2289 344 2335 in
386 2287 497 2335 folio
515 2322 530 2346 ,
569 2286 724 2335 Remis
775 2285 921 2352 1743.
965 2288 1091 2335 ldem

80 2370 284 2432 praestitit
300 2404 313 2428 ‚
340 2384 506 2433 magna
523 2365 681 2416 saltem
697 2383 753 2415 ex
773 2377 902 2431 parte
916 2404 928 2427 ,
951 2366 1090 2415 Blan-

77 2451 258 2499 chinius
287 2453 336 2497 in
368 2449 423 2496 V
422 2450 645 2498 indiciis.

144 2532 212 2596 (2)
249 2530 348 2582 Cfr.
394 2532 603 2595 Proefat.
634 2526 715 2579 ad*
737 2530 841 2581 lect.
877 2526 1090 2579 editionis
1127 2515 1130 2519 Ι

80 2615 328 2663 Clementis
363 2626 462 2664 vu'r.
491 2612 539 2662 Si
573 2619 697 2663 enim
735 2613 1088 2685 excipiasDPsal-

77 2700 272 2757 terium,
322 2697 499 2746 Baruch
522 2735 535 2757 ‚
574 2697 889 2762 Sapientiam,
933 2695 1090 2746 Eccle-

78 2781 306 2827 siasticum
328 2816 341 2839 ‚
379 2776 589 2844 duosque
627 2779 766 2827 libros
806 2778 1091 2827 Machabaeo-

81 2876 214 2919 rum,
255 2862 335 2926 qui
376 2862 504 2926 juxta
556 2863 798 2926 antiquam
833 2861 1089 2908 versionem

79 2940 266 2990 latinam
297 2945 462 2990 retenti
491 2948 600 2989 sunt
620 2978 633 2998 ‚
677 2944 814 2991 ceteri
842 2941 950 2989 libri
985 2958 1098 3006 spc-¹

83 3031 203 3068 etant
245 3022 303 3069 ad
357 3024 612 3070 versionem
646 3022 1055 3088 Hieronymianam
1071 3051 1087 3083 ‚-

86 3116 220 3164 quam
248 3106 473 3168 integram
498 3104 718 3152 exhibent
739 3103 1026 3152 Martianaeus
1047 3110 1092 3151 et

87 3179 329 3232 Vallarsius
343 3221 356 3243 ‚
378 3187 426 3234 in
458 3184 756 3234 Bibliotheca
779 3185 950 3233 divina
969 3183 1094 3250 ejus-

90 3261 192 3311 dem
221 3264 390 3316 Sancti.

159 3342 218 3405 (3)
240 3338 364 3395 Nam
411 3360 570 3414 praeter
604 3350 957 3411 Cassiodorum,
1009 3350 1090 3414 qui

92 3423 242 3471 seculo
250 3441 295 3472 vt
309 3427 444 3489 (obiit
455 3433 577 3479 enim
592 3449 785 3496 magnus
795 3432 872 3479 hic
882 3430 953 3482 vir
958 3434 1088 3497 juxta

91 3505 446 3556 verisimiliorem
484 3514 758 3561 sententiam
796 3527 919 3560 anno
959 3510 1091 3578 575)

91 3584 234 3634 biblia
252 3592 480 3638 recensuit
490 3625 504 3651 ‚
519 3591 652 3658 cujus
667 3597 804 3644 etiam
819 3594 1094 3658 complexio·

1176 1655 1258 1685 nes
1288 1638 1490 1703 vulgavit
1522 1639 1732 1689 Marchio
1761 1639 2004 1706 Maffejus‚
2038 1643 2195 1691 Alcui-

1176 1736 1265 1766 nus
1293 1737 1372 1768 au.
1405 1717 1504 1768 802
1539 1739 1708 1770 novam
1746 1725 2056 1772 recensionem
2090 1740 2193 1772 sus-

1176 1803 1335 1865 cepit3
1388 1803 1499 1850 item
1552 1802 1833 1852 Lanfrancus
1871 1820 1998 1853 anno
2030 1803 2190 1871 1089;

1176 1881 1436 1947 Stephanus
1480 1884 1527 1932 ΙΙ
1557 1902 1683 1943 vero,
1716 1886 1856 1934 abbas
1880 1886 2192 1936 cisterciensis

1175 1981 1252 2012 an.
1273 1980 1290 2011 1
1306 1981 1400 2031 109
1413 2002 1425 2024 ‚
1447 1983 1534 2015 nec
1549 1984 1644 2014 non
1663 1966 2038 2017 Card.Nieolaus
2054 2005 2067 2028 ‚
2095 1968 2195 2016 dia-

1174 2062 1317 2093 conus
1339 2045 1391 2095 S.
1411 2046 1626 2107 Damasi,
1651 2066 1724 2096 an.
1756 2066 1772 2098 1
1788 2048 1899 2099 150.
1928 2049 2079 2098 Patres
2094 2049 2194 2098 Do-

1175 2129 1396 2176 minicani
1437 2129 1709 2179 Parisienses
1753 2148 1832 2179 an.
1886 2128 2014 2180 1236
2053 2148 2192 2179 suum

1175 2208 1419 2256 ediderunt
1431 2210 1610 2258 celebre
1626 2209 1976 2258 Correctorium
1985 2244 2002 2271 ,
2021 2211 2079 2260 de
2096 2228 2190 2276 quo

1176 2290 1277 2337 fuse
1308 2292 1398 2353 agit
1433 2291 1624 2356 Fabricy
1645 2329 1658 2350 ,
1693 2291 1806 2340 Ord.
1847 2292 1992 2341 Praed.
2028 2295 2079 2340 in
2109 2311 2185 2357 op.

1177 2367 1282 2416 Des
1300 2371 1444 2417 tito-es
1470 2372 1713 2436 primitifis
1739 2372 1796 2418 de
1824 2371 1871 2419 la
1899 2371 2188 2434 revelation,

1175 2449 1320 2497 Rome
1343 2465 1465 2515 ¹772
1486 2488 1499 2509 ‚
1520 2462 1636 2500 tom.
1656 2469 1691 2498 11
1708 2488 1720 2511 ,
1753 2468 1856 2516 pag.
1885 2468 1975 2500 122
1993 2463 2037 2512 et
2057 2471 2191 2520 seqq.

1174 2529 1332 2579 Postea
1357 2547 1470 2579 vero
1500 2532 1578 2579 alii
1603 2533 1649 2580 id
1676 2531 1845 2580 laboris
1867 2534 1953 2581 sibi
1978 2551 2191 2599 sumpse-

1174 2621 1309 2671 runt,
1354 2615 1598 2676 praesertim
1637 2614 1775 2661 Card.
1805 2613 2024 2663 Ximenes
2049 2653 2062 2675 ‚
2107 2618 2191 2681 qui

1173 2711 1253 2742 an.
1276 2709 1292 2739 1
1305 2693 1400 2759 517
1414 2695 1613 2758 vulgavit
1629 2712 1709 2742 sua
1725 2694 1974 2760 polyglotta
1988 2730 2002 2756 ,
2020 2694 2192 2745 deinde

1173 2768 1400 2823 Robertus
1429 2775 1688 2839 Stephanus
1708 2813 1722 2835 ‚
1754 2779 1834 2842 qui
1864 2795 1947 2825 an.
1990 2774 2116 2826 1528
2144 2787 2191 2826 et

1182 2853 1307 2919 1542
1345 2873 1485 2922 novas
1521 2857 1653 2905 dedit
1690 2856 1895 2922 Vulgatae
1932 2858 2189 2920 editiones;

1174 2938 1362 2986 demum
1380 2938 1685 2987 Lovanienses
1702 2976 1716 3001 ,
1739 2957 1818 2989 an.
1855 2955 1871 2987 1
1885 2937 2006 3004 547,
2032 2955 2194 2988 emen·-

1174 3019 1397 3068 datiorem
1411 3020 1667 3069 editionem
1684 3021 1931 3086 vulgarunt
1947 3056 1962 3083 ,
1979 3039 2080 3087 quoe
2093 3037 2193 3085 pos·

1175 3101 1416 3149 terioribus
1450 3103 1571 3149 curis
1599 3103 1741 3166 magis
1765 3101 1921 3150 adhuc
1948 3111 2192 3167 expurgata
2233 3099 2238 3105 ’

1175 3193 1257 3231 est.
1301 3182 1399 3230 Csr.
1446 3183 1520 3231 Cl.
1564 3183 1753 3231 Brunati
1774 3219 1787 3242 ‚
1826 3183 1935 3232 diss.
1975 3201 2056 3246 111,
2100 3182 2195 3232 Del

1173 3282 1342 3326 nome,
1372 3264 1668 3322 dell'autore,
1689 3265 1763 3312 de’
1777 3267 2022 3314 correttori
2038 3302 2054 3323 ,
2085 3264 2193 3314 oleu’

1176 3348 1384 3396 autoritt'z
1416 3346 1538 3394 della
1571 3347 1780 3395 versione
1816 3347 2003 3412 volqata
2021 3383 2036 3404 ‚
2071 3350 2193 3397 inter
2221 3346 2235 3357 '

1173 3427 1540 3477 Dissertationes
1575 3427 1804 3489 biblicus,
1842 3447 1958 3495 quas
1988 3428 2189 3494 vulgavit

1174 3509 1431 3559 Mediolan.
1473 3507 1634 3572 1838,
1660 3527 1766 3575 pag.
1797 3508 1890 3577 59,
1919 3507 2003 3557 60.
