2502 4134
387 119 544 155 mur.
589 119 678 155 ιιι.
724 117 873 155 secr.
917 116 955 155 ι.
997 118 1121 156 cu.
1169 119 1257 158 ιιι.
1306 119 1377 156 nn
1418 116 1546 158 nu.
1589 118 1726 157 Pos’r
1772 119 1882 158 rm.
2075 98 2191 158 531

77 259 175 318 illa
212 258 519 317 dimanant
562 257 743 339 elogia
778 279 811 316 a
847 257 1116 322 Patribus
1164 259 1343 319 etiam
1381 257 1609 339 prolata
1653 279 1887 330 eorum,
1934 258 2035 339 qui
2078 280 2194 318 una

77 345 190 412 fide
235 354 529 429 contenti,
577 352 818 412 ulterius
863 374 985 414 non
1027 352 1366 434 inquirunt,
1411 373 1518 411 cur
1550 354 1634 413 ita
1673 351 1934 412 credant.
1973 351 2042 410 40
2083 353 2198 412 Sed

76 457 356 528 praeterea
392 446 533 508 aleae
566 446 744 530 plena
770 459 858 508 est
879 446 1004 508 haec
1036 447 1335 529 inquisitio
1355 491 1372 521 .‚
1409 455 1548 507 cum
1569 449 1698 507 fieri
1728 447 1910 530 possit
1933 458 2000 507 ut
2021 470 2196 528 argu-

74 553 305 616 menta,
350 564 479 624 quae
525 543 776 602 militant
815 553 917 601 aut
958 564 1066 624 pro
1107 541 1222 602 fide
1272 541 1335 601 in
1384 562 1596 621 genere
1638 552 1742 601 aut
1788 564 1896 624 pro
1950 542 2191 624 singulis

79 636 330 696 articulis
365 638 427 696 in
462 638 679 720 specie,
712 636 924 697 debilia
967 647 1290 719 appareant
1320 657 1386 694 ac
1413 635 1565 696 levia
1585 680 1601 710 a
1647 648 1850 696 contra
1882 658 2022 697 vero
2054 636 2202 698 vali-

78 731 313 791 dissima
338 731 683 807 videantur,
717 755 847 814 quae
885 731 1047 791 illam
1078 743 1455 813 oppugnant,
1491 743 1668 813 atque
1710 730 1974 795 indidem
2020 731 2200 792 dubia

81 828 342 886 oriantur
376 849 588 908 magno
626 827 762 887 fidei
797 827 974 907 ipsius
1006 826 1380 886 detrimento,
1422 828 1589 907 Ergo,

160 924 303 983 284.
351 925 526 1005 Resp.
560 924 650 983 Ad
675 924 777 997 1¹¹¹,
801 923 952 1003 Neq.
985 923 1316 982 Immovero
1333 921 1654 1004 plurimum
1678 921 1905 981 confert
1923 921 1999 982 ad
2020 922 2199 983 fidem

82 1019 561 1078 confirmandam.
606 1019 813 1100 Reipsa
856 1018 903 1077 si
934 1017 1289 1099 simplicitati
1338 1017 1482 1078 fidei
1515 1018 1886 1097 investigatio
1921 1017 2202 1078 adversa-

82 1125 281 1188 retur7
330 1126 507 1196 atque
548 1112 831 1192 ejusmodi
870 1113 1165 1194 persuasio
1213 1112 1637 1186 invalesceret,
1673 1116 1799 1190 jam
1837 1115 1976 1172 satis
2010 1126 2208 1173 essent

82 1209 226 1269 fides
244 1221 303 1269 et
321 1210 645 1291 ignorantia
661 1253 678 1284 ,
705 1230 822 1291 quo
842 1208 985 1290 quid
1008 1218 1282 1289 optarent
1304 1207 1487 1287 magis
1511 1207 1777 1267 acerrimi
1800 1208 1936 1268 fidei
1958 1229 2153 1268 osores
2169 1205 2201 1269 ⁴?

84 1304 154 1362 20
178 1302 512 1363 Damnandi
540 1304 719 1384 igitur
742 1316 938 1366 essent
961 1319 1169 1362 omnes
1192 1301 1442 1361 ecclesiae
1464 1303 1669 1370 Patres
1696 1314 1874 1383 atque
1904 1303 2170 1363 doctores
2187 1347 2205 1378 ‚

81 1398 185 1479 qui
228 1410 316 1459 tot
364 1396 569 1477 vigiliis
615 1396 1030 1477 laboribusque
1076 1418 1203 1456 rem
1254 1396 1634 1455 christianam
1673 1417 1739 1455 ac
1789 1397 1924 1456 fidei
1972 1418 2207 1457 eausam

81 1488 469 1568 adjuvarunt3
494 1500 698 1549 contra
726 1510 868 1550 vero
890 1511 1157 1548 summus
1183 1501 1378 1548 essent
1395 1488 1667 1549 laudibus
1697 1491 2036 1551 celebrandi
2059 1536 2076 1566 ‚
2106 1493 2208 1574 qui

81 1608 114 1645 a
145 1584 340 1645 studio
380 1584 730 1659 abhorrent,
764 1595 831 1643 ut
855 1583 975 1644 otio
1013 1595 1258 1658 vacent,
1302 1582 1423 1642 sola
1464 1583 1610 1650 fidei,
1640 1584 2013 1667 simplicitate
2053 1607 2204 1645 con-

83 1681 416 1758 tenti.{{Quo
441 1679 701 1760 profecto
729 1679 877 1737 nihil
904 1678 1212 1737 absurdius
1240 1678 1352 1737 dici
1378 1690 1573 1760 potest
1591 1723 1608 1753 .,
1633 1691 1694 1739 et
1716 1691 1917 1740 contra
1943 1680 2206 1743 Ecclesiae

86 1796 355 1848 sensum,
394 1795 521 1855 quae
556 1785 844 1855 perpetuo
881 1773 1147 1833 stimulos
1181 1773 1407 1833 addidit
1440 1774 1847 1834 Sacerdotibus
1867 1821 1883 1850 v
1922 1787 1988 1834 ut
2012 1776 2208 1836 studia

85 1872 350 1952 impense
366 1869 744 1949 colerent(l).
771 1870 971 1950 Itaque
992 1880 1134 1929 tunc
1156 1867 1347 1928 solum
1362 1869 1673 1928 scientifica
1695 1871 1996 1952 inquisitio
2021 1893 2202 1953 oppo-

88 1967 250 2025 nitur
276 1965 636 2048 simplicitati
660 1964 795 2024 fidei
819 2009 835 2039 ‚
881 1985 1014 2023 cum
1051 1963 1180 2045 quis
1209 1963 1422 2022 dubius
1449 1963 1510 2022 in
1538 1964 1652 2024 fide
1689 1965 1870 2026 haeret
1882 2010 1903 2037 ,
1932 1987 1996 2025 ac
2019 1968 2210 2028 scien-

89 2063 179 2122 tiae
193 2084 303 2144 ope
320 2062 446 2122 vult
458 2082 564 2144 per
576 2082 825 2121 examen
839 2081 1036 2121 revera
1054 2061 1468 2119 dubitativum
1492 2082 1623 2120 eam
1647 2060 1755 2120 sibi
1769 2062 2208 2143 persuasionem

88 2178 425 2239 comparare
445 2202 460 2231 ,
493 2178 622 2239 quae
662 2155 919 2237 pendere
947 2156 1113 2214 unice
1148 2153 1325 2216 debet
1348 2176 1421 2214 ex
1447 2155 1545 2237 pio
1571 2155 1927 2217 credulitatis
1953 2157 2163 2218 affectu
2184 2203 2202 2233 ,

90 2274 267 2335 quem
308 2254 461 2312 Deus
486 2273 592 2334 per
626 2250 870 2332 gratiam
919 2249 1218 2324 infundit,
1260 2261 1317 2310 et
1354 2250 1412 2311 vi
1442 2255 1604 2329 cujus
1645 2250 1916 2312 voluntas
1954 2253 2210 2335 imperat

91 2347 412 2408 intellectui
466 2346 704 2428 plenam
764 2346 1002 2424 objectis
1062 2344 1200 2406 fidei
1249 2344 1643 2407 adhaesionem
1691 2346 2207 2428 firmissimumque

4 2471 6 2474 ’
92 2465 388 2504 assensum
427 2441 536 2521 (2).

162 2622 227 2685 (l)
263 2620 368 2670 cfr.
384 2619 716 2680 Mabillonius,
746 2618 912 2668 Tract.
936 2618 993 2666 de
1007 2627 1107 2667 stu·
1188 2617 1334 2666 dubio
1362 2626 1408 2666 et
1439 2617 1525 2667 hoo
1546 2623 1773 2684 peccato,
1814 2636 1911 2668 non
1937 2619 2061 2669 male
2084 2621 2212 2685 facit

91 2703 188 2750 diis
215 2703 516 2759 monasticis,
538 2712 656 2767 part.
684 2715 730 2761 1,
754 2717 859 2766 cap.
889 2701 973 2764 ¹33
994 2703 1106 2749 item
1187 2702 1474 2761 scrutando,
1505 2701 1759 2751 dummodo
1787 2702 1842 2751 id
1862 2704 2018 2767 faciat
2041 2706 2207 2752 incen-

93 2784 143 2833 P.
162 2785 478 2842 Cherubinus,
498 2802 576 2849 op.
610 2794 655 2833 et
682 2783 777 2832 loc.
807 2785 888 2832 cit.
916 2784 998 2832 ubi
1017 2792 1109 2832 tra·
1193 2786 1324 2834 tione
1353 2785 1642 2833 inveniendi
1664 2786 1913 2834 veritatem
1937 2796 1980 2835 ee
2009 2802 2108 2835 non
2127 2803 2208 2836 oa-

92 2870 267 2917 duntur
309 2869 491 2916 decreta
535 2866 849 2916 Conciliorum
883 2877 929 2917 et
964 2866 1104 2916 Rom.
1193 2866 1539 2917 lumniandi...
1557 2866 1766 2916 Deberet
1788 2868 1870 2916 ille
1894 2868 2086 2934 quidem
2107 2870 2212 2917 sine

95 2948 388 2998 Pontificum.
1190 2954 1414 2998 examine
1438 2950 1648 3015 recipere
1662 2950 1935 2998 doctrinam
1950 2949 2179 2999 Ecclesia?
2187 2969 2208 3011 ‚-

165 3032 230 3096 (2)
268 3032 358 3098 Qui
401 3042 521 3081 certe
563 3032 839 3080 christianus
877 3041 924 3080 et
959 3029 1109 3080 fidelis
1191 3038 1351 3080 tamen
1367 3031 1538 3079 melius
1556 3041 1648 3094 est,
1671 3041 1725 3080 ut
1742 3033 2210 3099 emanaeinandoproe-

99 3123 188 3173 est,
222 3132 281 3163 ne
297 3125 469 3179 puncto
494 3114 681 3179 quidem
713 3115 931 3179 temporis
956 3128 1109 3161 assen-
1184 3124 1390 3180 paretur
1401 3115 1467 3163 ad
1479 3118 1742 3175 veritatem,
1762 3134 1906 3181 quam
1927 3117 2210 3182 neqliqendo

100 3210 201 3242 sum
240 3194 347 3245 fidei
390 3199 566 3245 veritati
596 3213 648 3244 ac
682 3195 993 3244 obedientiam
1024 3213 1111 3244 au·
1192 3205 1433 3244 remaneat
1459 3197 1515 3243 in
1548 3198 1652 3243 suis
1681 3199 1907 3246 tenebris.
1943 3198 2009 3246 Ex
2039 3199 2211 3265 quibus

102 3277 295 3324 ctoritati
322 3276 530 3327 Ecclesiae
551 3295 820 3343 suspensam
848 3287 998 3326 tenere
1029 3294 1116 3341 po·
1199 3280 1343 3343 magis
1379 3287 1502 3343 patet
1533 3277 1723 3326 distorta
1757 3281 1924 3346 agendi
1953 3284 2066 3329 ratio
2095 3281 2211 3329 Her-

103 3367 218 3419 test3
247 3373 377 3407 secus
408 3362 532 3409 enim
561 3362 801 3408 manifeste
830 3370 1038 3424 peccaret
1060 3360 1111 3406 in
1193 3363 1358 3424 mesii3
1399 3362 1779 3427 quandoquidem
1821 3365 1858 3411 si
1891 3363 1993 3429 ipse
2026 3364 2214 3412 dubita-

104 3438 215 3489 fide.
239 3435 329 3488 Sed
362 3449 514 3490 tamen
550 3445 619 3491 uti
660 3442 967 3491 Bellarminus
993 3450 1112 3490 reete
1193 3440 1306 3503 bat,
1347 3450 1400 3490 ut
1439 3442 1635 3506 fatetur,
1686 3461 1740 3492 ae
1779 3443 1979 3493 nutabat
2019 3448 2069 3492 in
2107 3444 2217 3493 fidei

105 3521 326 3582 adnotat,
353 3538 456 3587 cap.
495 3521 524 3571 3
541 3560 555 3584 ,
596 3522 676 3573 De
698 3523 831 3573 verbi
850 3521 947 3573 Dei
965 3524 1115 3579 ἐπίθου
1196 3523 1510 3573 fundamentis
1527 3561 1541 3585 ‚
1573 3535 1694 3574 recte
1714 3562 1728 3586 ‚
1768 3528 1820 3574 in
1852 3542 1990 3575 sensu
2025 3526 2102 3573 hic
2133 3525 2215 3574 de-

101 3611 224 3665 pret.
247 3619 347 3668 cap.
382 3618 467 3668 io,
490 3605 548 3654 ad
579 3621 815 3672 7·argum.
844 3607 1010 3655 Posito
1032 3605 1116 3654 hoc
1199 3606 1398 3669 clareto,
1426 3606 1556 3657 illam
1578 3624 1708 3658 suam
1732 3609 2083 3675 inquisitionem
2105 3606 2213 3673 phi-

1829 3686 1926 3746 34.
