2502 4134
268 26 387 86 230
886 45 1082 82 rmacr.
1132 46 1199 82 ne
1244 45 1389 84 roms
1432 39 1796 85 rnaotocicls.

271 188 349 249 ad
373 210 481 248 nos
516 187 822 270 pervenit,
867 186 990 246 sive
1022 185 1141 245 haec
1175 186 1466 267 generalia
1504 187 1622 260 sint
1659 190 1780 251 sive
1814 190 2143 273 peculiaria.
2182 192 2250 251 In
2278 192 2386 251 tria

269 283 520 366 proinde
557 282 744 364 capita
778 281 1094 342 sectionem
1139 280 1293 340 hanc
1329 282 1561 361 majoris
1595 286 2018 367 perspicuitatis
2054 287 2234 367 gratia
2268 287 2390 347 dis·-

269 379 610 462 pertiemur.

1175 530 1413 589 CAPUT
1458 533 1499 589 1.
1584 490 1586 493 ’

638 730 706 770 DE
756 729 1121 769 NECESSITATE
1167 731 1232 766 ET
1277 730 1608 768 EXISTENTIA
1653 729 2027 769 TRAm'rloms.

355 901 496 962 339.
545 901 623 964 Ut
661 899 950 982 legitimus
979 900 1385 961 controversiae
1406 946 1422 975 ,
1460 921 1590 983 quae
1619 900 1867 981 agitatur
1906 922 2042 961 cum
2071 903 2396 961 Protestan-

271 997 429 1057 tibus
451 1043 468 1073 ,
495 1008 678 1057 status
704 997 1104 1078 dignoscatur,
1131 995 1722 1057 animadvertendum
1747 1006 1866 1072 est,
1893 997 2046 1079 ipsos
2081 1019 2200 1055 non
2223 995 2396 1079 plane

271 1115 475 1154 omnes
523 1093 759 1173 rejicere
816 1092 1178 1170 traditioneS,
1241 1093 1418 1151 etiam
1466 1091 1609 1173 quas
1666 1091 1892 1154 divinas
1940 1114 2004 1152 ac
2045 1092 2397 1173 dogmaticas

272 1209 568 1252 vocamus,
603 1188 903 1272 Siquidem
940 1188 1053 1271 ipsi
1088 1188 1150 1247 in
1179 1187 1384 1270 primis
1415 1187 1705 1258 fatentur,
1748 1186 1821 1246 ab
1852 1189 2020 1248 initio
2056 1188 2173 1247 sola
2211 1186 2400 1246 tradi-

272 1287 432 1346 tione
463 1285 605 1346 orali
643 1296 702 1345 et
740 1285 987 1368 practica
1032 1283 1370 1344 universam
1415 1282 1628 1342 Christi
1670 1283 1997 1343 doctrinam
2047 1285 2109 1343 in
2152 1283 2397 1342 Ecclesia

273 1382 561 1463 viguisse,
615 1402 751 1440 cum
796 1379 954 1439 haud
991 1379 1295 1461 ignorent,
1347 1377 1578 1437 divinos
1624 1377 1802 1438 libros
1853 1380 2034 1439 serius
2081 1401 2205 1438 esse
2255 1400 2396 1437 con-

270 1477 516 1559 scriptos
562 1475 670 1557 (1).
702 1476 1082 1556 Distinguunt
1118 1485 1365 1558 praetera
1404 1471 1700 1553 duplicem
1742 1473 2069 1534 traditionis
2109 1474 2395 1557 speciem,

272 1574 451 1635 etiam
475 1583 609 1655 post
637 1594 815 1654 quam
841 1592 1135 1630 sacrorum
1163 1569 1470 1629 Librorum
1493 1568 1817 1651 completus
1841 1581 1930 1629 est
1947 1591 2228 1629 numerus
2245 1614 2260 1644 ,
2286 1580 2402 1627 tra-

272 1668 559 1728 ditionem
579 1665 874 1741 videlicet,
899 1687 1075 1747 quam
1093 1666 1452 1726 inhoesivam
1469 1675 1702 1738 vocant,
1728 1686 1793 1724 ac
1809 1665 2207 1738 traditionem,
2226 1686 2401 1746 quam

272 1765 704 1823 declarativam
739 1760 1035 1845 appellare
1073 1772 1522 1820 consueverunt.
1563 1760 1845 1821 Inhaesiva
1883 1760 1956 1820 ab
1993 1761 2130 1843 ipsis
2158 1760 2399 1837 dicitur,

273 1879 403 1943 quae
438 1857 708 1936 dogmata
742 1857 865 1939 ipsa
895 1855 1100 1917 eadem
1135 1856 1315 1917 tradit
1336 1902 1351 1930 ,
1379 1878 1507 1937 quae
1543 1857 1604 1914 in
1634 1857 1805 1915 sacris
1833 1857 2069 1917 Litteris
2098 1857 2402 1916 continen-

273 1966 390 2014 tur.
420 1956 572 2012 Nam
602 1952 875 2032 dogmata
897 1996 913 2025 ,
949 1972 1074 2033 quae
1110 1973 1268 2011 sacra
1302 1952 1599 2033 Scriptura
1631 1951 1901 2026 exhibet,
1937 1953 2113 2012 etiam
2144 1972 2213 2010 ex
2240 1972 2402 2009 com-

275 2048 444 2109 muni
474 2046 733 2107 fidelium
775 2068 949 2106 sensu
977 2048 1351 2106 innotescunt
1369 2091 1385 2123 ,
1413 2045 1511 2129 qui
1540 2057 1848 2129 propterea
1875 2044 2141 2106 adhiberi
2170 2046 2230 2104 in
2259 2066 2402 2104 con-

274 2144 670 2206 firmationem
714 2155 908 2224 potest
952 2143 1248 2218 veritatis,
1283 2165 1404 2202 non
1450 2141 1607 2224 quod
1639 2142 1737 2202 ille
1778 2143 1933 2202 solus
1972 2142 2255 2216 sufficiat,
2300 2141 2404 2200 sed

276 2239 436 2324 quod
474 2239 872 2300 testimonium
916 2237 1227 2320 perhibere
1276 2249 1451 2319 queat
1501 2237 1755 2318 dogmati
1798 2239 1860 2297 in
1908 2239 2195 2298 canonicis
2242 2237 2404 2298 libris

278 2357 554 2420 expresso
582 2336 693 2417 (2).
728 2334 1090 2396 Declarativa
1128 2355 1266 2395 vero
1291 2344 1414 2409 est,
1448 2356 1578 2416 quae
1606 2333 1872 2395 disertius
1903 2334 2216 2418 explanat,
2247 2333 2405 2417 quod

349 2540 419 2605 (1)
449 2539 550 2588 Hoc
564 2540 735 2589 fatetur
749 2539 935 2604 velipse
950 2538 1302 2599 Shuttleworth‚
1387 2558 1439 2588 su
1461 2578 1472 2597 ‚
1504 2540 1618 2588 adeo
1643 2551 1725 2597 ut,
1758 2543 1795 2588 si
1820 2539 2055 2605 Scriptura
2085 2540 2254 2605 periret
2273 2579 2285 2601 ‚
2317 2541 2404 2590 hoc

280 2631 429 2671 rector
458 2624 566 2670 novi
594 2622 775 2687 collegii
807 2622 1082 2670 Oxoniensis
1100 2660 1113 2681 ,
1146 2624 1195 2669 in
1225 2639 1303 2687 op.

281 2704 381 2754 Not
414 2704 649 2753 tradition
668 2741 682 2764 ‚
724 2705 808 2753 but
841 2704 1094 2771 Scriptura
1115 2739 1130 2763 ,
1156 2722 1236 2753 seu
1285 2721 1300 2753 ε

281 2786 397 2836 Non
421 2787 618 2836 traditio
636 2823 653 2849 ,
682 2787 764 2834 sed
788 2784 1078 2853 Scriptura,
1106 2787 1219 2836 edit.
1252 2800 1302 2836 2⁸¹

283 2868 437 2919 Lond.
479 2868 637 2936 1839,
674 2888 778 2934 pag.
812 2886 906 2930 20,
939 2870 1111 2935 aliique
1131 2871 1303 2918 admit-

282 2964 423 3014 tunt,
465 2955 591 3019 apud
629 2954 859 3020 Esslinger
891 2956 941 3002 in
979 2970 1142 3019 opusc.
1181 2972 1302 3020 saepe

286 3035 477 3100 allegato
513 3052 527 3086 ε
559 3035 791 3103 Apoloqie
826 3036 882 3084 de
911 3034 959 3084 la
989 3035 1192 3102 reliqion
1223 3052 1303 3084 ca·-

284 3115 490 3182 tholique
515 3135 613 3184 par
647 3119 727 3167 des
760 3128 955 3166 auteurs
980 3126 1298 3184 proca-itania,

286 3210 376 3251 etc.
410 3199 437 3267 ὃ
466 3216 495 3247 2
517 3239 529 3261 ‚
560 3202 639 3251 ubi
670 3201 743 3251 Dc
783 3203 1083 3250 Traditione.

355 3282 422 3347 (2)
461 3282 611 3349 HuJus
639 3287 703 3332 rei
736 3285 996 3350 exemplum
1036 3295 1214 3350 ponunt
1252 3287 1301 3331 in

287 3366 498 3431 dogmate
526 3366 582 3414 de
607 3366 772 3414 Christi
792 3369 1121 3416 resurrectione
1138 3405 1149 3426 ,
1176 3367 1301 3432 quod

287 3465 384 3497 non
422 3447 572 3498 solum
608 3465 667 3497 ex
702 3452 836 3497 sacris
876 3450 1058 3498 Litteris
1083 3487 1095 3508 ‚
1138 3467 1301 3497 verum

288 3533 425 3581 etiam
452 3549 506 3581 ex
525 3535 762 3580 communi
780 3544 956 3582 constat
971 3533 1179 3582 fidelium
1198 3550 1303 3582 sen-

1385 2622 1550 2686 dogma
1571 2640 1624 2670 ex
1647 2623 1739 2671 sola
1770 2626 1910 2672 etiam
1937 2624 2176 2672 traditione
2196 2627 2401 2672 innotes-

1384 2714 1523 2752 ceret.
1543 2703 1667 2752 Hinc
1694 2705 1871 2753 factum
1897 2717 1989 2766 est,
2016 2716 2069 2754 ut
2087 2706 2288 2756 Ecclesia
2307 2723 2403 2754 non

1384 2787 1478 2834 sola
1516 2785 1783 2852 Scriptura,
1822 2789 1901 2837 sed
1937 2792 2175 2837 communi
2211 2806 2399 2854 quoque

1383 2869 1592 2918 fidelium
1610 2888 1746 2918 sensu
1778 2871 1989 2937 dogmata
2004 2871 2268 2920 adstrueret.
2286 2869 2403 2919 Nes-

1382 2955 1452 3001 cio
1473 2989 1485 3012 ‚
1518 2970 1576 3000 an
1601 2951 1882 3014 Straussius,
1910 2956 1990 3020 qui
2018 2954 2397 3002 resurrectionem

1383 3034 1549 3083 Christi
1580 3036 1638 3083 ad
1668 3035 1854 3099 mythos
1885 3036 2086 3100 relegat,
2125 3035 2237 3083 huic
2270 3036 2400 3099 prin-

1384 3119 1502 3176 cipio
1540 3119 1863 3182 acquiesceret.
1903 3116 2118 3165 Ceterum
2159 3116 2398 3176 Moehler‚

1383 3204 1433 3250 in
1468 3197 1770 3266 Symbolique
1788 3239 1805 3261 ,
1837 3210 1951 3250 tom.
1990 3218 2056 3260 11,
2099 3198 2124 3267 ξ
2160 3198 2223 3249 38
2245 3238 2258 3261 ,
2300 3212 2402 3267 apte

1381 3286 1502 3333 hanc
1529 3283 1821 3332 traditionem
1841 3283 2154 3348 subjectivam
2183 3283 2400 3350 appellat.

1384 3367 1414 3417 J
1419 3369 1562 3416 uverit
1585 3367 1683 3432 ejus
1703 3365 1842 3415 verba
1861 3366 2023 3415 afferre
2043 3404 2055 3427 ,
2088 3383 2191 3433 quae
2215 3367 2303 3415 hoc
2327 3384 2402 3415 ar-

1381 3457 1653 3515 gumentum
1684 3448 1879 3497 mirifice
1903 3448 2135 3497 illustrant
2161 3466 2175 3497 z
2206 3447 2272 3496 Ce
2291 3463 2400 3496 sen-

1381 3533 1551 3580 timent
1579 3548 1834 3591 commun,
1867 3534 1930 3581 ait
1961 3534 2055 3598 ipse
2074 3570 2086 3592 ‚
2138 3540 2250 3580 cette
2284 3547 2396 3580 con-
