2502 4134
287 155 447 196 rAn'r.
493 155 577 193 111.
624 155 775 194 sacr.
826 154 868 192 1.
916 153 1038 192 car.
1082 155 1127 190 1.
1175 155 1243 190 mi
1286 154 1416 190 aar.
1464 150 1594 192 Aur.
1643 150 1751 190 mn.
1795 151 1974 192 sps-cr.
2058 131 2172 192 337

892 293 1277 349 ARTICULUS
1315 294 1361 348 Ι.
1443 315 1446 317 ’

570 468 662 527 De
702 477 854 527 recto
889 469 1148 527 rationis
1186 486 1302 524 usu
1335 475 1474 524 ante
1494 466 1694 542 fidem.

164 648 261 710 14.
310 651 552 708 Rectum
585 647 824 707 rationis
859 667 1032 720 usum
1056 646 1118 704 in
1150 643 1459 724 Religionis
1489 643 1848 724 inquirendae
1886 659 1946 707 et
1983 669 2184 731 capes-

77 743 270 802 sendae
302 744 530 822 negotio
566 743 949 815 vindicaturi,
992 740 1241 819 theologi
1276 761 1382 798 nos
1415 750 1609 820 partes
1644 753 1958 819 agere‘non
1987 756 2184 806 autem

79 838 414 919 philosophi
435 838 765 896 meminisse
784 836 1083 896 debemus,
1105 836 1380 893 Nostrum
1404 833 1651 916 proinde
1668 834 1826 894 haud
1843 848 1929 895 est
1947 839 2184 898 rationis

79 932 347 991 humanae
385 932 666 994 vindicias
699 931 986 1012 suscipere
1011 930 1289 989 adversus
1330 927 1819 988 trascendentales
1862 952 1926 989 ac
1952 931 2184 994 idealis-

80 1037 208 1100 taS‚
260 1027 763 1106 humanarumque
811 1025 1208 1103 cognitionum
1257 1023 1603 1097 veritatem,
1655 1025 2066 1085 certitudinem
2116 1048 2183 1086 ac

80 1121 406 1180 realitatem
443 1120 790 1198 objectivam
837 1117 1161 1176 ostendere.
1204 1116 1271 1174 Id
1316 1117 1638 1176 recentiore
1675 1115 1783 1176 hac
1821 1130 1988 1179 aetate
2026 1119 2188 1180 haud

82 1219 249 1297 pauci
273 1215 406 1274 clari
435 1214 689 1273 nominis
719 1210 1082 1294 philosophi„
1111 1222 1240 1270 tum
1272 1211 1499 1270 externi
1529 1221 1657 1270 tum
1680 1212 1809 1271 Itali
1832 1257 1847 1286 ,
1893 1212 2025 1273 licet
2062 1237 2185 1273 non

83 1331 197 1367 una
231 1309 547 1389 eademque
577 1307 671 1366 via
687 1351 703 1381 ‚
730 1307 1160 1387 praestiterunt,
1186 1327 1218 1365 e
1243 1304 1451 1387 quibus
1476 1305 1729 1386 penitior
1754 1327 1950 1366 rerum
1974 1306 2186 1368 harum

83 1403 289 1462 notitia
325 1403 436 1463 erit
472 1401 795 1460 haurienda
833 1400 950 1480 (l).

167 1497 262 1556 15.
310 1498 586 1556 Attamen
619 1517 753 1555 cum
795 1494 868 1554 de
898 1493 1139 1553 rationis
1167 1504 1380 1552 natura
1406 1514 1470 1552 ac
1494 1494 1555 1554 vi
1581 1493 1906 1554 identidem
1927 1496 2002 1555 sit
2025 1495 2194 1556 nobis

84 1590 408 1674 agendum,
454 1612 702 1673 cumque
737 1589 897 1649 haud
939 1612 1150 1673 parum
1189 1591 1419 1650 intersit
1463 1589 1716 1670 theologi
1757 1603 1941 1651 rectas
1975 1591 2083 1652 hac
2120 1592 2195 1653 de

82 1708 145 1747 re
179 1687 338 1746 ideas
370 1685 480 1745 sibi
509 1707 845 1770 comparare
865 1731 883 1762 .,
927 1707 1005 1746 ne
1040 1685 1208 1745 falsas
1239 1685 1376 1745 inde
1401 1686 1464 1744 in
1492 1686 1680 1768 ipsam
1711 1685 2014 1766 theologiae
2053 1708 2193 1768 pro-

158 1907 223 1969 (1)
250 1905 319 1953 De
333 1905 529 1953 externis
543 1902 840 1969 scriptoribus
852 1940 866 1963 ‚
885 1904 966 1969 qui
981 1902 1104 1951 hanc

90 1998 286 2054 spartam
316 1987 624 2046 adornarunt,
655 1987 794 2033 nimis
821 1985 1013 2050 longum
1033 2002 1105 2032 es-

92 2080 159 2118 set
196 2054 364 2117 dicere.
407 2069 532 2116 Inter
571 2067 711 2116 Italos
746 2069 912 2115 enituit
953 2066 1104 2114 Caesar

91 2149 382 2198 Baldinottus
398 2187 410 2209 ‚
442 2151 523 2215 qui
547 2151 724 2214 primus
748 2148 862 2196 forte
879 2150 930 2195 in
946 2147 1102 2207 Italia,

97 2249 203 2280 cum
228 2232 445 2279 kantiana
472 2231 760 2295 philosophia
778 2247 935 2294 parum
953 2229 1107 2277 adhuc

98 2323 213 2361 esset
239 2321 474 2375 comperta
490 2348 504 2370 ‚
534 2329 634 2359 eam
655 2310 784 2358 brevi
810 2310 890 2358 sed
917 2310 1107 2358 validis-

96 2396 213 2442 simo
228 2396 391 2457 scripto
408 2393 680 2457 profligavit.
702 2391 802 2441 Cfr.
821 2390 901 2438 De
920 2389 1108 2437 Kamii

90 2474 464 2542 philosophandi
503 2476 688 2521 ratione
721 2482 767 2520 et
785 2471 1018 2538 placitis,
1057 2479 1111 2518 uc

99 2557 163 2605 ad
184 2555 561 2621 naetaphysicam
592 2552 858 2619 qencralem
889 2553 1110 2617 reserun-

98 2647 196 2687 tur.
229 2637 467 2703 ‘AppemL
506 2635 571 2684 ad
619 2635 965 2683 Tentaminum
998 2632 1111 2698 phi-

102 2720 321 2786 losophie.
375 2719 457 2767 lib.
513 2728 606 2766 tres
627 2752 644 2781 ‚
709 2718 878 2766 Patavii
944 2713 1067 2782 1817
1090 2751 1104 2775 ,

104 2818 209 2868 pag.
243 2801 361 2868 379.
402 2800 651 2849 Recentius
696 2801 921 2863 egregiam
963 2798 1112 2846 eidem

106 2886 171 2932 rei
185 2900 366 2949 operam
382 2891 612 2931 navarunt
624 2880 856 2929 Paschalis
870 2877 1083 2943 Galluppi
1096 2915 1110 2938 ,

108 2962 217 3013 Ant.
243 2964 481 3023 Rosmini,
507 2962 712 3012 Salvator
730 2961 945 3011 Mancino
964 2997 977 3019 ‚
1007 2960 1112 3007 Bal-

111 3044 285 3093 thassar
302 3044 398 3093 Poli
412 3081 427 3106 ‚
446 3044 657 3110 Aloysius
675 3043 853 3093 Bonelli
873 3079 887 3104 ‚
916 3043 1085 3108 aliique
1097 3078 1111 3102 ,

116 3125 283 3191 quibus
302 3128 610 3175 recentissime
635 3126 742 3174 addi
771 3133 918 3190 potest
945 3124 1116 3172 siculus

116 3205 172 3256 P.
209 3207 416 3257 Romano
448 3208 498 3258 S.
538 3208 584 3258 J.
620 3210 670 3256 in
705 3225 780 3272 op.
820 3207 896 3255 La
926 3207 1118 3253 scienza

119 3286 226 3335 dell’
253 3306 387 3338 αωηο
416 3292 644 3339 interiore
678 3308 702 3338 e
733 3289 848 3337 delle
880 3306 962 3336 sue
994 3286 1118 3335 rela-

120 3369 257 3416 ziom‘
292 3369 406 3418 colla
439 3380 614 3420 natura
657 3389 682 3419 e
726 3388 815 3423 con
856 3369 988 3430 Dio,
1030 3369 1118 3417 Pa-

120 3448 264 3496 lermo
296 3446 449 3511 1840,
469 3453 571 3506 vol.
601 3470 634 3503 1.
662 3450 710 3501 si
737 3454 841 3518 quis
858 3451 1121 3499 uberiorem

124 3529 182 3577 de
208 3527 485 3594 philosophis
515 3532 642 3582 Italis
679 3533 1008 3582 recentioribus
1045 3548 1124 3579 cu-

124 3611 222 3675 piat
247 3611 483 3672 notitiam,
516 3613 646 3673 adeat
671 3631 786 3680 opus
804 3616 885 3664 cit.
900 3612 1126 3664 Willelmi

207 3703 274 3761 T.
322 3703 417 3761 IX.

1187 1901 1456 1951 Tenneman
1474 1903 1741 1951 translatum
1761 1904 1912 1954 italice
1928 1923 1953 1954 a
1967 1906 2029 1955 cl.
2046 1905 2196 1956 Balth.

1185 1985 1284 2033 Poli
1302 2022 1315 2044 ‚
1348 1988 1425 2050 qui
1448 2003 1562 2050 opus
1579 1986 1695 2034 illud
1714 1990 1888 2051 magnis
1907 1990 2199 2054 supplemen-

1188 2070 1246 2116 tis
1271 2070 1430 2128 auxit,
1451 2085 1505 2116 ac
1522 2073 1836 2118 continentem
1857 2071 1913 2119 ad
1940 2072 2036 2119 haec
2052 2089 2200 2138 usque

1188 2160 1395 2215 tempora
1435 2150 1731 2216 philosophiae
1763 2151 1928 2200 Italicae
1957 2153 2199 2217 historiam

1188 2233 1444 2280 contexuit.
1482 2231 1656 2280 Mirum
1692 2249 1826 2296 porro
1859 2243 1965 2294 est,
2008 2236 2199 2299 quinam

1191 2313 1360 2361 Italicae
1387 2330 1457 2360 res
1493 2315 1544 2360 in
1575 2314 1663 2361 hac
1695 2323 1820 2361 tanta
1857 2314 2202 2379 disciplinarum

1191 2396 1402 2442 omnium
1417 2394 1594 2442 cultura
1607 2430 1622 2455 ,
1641 2411 1695 2442 ac
1710 2395 2077 2460 frequentissimo
2090 2412 2199 2460 gen-

1192 2477 1310 2523 tium
1339 2477 1482 2523 etiam
1517 2477 1637 2523 inter
1683 2492 1731 2524 se
1769 2476 2030 2524 dissitarum
2073 2493 2199 2524 com-

1192 2558 1363 2605 mercio
1382 2591 1396 2615 ,
1428 2555 1487 2604 ab
1517 2557 1710 2604 externis
1741 2573 1837 2604 non
1864 2559 2021 2621 paucis
2050 2558 2196 2622 scrip-

1194 2638 1371 2688 toribus
1422 2641 1708 2703 ignorentur.
1752 2637 1927 2687 Prodiit
1974 2641 2204 2703 superiore

1192 2725 1315 2769 anno
1339 2717 1458 2782 1841
1480 2755 1494 2778 ,
1517 2718 1735 2782 Viennae,
1765 2719 2092 2785 compendium
2106 2719 2203 2768 his-

1194 2805 1319 2852 toriae
1356 2800 1716 2867 philosophicae,
1758 2819 1839 2850 sua
1877 2801 2004 2849 haud
2045 2818 2204 2849 carens

1194 2883 1360 2945 laude,
1393 2892 1577 2932 auctore
1609 2883 1799 2947 profess.
1837 2881 2045 2931 Leandro
2074 2880 2206 2930 Jose-

1197 2966 1290 3032 pho
1305 2964 1476 3014 Stanke
1488 3000 1503 3025 ‚
1519 2964 1816 3013 Benedictino
1831 2962 2089 3014 Pannonio.
2101 2961 2206 3011 His-

1197 3038 1359 3095 toriam
1393 3064 1522 3095 suam
1560 3046 1620 3094 ad
1655 3061 1739 3093 nos
1777 3062 1922 3111 usque
1952 3045 2111 3104 ducit3
2146 3042 2205 3091 de

1198 3129 1454 3194 Hungarica
1473 3166 1487 3188 ‚
1520 3127 1576 3176 de
1613 3126 1827 3175 Polonica
1849 3163 1863 3187 ,
1896 3126 1952 3175 de
1982 3125 2170 3174 Russica
2188 3161 2203 3185 ,

1200 3211 1256 3259 de
1284 3210 1530 3275 Hispanica
1545 3245 1559 3269 ,
1596 3209 1856 3257 Lusitanica
1884 3210 2020 3256 etiam
2049 3206 2204 3272 philo-

1202 3275 1360 3357 sophia
1380 3292 1555 3358 aliquid
1573 3291 1770 3355 profert3
1791 3291 1848 3338 de
1867 3289 2086 3337 Italorum
2102 3288 2209 3357 phi-¹

1202 3376 1446 3440 losophicis
1486 3373 1699 3439 operibus
1741 3372 1885 3420 altum
1936 3369 2203 3419 silentium!

1205 3457 1331 3507 Itane
1356 3460 1494 3523 igitur
1516 3474 1571 3506 ex
1593 3453 1889 3521 philosophiae
1910 3469 2072 3518 campo
2099 3466 2206 3500 eva·

1208 3543 1311 3590 nuit
1330 3540 1461 3590 ltalia
1473 3542 1498 3586 ’ἒ

1898 3692 1979 3749 22
