2502 4134
2093 124 2207 183 501

409 148 565 188 PART.
609 147 697 184 111.
747 148 895 186 SECT.
947 150 989 186 1.
1038 150 1159 187 CAP.
1206 148 1267 187 11.
1320 151 1385 186 DE
1430 149 1559 186 ΕΔΤ.
1606 148 1723 185 CUM
1770 147 1876 183 Fu).

169 286 308 346 238.
355 288 632 347 Praeterea
676 290 945 348 veritates
987 312 1019 348 a
1052 290 1164 349 fide
1211 290 1563 372 propositae,
1606 301 1708 347 aut
1746 287 1941 369 captui
1970 287 2211 347 rationis

86 382 538 442 accommodatae
578 394 750 456 sunt,
785 395 886 442 aut
908 384 1072 442 illum
1104 385 1341 466 prorsus
1366 394 1737 465 exsuperant.
1769 382 1972 456 Quoad
1995 381 2212 462 primas

86 475 246 533 nulla
284 486 372 534 est
402 477 690 557 oppositio
728 478 1229 558 pertimescenda3
1273 476 1564 558 siquidem
1605 476 1741 534 talia
1791 476 2049 536 veritatis
2077 496 2212 555 ger-

87 570 274 645 mina,
309 571 443 631 licet
487 573 740 633 firmiora
779 584 955 653 atque
997 571 1295 642 uberiora,
1337 571 1481 630 ratio
1524 571 1669 629 inde
1705 571 1951 652 percipit
1989 592 2022 629 a
2063 570 2210 643 fide,

87 686 217 745 quae
246 667 305 723 in
337 689 440 725 suo
466 713 481 740 ,
511 678 578 725 ut
604 667 682 726 ita
716 667 940 743 dicam,
982 667 1105 726 solo
1129 668 1275 725 ratio
1309 668 1432 749 ipsa
1463 678 1562 725 aut
1584 670 1709 744 jam
1739 665 2040 725 detexerat
2065 711 2080 737 ,
2112 677 2213 724 aut

85 759 348 820 absolute
387 761 654 840 detegere
685 763 966 842 potuisset
996 807 1012 834 .‚
1045 783 1293 844 quaeque
1332 783 1490 821 nunc
1531 760 1628 819 illa
1668 783 1777 842 per
1812 760 1989 821 fldem
2032 762 2210 821 etiam

86 855 285 913 edocta
339 857 557 937 poterit
607 857 825 915 facilius
891 858 1091 918 nativo
1145 857 1368 925 lumine
1415 879 1518 915 suo
1567 856 1871 931 evolvere,
1927 857 2212 937 novisque

84 950 342 1027 ejusdem
386 950 604 1010 ordinis
642 951 985 1012 veritatibus
1028 951 1406 1033 locupletare.
1456 952 1624 1034 Quod
1669 952 1715 1009 si
1753 951 1827 1011 de
1867 950 2209 1012 veritatibus

84 1045 371 1104 rationem
403 1045 819 1105 excedentibus
866 1069 966 1106 seu
1011 1046 1086 1106 de
1131 1047 1416 1127 Mysteriis
1452 1058 1683 1126 agatur,
1727 1068 2031 1128 nunquam
2061 1047 2209 1106 ratio

83 1140 462 1200 intrinsecam
509 1141 569 1198 in
614 1141 683 1199 iis
732 1137 1182 1222 repugnantiam
1229 1141 1532 1223 percipere
1580 1140 1833 1214 valebit3
1883 1142 2004 1206 haec
2046 1143 2203 1202 enim

83 1236 334 1314 cognitio
377 1247 740 1316 supponeret
777 1237 1093 1317 perfectam
1134 1239 1392 1315 subjecti
1425 1248 1484 1295 et
1520 1237 1850 1315 praedicati
1879 1227 1944 1295 ac
1978 1240 2210 1296 intrin-

81 1335 203 1388 seci
231 1351 435 1388 eorum
477 1351 662 1388 nexus
703 1331 1013 1404 notitiam3
1064 1331 1225 1412 quod
1263 1330 1503 1412 quidem
1547 1332 1671 1412 ipsa
1708 1332 1963 1411 Mysterii
1998 1343 2207 1391 natura

78 1423 333 1483 excludit
368 1424 479 1502 (l).
520 1424 674 1495 Quid
716 1436 805 1482 est
840 1425 997 1482 enim
1045 1426 1306 1504 mysterii
1345 1425 1666 1507 propositio
1693 1427 1804 1484 nisi
1841 1428 2045 1485 notitia
2083 1427 2164 1486 rei
2187 1473 2211 1503 „

78 1539 254 1599 quam
279 1517 407 1576 dari
434 1518 670 1576 nonnisi
696 1540 727 1575 a
757 1517 989 1578 dicente
1019 1540 1123 1578 seu
1146 1519 1446 1580 revelante
1467 1541 1811 1599 cognoscere
1832 1534 2198 1602 poteramuS,

77 1625 137 1672 et
174 1634 303 1694 quae
340 1613 533 1694 quoad
576 1618 958 1672 eminentiam
996 1614 1251 1694 quidem·
1274 1625 1534 1689 constat,
1576 1615 1677 1675 sed
1727 1616 1920 1697 quoad
1958 1618 2206 1675 modum

78 1708 398 1781 existendi,
436 1717 494 1767 et
525 1707 717 1788 quoad
761 1729 964 1766 omnes
996 1708 1305 1789 qualitates
1340 1732 1462 1767 non
1490 1709 1816 1769 declaratur
1839 1755 1855 1784 ,
1894 1711 2076 1770 immo
2100 1733 2207 1770 nec

77 1804 440 1862 innotescere
472 1801 709 1884 potest?
737 1803 943 1861 Omnis
978 1803 1153 1882 igitur
1186 1806 1575 1884 repugnantia
1607 1806 1718 1864 erit
1747 1816 1981 1864 tantum
2020 1828 2204 1888 appa-

79 1918 245 1970 renS,
285 1919 460 1979 quam
505 1897 654 1955 ratio
695 1908 850 1956 recte
885 1898 1155 1961 instituta
1191 1897 1459 1980 dispellet
1491 1899 1606 1981 (2).
1655 1901 1774 1959 Hoc
1808 1901 2036 1978 jamdiu
2075 1901 2204 1960 ani-

77 2145 295 2194 methodo
312 2148 421 2194 oriri
444 2146 564 2194 hanc
581 2148 916 2211 oppositionem
936 2163 1091 2210 posse,
1177 2161 1284 2194 cam
1303 2147 1621 2194 necessitatem
1650 2145 1872 2207 habeant,
1894 2146 2101 2195 divinam
2122 2164 2203 2196 ne-

77 2227 273 2274 ostendit
301 2228 446 2276 solide
478 2227 630 2275 Caesar
656 2228 714 2276 de
743 2227 940 2275 Horatiis
959 2265 973 2288 ,
1012 2245 1088 2293 op.

78 2318 123 2356 et
147 2326 247 2373 cap.
266 2312 362 2375 jam
391 2312 513 2368 citt„
540 2319 679 2375 atque
698 2312 748 2357 in
768 2327 821 2359 eo
847 2319 968 2357 totus
991 2320 1056 2358 est
1075 2346 1090 2370 ‚

77 2399 129 2438 ut
176 2401 347 2439 rectam
402 2392 672 2439 methodum
735 2391 1091 2457 philosophandi

73 2482 431 2534 commonstret,
480 2475 748 2538 cunctisque
800 2473 1089 2538 philosophis

74 2554 282 2602 suadeat.
327 2554 462 2602 Plura
505 2572 639 2619 porro
675 2554 851 2603 ibidem
893 2555 951 2603 ad
985 2555 1091 2603 reli-

72 2639 220 2700 gionis
245 2638 454 2702 dogmata
481 2638 652 2687 tuenda
680 2648 936 2703 opportuna
957 2655 1087 2687 com-

72 2722 237 2783 peries.

141 2800 205 2864 (1)
229 2801 417 2866 Egregie
436 2801 639 2850 declarat
652 2802 741 2851 hoc
757 2813 1088 2868 argumentum

72 2882 141 2931 Cl.
156 2882 388 2932 Gerdilius
404 2920 417 2942 ‚
450 2887 501 2932 in
524 2902 600 2949 op.
626 2880 977 2935 Introduzione
994 2886 1088 2935 allo

71 2966 229 3014 studio
256 2966 382 3015 della
409 2967 668 3032 reh'qione,
701 2969 921 3033 exemplis
947 2971 1085 3017 etiam

74 3065 126 3094 ex
150 3049 483 3097 mathematicis
501 3048 733 3098 adductis.
751 3048 849 3098 Cfr.
866 3066 973 3115 pag.
995 3067 1010 3098 1
1023 3048 1085 3099 35

74 3137 118 3175 et
146 3145 248 3193 seq.
264 3139 401 3195 atque
419 3133 555 3178 etiam
578 3133 614 3178 si
636 3129 790 3190 lubet,
820 3141 952 3179 tract.
975 3149 1085 3179 nos-

74 3219 140 3257 ter
158 3244 172 3268 ,
203 3208 278 3256 De
296 3227 406 3260 vera
424 3211 674 3277 Reliqione
687 3249 700 3271 ,
722 3223 836 3262 torn.
862 3230 877 3260 1
891 3251 904 3272 ‚
923 3230 1024 3279 cap.
1039 3230 1055 3260 1
1067 3251 1082 3274 ,

73 3307 207 3355 prop.
235 3307 304 3340 ιιι.

141 3373 202 3435 (2)
239 3372 517 3437 Argumenta
547 3377 748 3442 physice
783 3384 967 3426 tantum
1006 3388 1086 3426 aut

73 3453 315 3503 moraliter
344 3467 465 3506 certa
495 3459 554 3507 ad
584 3460 692 3509 fidei
721 3461 932 3526 dogmata
958 3461 1083 3510 labe-

72 3536 284 3585 factanda
324 3539 443 3586 nihil
478 3540 623 3590 valere
655 3554 871 3606 possent3
911 3545 1083 3608 quippe

72 3633 178 3665 cum
206 3618 282 3667 illa
315 3636 407 3667 non
438 3620 691 3671 absolutam
718 3625 798 3674 sed
821 3623 1088 3691 hypotheti-

1180 2235 1360 2292 queunt
1387 2237 1601 2274 naturam
1621 2228 1866 2291 attingere.
1886 2226 2200 2293 Metaphysica

1175 2318 1357 2356 tantum
1380 2310 1630 2373 principia,
1656 2326 1755 2373 quae
1772 2310 1821 2355 in
1845 2308 2073 2374 principio
2087 2325 2202 2357 con-

1172 2392 1481 2439 tradictionis
1495 2391 1771 2454 fundantur,
1782 2392 1841 2439 ad
1856 2392 2062 2440 divinam
2082 2410 2200 2458 quo-

1173 2491 1263 2540 que
1290 2484 1503 2522 naturam
1527 2475 1755 2538 pertinere
1772 2474 1970 2522 dubium
1987 2491 2084 2522 non
2098 2484 2193 2535 est,

1172 2571 1226 2603 ac
1240 2555 1432 2620 proinde
1447 2557 1711 2619 oppositum
1727 2553 1918 2603 illorum
1933 2555 2196 2604 absolutam

1171 2639 1221 2684 in
1243 2636 1340 2685 Deo
1370 2640 1469 2702 ipso
1495 2637 1913 2702 impossibilitatem
1943 2639 2194 2694 certissime

1170 2722 1466 2780 evincerent3
1497 2718 1624 2785 quod
1655 2721 1736 2784 qui
1766 2729 1935 2783 negant
1964 2719 2194 2783 theologi,

1133 2857 1138 2861 ¹
1166 2806 1266 2867 jam
1297 2819 1484 2850 omnem
1517 2801 1842 2849 certitudinem
1875 2811 2111 2860 evertunt,
2143 2818 2197 2850 ac

1170 2884 1339 2932 tollunt
1378 2883 1724 2948 possibilitatem
1773 2884 1918 2946 ipsam
1979 2883 2195 2930 humanae

1169 2967 1336 3013 rationi
1364 2966 1624 3030 quidquam
1657 2964 1714 3012 de
1736 2962 1833 3011 Deo
1860 2965 2055 3029 ejusque
2083 2980 2194 3028 pro-

1169 3047 1439 3112 prietatibus
1479 3046 1730 3094 statuendi.
1774 3049 1855 3093 Ast
1893 3044 2080 3093 nullum
2127 3059 2196 3097 est

1168 3131 1477 3196 mysterium,
1533 3129 1660 3194 quod
1705 3129 1932 3193 principio
1965 3126 2193 3194 ejusmodi

1169 3214 1486 3280 metaphysico
1524 3213 1751 3261 adversari
1801 3213 1977 3260 ostendi
2018 3215 2190 3277 possit3

1169 3296 1298 3343 nulla
1332 3294 1578 3343 difficultas
1607 3297 1655 3341 in
1687 3295 1772 3342 hoc
1791 3329 1807 3357 ‚
1844 3311 1949 3360 quae
1978 3295 2189 3343 solubilis

1169 3396 1262 3426 non
1297 3380 1389 3437 sit3
1425 3395 1511 3426 nec
1545 3395 1706 3425 omnes
1737 3378 2081 3426 incredulorum
2112 3393 2191 3424 co-

1168 3466 1306 3508 natus
1338 3460 1466 3508 aliud
1496 3459 1750 3508 effecerunt
1769 3497 1783 3519 ‚
1825 3462 1915 3508 nisi
1946 3460 2189 3508 distortum

1170 3558 1224 3589 ac
1260 3542 1561 3607 sophisticum
1594 3560 1729 3591 suum
1761 3541 2065 3592 ratiocinandi
2091 3556 2190 3588 mo-

1171 3623 1284 3672 dum
1315 3623 1584 3688 patefacere.
