<?xml version="1.0" encoding="UTF-8"?>
<!DOCTYPE html PUBLIC "-//W3C//DTD XHTML 1.0 Transitional//EN"
    "http://www.w3.org/TR/xhtml1/DTD/xhtml1-transitional.dtd">
<html xmlns="http://www.w3.org/1999/xhtml" xml:lang="en" lang="en">
 <head>
  <title>
</title>
<meta http-equiv="Content-Type" content="text/html;charset=utf-8" />
  <meta name='ocr-system' content='tesseract 3.04.00' />
  <meta name='ocr-capabilities' content='ocr_page ocr_carea ocr_par ocr_line ocrx_word'/>
</head>
<body>
  <div class='ocr_page' id='page_1' title='image "a603693809perruoft_0544.png"; bbox 0 0 2502 4134; ppageno 0'>
   <div class='ocr_carea' id='block_1_1' title="bbox 247 147 365 206">
    <p class='ocr_par' dir='ltr' id='par_1_1' title="bbox 247 147 365 206">
     <span class='ocr_line' id='line_1_1' title="bbox 247 147 365 206; baseline 0 -1"><span class='ocrx_word' id='word_1_1' title='bbox 247 147 365 206; x_wconf 85' lang='lat'>536</span> 
     </span>
    </p>
   </div>
   <div class='ocr_carea' id='block_1_2' title="bbox 852 168 1778 212">
    <p class='ocr_par' dir='ltr' id='par_1_2' title="bbox 852 168 1778 212">
     <span class='ocr_line' id='line_1_2' title="bbox 852 168 1778 212; baseline 0.006 -7"><span class='ocrx_word' id='word_1_2' title='bbox 852 168 1044 206; x_wconf 76' lang='lat' dir='ltr'>TRACT.</span> <span class='ocrx_word' id='word_1_3' title='bbox 1093 170 1161 206; x_wconf 78' lang='grc' dir='ltr'>ΒΕ</span> <span class='ocrx_word' id='word_1_4' title='bbox 1206 170 1358 207; x_wconf 77' lang='lat' dir='ltr'>LOCIS</span> <span class='ocrx_word' id='word_1_5' title='bbox 1401 169 1778 212; x_wconf 73' lang='lat' dir='ltr'><strong>THEOLOGIGIS.</strong></span> 
     </span>
    </p>
   </div>
   <div class='ocr_carea' id='block_1_3' title="bbox 249 310 2431 2513">
    <p class='ocr_par' dir='ltr' id='par_1_3' title="bbox 249 310 2393 1066">
     <span class='ocr_line' id='line_1_3' title="bbox 334 310 2388 400; baseline 0.004 -28"><span class='ocrx_word' id='word_1_6' title='bbox 334 313 475 372; x_wconf 79' lang='lat'><strong>294.</strong></span> <span class='ocrx_word' id='word_1_7' title='bbox 523 313 641 371; x_wconf 88' lang='lat' dir='ltr'>His.</span> <span class='ocrx_word' id='word_1_8' title='bbox 669 312 846 391; x_wconf 83' lang='lat' dir='ltr'>igitur</span> <span class='ocrx_word' id='word_1_9' title='bbox 885 311 966 370; x_wconf 90' lang='lat' dir='ltr'>ita</span> <span class='ocrx_word' id='word_1_10' title='bbox 1009 310 1353 387; x_wconf 74' lang='lat' dir='ltr'>declaratis,</span> <span class='ocrx_word' id='word_1_11' title='bbox 1391 313 1471 371; x_wconf 94' lang='lat' dir='ltr'>sic</span> <span class='ocrx_word' id='word_1_12' title='bbox 1506 325 1797 374; x_wconf 53' lang='lat' dir='ltr'>assertam*</span> <span class='ocrx_word' id='word_1_13' title='bbox 1829 320 2286 400; x_wconf 82' lang='lat' dir='ltr'>propositionem</span> <span class='ocrx_word' id='word_1_14' title='bbox 2326 322 2388 381; x_wconf 88' lang='lat' dir='ltr'>in</span> 
     </span>
     <span class='ocr_line' id='line_1_4' title="bbox 249 405 2387 488; baseline 0.004 -19"><span class='ocrx_word' id='word_1_15' title='bbox 249 431 425 469; x_wconf 91' lang='lat' dir='ltr'>sensu</span> <span class='ocrx_word' id='word_1_16' title='bbox 463 407 726 488; x_wconf 86' lang='lat' dir='ltr'>exposito</span> <span class='ocrx_word' id='word_1_17' title='bbox 769 405 1147 468; x_wconf 80' lang='lat' dir='ltr'><strong>adstruimus,</strong></span> <span class='ocrx_word' id='word_1_18' title='bbox 1182 410 1380 467; x_wconf 89' lang='lat' dir='ltr'>Potest</span> <span class='ocrx_word' id='word_1_19' title='bbox 1426 408 1683 469; x_wconf 88' lang='lat' dir='ltr'>humana</span> <span class='ocrx_word' id='word_1_20' title='bbox 1714 410 1862 468; x_wconf 88' lang='lat' dir='ltr'>ratio</span> <span class='ocrx_word' id='word_1_21' title='bbox 1897 413 2031 474; x_wconf 90' lang='lat' dir='ltr'>fidei</span> <span class='ocrx_word' id='word_1_22' title='bbox 2059 416 2387 485; x_wconf 87' lang='lat' dir='ltr'>doctrinam</span> 
     </span>
     <span class='ocr_line' id='line_1_5' title="bbox 252 503 2391 579; baseline 0.005 -15"><span class='ocrx_word' id='word_1_23' title='bbox 252 505 328 564; x_wconf 91' lang='lat' dir='ltr'>ad</span> <span class='ocrx_word' id='word_1_24' title='bbox 351 503 761 562; x_wconf 81' lang='lat' dir='ltr'>tractationem</span> <span class='ocrx_word' id='word_1_25' title='bbox 790 524 929 564; x_wconf 83' lang='lat' dir='ltr'>vere</span> <span class='ocrx_word' id='word_1_26' title='bbox 955 504 1333 563; x_wconf 88' lang='lat' dir='ltr'>scientificam</span> <span class='ocrx_word' id='word_1_27' title='bbox 1363 504 1614 566; x_wconf 84' lang='lat' dir='ltr'><strong>evehere</strong></span> <span class='ocrx_word' id='word_1_28' title='bbox 1637 551 1652 579; x_wconf 85' lang='lat'>.,</span> <span class='ocrx_word' id='word_1_29' title='bbox 1683 506 1745 564; x_wconf 83' lang='lat' dir='ltr'>si&#39;</span> <span class='ocrx_word' id='word_1_30' title='bbox 1768 505 1902 565; x_wconf 88' lang='lat' dir='ltr'>l⁰id</span> <span class='ocrx_word' id='word_1_31' title='bbox 1928 507 2101 570; x_wconf 88' lang='lat' dir='ltr'>valde</span> <span class='ocrx_word' id='word_1_32' title='bbox 2131 514 2391 573; x_wconf 88' lang='lat' dir='ltr'>conferat</span> 
     </span>
     <span class='ocr_line' id='line_1_6' title="bbox 255 599 2393 683; baseline 0.003 -25"><span class='ocrx_word' id='word_1_33' title='bbox 255 601 329 658; x_wconf 89' lang='lat' dir='ltr'>ad</span> <span class='ocrx_word' id='word_1_34' title='bbox 358 600 537 681; x_wconf 88' lang='lat' dir='ltr'>ipsius</span> <span class='ocrx_word' id='word_1_35' title='bbox 557 599 841 660; x_wconf 86' lang='lat' dir='ltr'>doctrinae</span> <span class='ocrx_word' id='word_1_36' title='bbox 868 599 1214 680; x_wconf 80' lang='lat' dir='ltr'>dignitatem</span> <span class='ocrx_word' id='word_1_37' title='bbox 1242 611 1301 660; x_wconf 91' lang='lat' dir='ltr'>et</span> <span class='ocrx_word' id='word_1_38' title='bbox 1329 601 1945 675; x_wconf 78' lang='lat' dir='ltr'>commendationem3</span> <span class='ocrx_word' id='word_1_39' title='bbox 1975 603 2022 661; x_wconf 89' lang='lat' dir='ltr'>si</span> <span class='ocrx_word' id='word_1_40' title='bbox 2043 605 2114 661; x_wconf 81' lang='lat'>2⁰</span> <span class='ocrx_word' id='word_1_41' title='bbox 2131 608 2393 683; x_wconf 85' lang='lat' dir='ltr'>ejusdem</span> 
     </span>
     <span class='ocr_line' id='line_1_7' title="bbox 251 694 2392 774; baseline 0.004 -21"><span class='ocrx_word' id='word_1_42' title='bbox 251 695 530 755; x_wconf 71' lang='lat' dir='ltr'>doctrinae</span> <span class='ocrx_word' id='word_1_43' title='bbox 577 706 823 764; x_wconf 68' lang='lat' dir='ltr'>natura,</span> <span class='ocrx_word' id='word_1_44' title='bbox 864 717 987 754; x_wconf 89' lang='lat' dir='ltr'>non</span> <span class='ocrx_word' id='word_1_45' title='bbox 1020 694 1215 755; x_wconf 84' lang='lat' dir='ltr'>obstet</span> <span class='ocrx_word' id='word_1_46' title='bbox 1237 741 1253 771; x_wconf 72' lang='lat'>,</span> <span class='ocrx_word' id='word_1_47' title='bbox 1304 696 1407 769; x_wconf 85' lang='lat' dir='ltr'>sed</span> <span class='ocrx_word' id='word_1_48' title='bbox 1456 697 1518 755; x_wconf 86' lang='lat' dir='ltr'>in</span> <span class='ocrx_word' id='word_1_49' title='bbox 1553 696 1616 756; x_wconf 88' lang='lat' dir='ltr'>id</span> <span class='ocrx_word' id='word_1_50' title='bbox 1654 720 1760 756; x_wconf 91' lang='lat' dir='ltr'>nos</span> <span class='ocrx_word' id='word_1_51' title='bbox 1787 698 2112 774; x_wconf 70' lang='lat' dir='ltr'>conducat,</span> <span class='ocrx_word' id='word_1_52' title='bbox 2151 701 2196 760; x_wconf 92' lang='lat' dir='ltr'>si</span> <span class='ocrx_word' id='word_1_53' title='bbox 2223 702 2392 764; x_wconf 90' lang='lat' dir='ltr'>deni-</span> 
     </span>
     <span class='ocr_line' id='line_1_8' title="bbox 251 777 2393 873; baseline 0.004 -24"><span class='ocrx_word' id='word_1_54' title='bbox 251 813 365 872; x_wconf 91' lang='lat' dir='ltr'>que</span> <span class='ocrx_word' id='word_1_55' title='bbox 407 777 474 849; x_wconf 81' lang='lat'>30</span> <span class='ocrx_word' id='word_1_56' title='bbox 504 803 778 850; x_wconf 83' lang='lat' dir='ltr'>constans</span> <span class='ocrx_word' id='word_1_57' title='bbox 829 812 895 849; x_wconf 87' lang='lat' dir='ltr'>ac</span> <span class='ocrx_word' id='word_1_58' title='bbox 931 803 1217 873; x_wconf 89' lang='lat' dir='ltr'>perpetua</span> <span class='ocrx_word' id='word_1_59' title='bbox 1255 794 1498 851; x_wconf 87' lang='lat' dir='ltr'>Patrum</span> <span class='ocrx_word' id='word_1_60' title='bbox 1548 814 1625 855; x_wconf 73' lang='lat' dir='ltr'>ac,</span> <span class='ocrx_word' id='word_1_61' title='bbox 1663 793 1969 854; x_wconf 85' lang='lat' dir='ltr'>doctorum</span> <span class='ocrx_word' id='word_1_62' title='bbox 2005 795 2300 856; x_wconf 85' lang='lat' dir='ltr'>sentiendi</span> <span class='ocrx_word' id='word_1_63' title='bbox 2333 809 2393 859; x_wconf 91' lang='lat' dir='ltr'>et</span> 
     </span>
     <span class='ocr_line' id='line_1_9' title="bbox 257 886 2390 971; baseline 0.004 -26"><span class='ocrx_word' id='word_1_64' title='bbox 257 886 467 968; x_wconf 82' lang='lat' dir='ltr'>agendi</span> <span class='ocrx_word' id='word_1_65' title='bbox 518 888 669 946; x_wconf 88' lang='lat' dir='ltr'>ratio</span> <span class='ocrx_word' id='word_1_66' title='bbox 707 887 766 946; x_wconf 90' lang='lat' dir='ltr'>id</span> <span class='ocrx_word' id='word_1_67' title='bbox 801 887 996 969; x_wconf 90' lang='lat' dir='ltr'>ipsum</span> <span class='ocrx_word' id='word_1_68' title='bbox 1045 890 1304 949; x_wconf 75' lang='lat' dir='ltr'>maxime</span> <span class='ocrx_word' id='word_1_69' title='bbox 1349 888 1612 949; x_wconf 89' lang='lat' dir='ltr'>suadeat.</span> <span class='ocrx_word' id='word_1_70' title='bbox 1669 890 1886 971; x_wconf 74' lang='lat' dir='ltr'>Atqui,</span> <span class='ocrx_word' id='word_1_71' title='bbox 1938 911 2066 951; x_wconf 89' lang='lat' dir='ltr'>rem</span> <span class='ocrx_word' id='word_1_72' title='bbox 2105 891 2185 951; x_wconf 89' lang='lat' dir='ltr'>ita</span> <span class='ocrx_word' id='word_1_73' title='bbox 2232 913 2390 970; x_wconf 75' lang='lat' dir='ltr'>esse,</span> 
     </span>
     <span class='ocr_line' id='line_1_10' title="bbox 255 983 1328 1066; baseline 0.003 -24"><span class='ocrx_word' id='word_1_74' title='bbox 255 983 601 1063; x_wconf 83' lang='lat' dir='ltr'>singillatim</span> <span class='ocrx_word' id='word_1_75' title='bbox 634 984 905 1044; x_wconf 90' lang='lat' dir='ltr'>evincere</span> <span class='ocrx_word' id='word_1_76' title='bbox 931 986 1328 1066; x_wconf 84' lang='lat' dir='ltr'>aggredimur.</span> 
     </span>
    </p>

    <p class='ocr_par' dir='ltr' id='par_1_4' title="bbox 252 1080 2431 2513">
     <span class='ocr_line' id='line_1_11' title="bbox 327 1080 2398 1164; baseline 0.002 -26"><span class='ocrx_word' id='word_1_77' title='bbox 327 1080 472 1140; x_wconf 80' lang='lat'>295.</span> <span class='ocrx_word' id='word_1_78' title='bbox 522 1082 601 1140; x_wconf 89' lang='lat' dir='ltr'>Ac</span> <span class='ocrx_word' id='word_1_79' title='bbox 643 1081 837 1162; x_wconf 88' lang='lat' dir='ltr'>primo</span> <span class='ocrx_word' id='word_1_80' title='bbox 877 1080 1116 1162; x_wconf 89' lang='lat' dir='ltr'>quidem</span> <span class='ocrx_word' id='word_1_81' title='bbox 1167 1081 1341 1141; x_wconf 88' lang='lat' dir='ltr'>valde</span> <span class='ocrx_word' id='word_1_82' title='bbox 1377 1082 1644 1142; x_wconf 89' lang='lat' dir='ltr'>conferre</span> <span class='ocrx_word' id='word_1_83' title='bbox 1688 1083 2070 1144; x_wconf 89' lang='lat' dir='ltr'>scientificam</span> <span class='ocrx_word' id='word_1_84' title='bbox 2108 1082 2398 1164; x_wconf 89' lang='lat' dir='ltr'>ejusmodi</span> 
     </span>
     <span class='ocr_line' id='line_1_12' title="bbox 252 1177 2392 1260; baseline 0.002 -26"><span class='ocrx_word' id='word_1_85' title='bbox 252 1177 667 1237; x_wconf 86' lang='lat' dir='ltr'>tractationem</span> <span class='ocrx_word' id='word_1_86' title='bbox 699 1177 774 1237; x_wconf 88' lang='lat' dir='ltr'>ad</span> <span class='ocrx_word' id='word_1_87' title='bbox 799 1177 980 1260; x_wconf 90' lang='lat' dir='ltr'>ipsius</span> <span class='ocrx_word' id='word_1_88' title='bbox 1012 1177 1294 1237; x_wconf 69' lang='lat' dir='ltr'>doctrinae</span> <span class='ocrx_word' id='word_1_89' title='bbox 1314 1177 1664 1260; x_wconf 85' lang='lat' dir='ltr'>dignitatem</span> <span class='ocrx_word' id='word_1_90' title='bbox 1696 1191 1756 1239; x_wconf 86' lang='lat' dir='ltr'>et</span> <span class='ocrx_word' id='word_1_91' title='bbox 1783 1179 2392 1255; x_wconf 73' lang='lat' dir='ltr'>commendationem,</span> 
     </span>
     <span class='ocr_line' id='line_1_13' title="bbox 255 1264 2431 1357; baseline 0.001 -23"><span class='ocrx_word' id='word_1_92' title='bbox 255 1295 330 1334; x_wconf 87' lang='lat' dir='ltr'>ex</span> <span class='ocrx_word' id='word_1_93' title='bbox 377 1275 502 1357; x_wconf 88' lang='lat' dir='ltr'>ipsa</span> <span class='ocrx_word' id='word_1_94' title='bbox 540 1275 625 1334; x_wconf 93' lang='lat' dir='ltr'>rei</span> <span class='ocrx_word' id='word_1_95' title='bbox 656 1274 899 1334; x_wconf 89' lang='lat' dir='ltr'>notione</span> <span class='ocrx_word' id='word_1_96' title='bbox 936 1274 1261 1353; x_wconf 79' lang='lat' dir='ltr'>evincitur3</span> <span class='ocrx_word' id='word_1_97' title='bbox 1292 1274 1584 1356; x_wconf 86' lang='lat' dir='ltr'>siquidem</span> <span class='ocrx_word' id='word_1_98' title='bbox 1620 1275 1889 1335; x_wconf 84' lang='lat' dir='ltr'>tractatio</span> <span class='ocrx_word' id='word_1_99' title='bbox 1922 1297 2059 1336; x_wconf 90' lang='lat' dir='ltr'>vere</span> <span class='ocrx_word' id='word_1_100' title='bbox 2082 1264 2431 1336; x_wconf 17' lang='lat' dir='ltr'>scientifica*</span> 
     </span>
     <span class='ocr_line' id='line_1_14' title="bbox 253 1371 2396 1455; baseline 0.001 -26"><span class='ocrx_word' id='word_1_101' title='bbox 253 1371 351 1430; x_wconf 91' lang='lat' dir='ltr'>illa</span> <span class='ocrx_word' id='word_1_102' title='bbox 392 1383 665 1431; x_wconf 88' lang='lat' dir='ltr'>censetur</span> <span class='ocrx_word' id='word_1_103' title='bbox 706 1382 767 1431; x_wconf 91' lang='lat' dir='ltr'>et</span> <span class='ocrx_word' id='word_1_104' title='bbox 796 1382 921 1446; x_wconf 67' lang='lat' dir='ltr'>est,</span> <span class='ocrx_word' id='word_1_105' title='bbox 957 1393 1070 1453; x_wconf 89' lang='lat' dir='ltr'>qua</span> <span class='ocrx_word' id='word_1_106' title='bbox 1103 1393 1175 1431; x_wconf 80' lang='lat' dir='ltr'>ex</span> <span class='ocrx_word' id='word_1_107' title='bbox 1206 1371 1506 1454; x_wconf 89' lang='lat' dir='ltr'>principiis</span> <span class='ocrx_word' id='word_1_108' title='bbox 1529 1374 1671 1431; x_wconf 85' lang='lat' dir='ltr'>ratis</span> <span class='ocrx_word' id='word_1_109' title='bbox 1694 1394 1759 1432; x_wconf 91' lang='lat' dir='ltr'>ac</span> <span class='ocrx_word' id='word_1_110' title='bbox 1795 1372 1977 1431; x_wconf 90' lang='lat' dir='ltr'>firmis</span> <span class='ocrx_word' id='word_1_111' title='bbox 2006 1372 2165 1455; x_wconf 89' lang='lat' dir='ltr'>apud</span> <span class='ocrx_word' id='word_1_112' title='bbox 2188 1393 2396 1432; x_wconf 90' lang='lat' dir='ltr'>omnes</span> 
     </span>
     <span class='ocr_line' id='line_1_15' title="bbox 256 1467 2396 1549; baseline -0 -21"><span class='ocrx_word' id='word_1_113' title='bbox 256 1467 633 1528; x_wconf 84' lang='lat' dir='ltr'>deducuntur</span> <span class='ocrx_word' id='word_1_114' title='bbox 652 1468 1088 1549; x_wconf 62' lang='lat' dir='ltr'>consequentias</span> <span class='ocrx_word' id='word_1_115' title='bbox 1102 1511 1128 1540; x_wconf 86' lang='lat'><em>,</em></span> <span class='ocrx_word' id='word_1_116' title='bbox 1165 1489 1293 1549; x_wconf 85' lang='lat' dir='ltr'>quae</span> <span class='ocrx_word' id='word_1_117' title='bbox 1322 1469 1385 1525; x_wconf 91' lang='lat' dir='ltr'>in</span> <span class='ocrx_word' id='word_1_118' title='bbox 1417 1468 1531 1526; x_wconf 91' lang='lat' dir='ltr'>illis</span> <span class='ocrx_word' id='word_1_119' title='bbox 1563 1468 1787 1542; x_wconf 73' lang='lat' dir='ltr'>latent3</span> <span class='ocrx_word' id='word_1_120' title='bbox 1818 1480 2117 1549; x_wconf 90' lang='lat' dir='ltr'>receptum</span> <span class='ocrx_word' id='word_1_121' title='bbox 2146 1467 2396 1549; x_wconf 89' lang='lat' dir='ltr'>proinde</span> 
     </span>
     <span class='ocr_line' id='line_1_16' title="bbox 254 1562 2397 1643; baseline -0.001 -19"><span class='ocrx_word' id='word_1_122' title='bbox 254 1576 378 1639; x_wconf 75' lang='lat' dir='ltr'>est,</span> <span class='ocrx_word' id='word_1_123' title='bbox 413 1578 482 1623; x_wconf 89' lang='lat' dir='ltr'>ut</span> <span class='ocrx_word' id='word_1_124' title='bbox 515 1564 753 1623; x_wconf 91' lang='lat' dir='ltr'>scientia</span> <span class='ocrx_word' id='word_1_125' title='bbox 790 1563 1021 1622; x_wconf 90' lang='lat' dir='ltr'>definiri</span> <span class='ocrx_word' id='word_1_126' title='bbox 1053 1562 1237 1622; x_wconf 82' lang='lat' dir='ltr'>soleat</span> <span class='ocrx_word' id='word_1_127' title='bbox 1260 1563 1510 1643; x_wconf 83' lang='lat' dir='ltr'>cognitio</span> <span class='ocrx_word' id='word_1_128' title='bbox 1535 1574 1694 1623; x_wconf 87' lang='lat' dir='ltr'>certa</span> <span class='ocrx_word' id='word_1_129' title='bbox 1719 1575 1778 1623; x_wconf 90' lang='lat' dir='ltr'>et</span> <span class='ocrx_word' id='word_1_130' title='bbox 1806 1562 2047 1623; x_wconf 86' lang='lat' dir='ltr'>evidens</span> <span class='ocrx_word' id='word_1_131' title='bbox 2079 1565 2162 1623; x_wconf 88' lang='lat' dir='ltr'>rei</span> <span class='ocrx_word' id='word_1_132' title='bbox 2191 1584 2397 1624; x_wconf 81' lang='lat' dir='ltr'>neces-</span> 
     </span>
     <span class='ocr_line' id='line_1_17' title="bbox 257 1657 2396 1741; baseline -0.001 -21"><span class='ocrx_word' id='word_1_133' title='bbox 257 1662 423 1720; x_wconf 81' lang='lat' dir='ltr'>sariae</span> <span class='ocrx_word' id='word_1_134' title='bbox 473 1672 533 1720; x_wconf 87' lang='lat' dir='ltr'>et</span> <span class='ocrx_word' id='word_1_135' title='bbox 568 1657 955 1718; x_wconf 88' lang='lat' dir='ltr'>immutabilis</span> <span class='ocrx_word' id='word_1_136' title='bbox 985 1679 1093 1741; x_wconf 91' lang='lat' dir='ltr'>per</span> <span class='ocrx_word' id='word_1_137' title='bbox 1137 1659 1405 1740; x_wconf 90' lang='lat' dir='ltr'>proprias</span> <span class='ocrx_word' id='word_1_138' title='bbox 1432 1658 1614 1740; x_wconf 89' lang='lat' dir='ltr'>ipsius</span> <span class='ocrx_word' id='word_1_139' title='bbox 1654 1680 1878 1717; x_wconf 78' lang='lat' dir='ltr'>causas,</span> <span class='ocrx_word' id='word_1_140' title='bbox 1930 1660 1995 1717; x_wconf 90' lang='lat' dir='ltr'>In</span> <span class='ocrx_word' id='word_1_141' title='bbox 2031 1679 2169 1718; x_wconf 89' lang='lat' dir='ltr'>casu</span> <span class='ocrx_word' id='word_1_142' title='bbox 2197 1669 2396 1718; x_wconf 90' lang='lat' dir='ltr'>autem</span> 
     </span>
     <span class='ocr_line' id='line_1_18' title="bbox 255 1752 2402 1835; baseline -0.003 -18"><span class='ocrx_word' id='word_1_143' title='bbox 255 1767 460 1817; x_wconf 89' lang='lat' dir='ltr'>nostro</span> <span class='ocrx_word' id='word_1_144' title='bbox 489 1755 778 1835; x_wconf 86' lang='lat' dir='ltr'>ejusmodi</span> <span class='ocrx_word' id='word_1_145' title='bbox 800 1775 985 1814; x_wconf 87' lang='lat' dir='ltr'>causae</span> <span class='ocrx_word' id='word_1_146' title='bbox 1017 1775 1121 1814; x_wconf 91' lang='lat' dir='ltr'>seu</span> <span class='ocrx_word' id='word_1_147' title='bbox 1145 1754 1432 1835; x_wconf 91' lang='lat' dir='ltr'>principia</span> <span class='ocrx_word' id='word_1_148' title='bbox 1465 1764 1607 1812; x_wconf 86' lang='lat' dir='ltr'>sunt</span> <span class='ocrx_word' id='word_1_149' title='bbox 1642 1753 1915 1813; x_wconf 89' lang='lat' dir='ltr'>veritates</span> <span class='ocrx_word' id='word_1_150' title='bbox 1939 1753 2080 1834; x_wconf 87' lang='lat' dir='ltr'>ipsae</span> <span class='ocrx_word' id='word_1_151' title='bbox 2119 1752 2402 1813; x_wconf 91' lang='lat' dir='ltr'>divinitus</span> 
     </span>
     <span class='ocr_line' id='line_1_19' title="bbox 255 1848 2398 1933; baseline -0.002 -19"><span class='ocrx_word' id='word_1_152' title='bbox 255 1853 529 1915; x_wconf 81' lang='lat' dir='ltr'>revelatae</span> <span class='ocrx_word' id='word_1_153' title='bbox 565 1854 687 1931; x_wconf 81' lang='lat'><strong>(1);</strong></span> <span class='ocrx_word' id='word_1_154' title='bbox 724 1872 900 1933; x_wconf 90' lang='lat' dir='ltr'>porro</span> <span class='ocrx_word' id='word_1_155' title='bbox 945 1871 1041 1910; x_wconf 89' lang='lat' dir='ltr'>eas</span> <span class='ocrx_word' id='word_1_156' title='bbox 1086 1848 1271 1910; x_wconf 88' lang='lat' dir='ltr'>veluti</span> <span class='ocrx_word' id='word_1_157' title='bbox 1314 1848 1604 1931; x_wconf 88' lang='lat' dir='ltr'>principia</span> <span class='ocrx_word' id='word_1_158' title='bbox 1651 1870 1982 1925; x_wconf 68' lang='lat' dir='ltr'>assumere,</span> <span class='ocrx_word' id='word_1_159' title='bbox 2020 1869 2224 1909; x_wconf 89' lang='lat' dir='ltr'>earum</span> <span class='ocrx_word' id='word_1_160' title='bbox 2275 1849 2398 1912; x_wconf 86' lang='lat' dir='ltr'>vim</span> 
     </span>
     <span class='ocr_line' id='line_1_20' title="bbox 257 1945 2398 2031; baseline -0.002 -20"><span class='ocrx_word' id='word_1_161' title='bbox 257 1949 584 2026; x_wconf 87' lang='lat' dir='ltr'>declarare,</span> <span class='ocrx_word' id='word_1_162' title='bbox 640 1947 1087 2031; x_wconf 89' lang='lat' dir='ltr'>dispositionem</span> <span class='ocrx_word' id='word_1_163' title='bbox 1148 1945 1475 2029; x_wconf 85' lang='lat' dir='ltr'>patefacere</span> <span class='ocrx_word' id='word_1_164' title='bbox 1499 1991 1515 2019; x_wconf 79' lang='lat'>‚</span> <span class='ocrx_word' id='word_1_165' title='bbox 1569 1958 1957 2028; x_wconf 88' lang='lat' dir='ltr'>mutuamque</span> <span class='ocrx_word' id='word_1_166' title='bbox 2013 1946 2398 2021; x_wconf 78' lang='lat' dir='ltr'>relationem,</span> 
     </span>
     <span class='ocr_line' id='line_1_21' title="bbox 257 2042 2404 2130; baseline -0.003 -22"><span class='ocrx_word' id='word_1_167' title='bbox 257 2047 722 2130; x_wconf 88' lang='lat' dir='ltr'>dependentiam</span> <span class='ocrx_word' id='word_1_168' title='bbox 773 2066 839 2104; x_wconf 91' lang='lat' dir='ltr'>ac</span> <span class='ocrx_word' id='word_1_169' title='bbox 871 2065 1095 2128; x_wconf 86' lang='lat' dir='ltr'>nexum</span> <span class='ocrx_word' id='word_1_170' title='bbox 1139 2043 1483 2120; x_wconf 81' lang='lat' dir='ltr'>ostendere3</span> <span class='ocrx_word' id='word_1_171' title='bbox 1527 2042 1778 2104; x_wconf 87' lang='lat' dir='ltr'>latentes</span> <span class='ocrx_word' id='word_1_172' title='bbox 1829 2042 2083 2125; x_wconf 90' lang='lat' dir='ltr'>denique</span> <span class='ocrx_word' id='word_1_173' title='bbox 2125 2063 2404 2103; x_wconf 90' lang='lat' dir='ltr'>consecu-</span> 
     </span>
     <span class='ocr_line' id='line_1_22' title="bbox 256 2139 2396 2222; baseline -0.002 -17"><span class='ocrx_word' id='word_1_174' title='bbox 256 2145 446 2204; x_wconf 91' lang='lat' dir='ltr'>tiones</span> <span class='ocrx_word' id='word_1_175' title='bbox 489 2165 560 2204; x_wconf 86' lang='lat' dir='ltr'>ex</span> <span class='ocrx_word' id='word_1_176' title='bbox 601 2142 713 2201; x_wconf 91' lang='lat' dir='ltr'>illis</span> <span class='ocrx_word' id='word_1_177' title='bbox 763 2141 1089 2214; x_wconf 79' lang='lat' dir='ltr'>deducere3</span> <span class='ocrx_word' id='word_1_178' title='bbox 1145 2140 1409 2199; x_wconf 89' lang='lat' dir='ltr'>conferre</span> <span class='ocrx_word' id='word_1_179' title='bbox 1451 2141 1598 2199; x_wconf 85' lang='lat' dir='ltr'>item</span> <span class='ocrx_word' id='word_1_180' title='bbox 1643 2161 1778 2200; x_wconf 91' lang='lat' dir='ltr'>cum</span> <span class='ocrx_word' id='word_1_181' title='bbox 1819 2140 2076 2200; x_wconf 90' lang='lat' dir='ltr'>scientiis</span> <span class='ocrx_word' id='word_1_182' title='bbox 2123 2139 2396 2222; x_wconf 78' lang='lat' dir='ltr'>reliquiS‚</span> 
     </span>
     <span class='ocr_line' id='line_1_23' title="bbox 258 2236 2403 2324; baseline -0.002 -24"><span class='ocrx_word' id='word_1_183' title='bbox 258 2251 439 2324; x_wconf 89' lang='lat' dir='ltr'>prout</span> <span class='ocrx_word' id='word_1_184' title='bbox 473 2238 782 2298; x_wconf 67' lang='lat' dir='ltr'>substratae</span> <span class='ocrx_word' id='word_1_185' title='bbox 824 2237 1086 2296; x_wconf 84' lang='lat' dir='ltr'>materiae</span> <span class='ocrx_word' id='word_1_186' title='bbox 1117 2247 1329 2295; x_wconf 87' lang='lat' dir='ltr'>natura</span> <span class='ocrx_word' id='word_1_187' title='bbox 1359 2236 1618 2319; x_wconf 78' lang='lat' dir='ltr'>patitur3</span> <span class='ocrx_word' id='word_1_188' title='bbox 1668 2236 2029 2320; x_wconf 67' lang='lat' dir='ltr'>analogiam,</span> <span class='ocrx_word' id='word_1_189' title='bbox 2061 2259 2240 2319; x_wconf 89' lang='lat' dir='ltr'>quam</span> <span class='ocrx_word' id='word_1_190' title='bbox 2268 2257 2403 2296; x_wconf 90' lang='lat' dir='ltr'>cum</span> 
     </span>
     <span class='ocr_line' id='line_1_24' title="bbox 253 2331 2398 2415; baseline -0.002 -18"><span class='ocrx_word' id='word_1_191' title='bbox 253 2337 370 2397; x_wconf 92' lang='lat' dir='ltr'>illis</span> <span class='ocrx_word' id='word_1_192' title='bbox 399 2335 656 2408; x_wconf 78' lang='lat' dir='ltr'>hahent7</span> <span class='ocrx_word' id='word_1_193' title='bbox 700 2345 1196 2406; x_wconf 79' lang='lat' dir='ltr'>commonstrare3</span> <span class='ocrx_word' id='word_1_194' title='bbox 1242 2331 1470 2415; x_wconf 88' lang='lat' dir='ltr'>aliaque</span> <span class='ocrx_word' id='word_1_195' title='bbox 1509 2332 1799 2412; x_wconf 84' lang='lat' dir='ltr'>ejusmodi</span> <span class='ocrx_word' id='word_1_196' title='bbox 1831 2345 2143 2415; x_wconf 77' lang='lat' dir='ltr'>praestare,</span> <span class='ocrx_word' id='word_1_197' title='bbox 2185 2331 2398 2415; x_wconf 90' lang='lat' dir='ltr'>quibus</span> 
     </span>
     <span class='ocr_line' id='line_1_25' title="bbox 258 2427 2404 2513; baseline -0.003 -20"><span class='ocrx_word' id='word_1_198' title='bbox 258 2433 396 2493; x_wconf 90' lang='lat' dir='ltr'>fidei</span> <span class='ocrx_word' id='word_1_199' title='bbox 451 2431 676 2512; x_wconf 89' lang='lat' dir='ltr'>objecta</span> <span class='ocrx_word' id='word_1_200' title='bbox 698 2477 714 2506; x_wconf 82' lang='lat'>.,</span> <span class='ocrx_word' id='word_1_201' title='bbox 774 2430 1050 2512; x_wconf 84' lang='lat' dir='ltr'>Mysteria</span> <span class='ocrx_word' id='word_1_202' title='bbox 1112 2430 1439 2513; x_wconf 54' lang='lat' dir='ltr'>praecipue2</span> <span class='ocrx_word' id='word_1_203' title='bbox 1494 2451 1617 2489; x_wconf 90' lang='lat' dir='ltr'>non</span> <span class='ocrx_word' id='word_1_204' title='bbox 1675 2429 1852 2490; x_wconf 91' lang='lat' dir='ltr'>modo</span> <span class='ocrx_word' id='word_1_205' title='bbox 1915 2428 2254 2506; x_wconf 66' lang='lat' dir='ltr'>credibilia,</span> <span class='ocrx_word' id='word_1_206' title='bbox 2299 2427 2404 2489; x_wconf 89' lang='lat' dir='ltr'>sed</span> 
     </span>
    </p>
   </div>
   <div class='ocr_carea' id='block_1_4' title="bbox 256 2695 1293 3758">
    <p class='ocr_par' dir='ltr' id='par_1_5' title="bbox 256 2695 1293 3758">
     <span class='ocr_line' id='line_1_26' title="bbox 258 2695 1285 2762; baseline -0.002 -17"><span class='ocrx_word' id='word_1_207' title='bbox 258 2695 485 2755; x_wconf 53' lang='lat' dir='ltr'>infensam</span> <span class='ocrx_word' id='word_1_208' title='bbox 502 2712 607 2762; x_wconf 89' lang='lat' dir='ltr'>quae</span> <span class='ocrx_word' id='word_1_209' title='bbox 628 2707 788 2745; x_wconf 86' lang='lat' dir='ltr'>auctor</span> <span class='ocrx_word' id='word_1_210' title='bbox 809 2698 858 2743; x_wconf 90' lang='lat' dir='ltr'>in</span> <span class='ocrx_word' id='word_1_211' title='bbox 886 2695 1152 2761; x_wconf 85' lang='lat' dir='ltr'>praesatione</span> <span class='ocrx_word' id='word_1_212' title='bbox 1171 2711 1285 2761; x_wconf 82' lang='lat' dir='ltr'>prae-</span> 
     </span>
     <span class='ocr_line' id='line_1_27' title="bbox 258 2778 1285 2844; baseline 0 -17"><span class='ocrx_word' id='word_1_213' title='bbox 258 2781 419 2828; x_wconf 83' lang='lat' dir='ltr'>sertim</span> <span class='ocrx_word' id='word_1_214' title='bbox 451 2779 562 2827; x_wconf 87' lang='lat' dir='ltr'>dicit</span> <span class='ocrx_word' id='word_1_215' title='bbox 600 2779 657 2827; x_wconf 91' lang='lat' dir='ltr'>de</span> <span class='ocrx_word' id='word_1_216' title='bbox 687 2779 963 2844; x_wconf 66' lang='lat' dir='ltr'>dogmatum</span> <span class='ocrx_word' id='word_1_217' title='bbox 989 2778 1285 2827; x_wconf 77' lang='lat' dir='ltr'>christiano-</span> 
     </span>
     <span class='ocr_line' id='line_1_28' title="bbox 257 2861 1284 2928; baseline -0.001 -18"><span class='ocrx_word' id='word_1_218' title='bbox 257 2880 370 2911; x_wconf 75' lang='lat' dir='ltr'>rum</span> <span class='ocrx_word' id='word_1_219' title='bbox 398 2863 538 2911; x_wconf 87' lang='lat' dir='ltr'>veluti</span> <span class='ocrx_word' id='word_1_220' title='bbox 558 2861 799 2928; x_wconf 74' lang='lat' dir='ltr'>phasibus</span> <span class='ocrx_word' id='word_1_221' title='bbox 812 2898 826 2920; x_wconf 90' lang='lat'><strong><em>,</em></strong></span> <span class='ocrx_word' id='word_1_222' title='bbox 846 2862 904 2912; x_wconf 89' lang='lat' dir='ltr'>de</span> <span class='ocrx_word' id='word_1_223' title='bbox 922 2861 1110 2910; x_wconf 88' lang='lat' dir='ltr'>illorum</span> <span class='ocrx_word' id='word_1_224' title='bbox 1126 2861 1284 2910; x_wconf 86' lang='lat' dir='ltr'>elabo-</span> 
     </span>
     <span class='ocr_line' id='line_1_29' title="bbox 256 2946 1282 3012; baseline -0.002 -18"><span class='ocrx_word' id='word_1_225' title='bbox 256 2948 445 2995; x_wconf 79' lang='lat' dir='ltr'>ratione</span> <span class='ocrx_word' id='word_1_226' title='bbox 468 2963 553 3011; x_wconf 83' lang='lat' dir='ltr'>ope</span> <span class='ocrx_word' id='word_1_227' title='bbox 572 2946 920 3012; x_wconf 72' lang='lat' dir='ltr'>philosophice,</span> <span class='ocrx_word' id='word_1_228' title='bbox 949 2946 1007 2994; x_wconf 91' lang='lat' dir='ltr'>de</span> <span class='ocrx_word' id='word_1_229' title='bbox 1036 2961 1282 3010; x_wconf 78' lang='lat' dir='ltr'>oompene·</span> 
     </span>
     <span class='ocr_line' id='line_1_30' title="bbox 259 3027 1287 3096; baseline 0 -20"><span class='ocrx_word' id='word_1_230' title='bbox 259 3030 467 3078; x_wconf 77' lang='lat' dir='ltr'>tratione</span> <span class='ocrx_word' id='word_1_231' title='bbox 502 3029 625 3093; x_wconf 83' lang='lat' dir='ltr'>fidei</span> <span class='ocrx_word' id='word_1_232' title='bbox 665 3045 722 3076; x_wconf 86' lang='lat' dir='ltr'>ac</span> <span class='ocrx_word' id='word_1_233' title='bbox 762 3027 1087 3096; x_wconf 76' lang='lat' dir='ltr'>philosophiae</span> <span class='ocrx_word' id='word_1_234' title='bbox 1112 3066 1126 3089; x_wconf 86' lang='lat'>,</span> <span class='ocrx_word' id='word_1_235' title='bbox 1186 3046 1287 3095; x_wconf 82' lang='lat' dir='ltr'>quae</span> 
     </span>
     <span class='ocr_line' id='line_1_31' title="bbox 261 3110 1287 3177; baseline -0.001 -18"><span class='ocrx_word' id='word_1_236' title='bbox 261 3122 671 3177; x_wconf 88' lang='lat' dir='ltr'>comparaturcum</span> <span class='ocrx_word' id='word_1_237' title='bbox 689 3110 1100 3177; x_wconf 63' lang='lat' dir='ltr'>ipsahypostatica</span> <span class='ocrx_word' id='word_1_238' title='bbox 1109 3111 1287 3158; x_wconf 76' lang='lat' dir='ltr'>unione</span> 
     </span>
     <span class='ocr_line' id='line_1_32' title="bbox 257 3192 1286 3253; baseline 0 -13"><span class='ocrx_word' id='word_1_239' title='bbox 257 3192 285 3240; x_wconf 90' lang='lat' dir='ltr'><strong>J</strong></span> <span class='ocrx_word' id='word_1_240' title='bbox 291 3211 370 3242; x_wconf 89' lang='lat' dir='ltr'>esu</span> <span class='ocrx_word' id='word_1_241' title='bbox 403 3194 600 3253; x_wconf 77' lang='lat' dir='ltr'>Christi,</span> <span class='ocrx_word' id='word_1_242' title='bbox 631 3211 685 3242; x_wconf 88' lang='lat' dir='ltr'>ac</span> <span class='ocrx_word' id='word_1_243' title='bbox 710 3193 995 3242; x_wconf 80' lang='lat' dir='ltr'>idiomatum</span> <span class='ocrx_word' id='word_1_244' title='bbox 1019 3194 1286 3242; x_wconf 77' lang='lat' dir='ltr'>communi-</span> 
     </span>
     <span class='ocr_line' id='line_1_33' title="bbox 260 3276 1288 3343; baseline 0.002 -20"><span class='ocrx_word' id='word_1_245' title='bbox 260 3277 388 3323; x_wconf 74' lang='lat' dir='ltr'>catio</span> <span class='ocrx_word' id='word_1_246' title='bbox 420 3276 479 3323; x_wconf 85' lang='lat' dir='ltr'>ab</span> <span class='ocrx_word' id='word_1_247' title='bbox 517 3295 569 3325; x_wconf 88' lang='lat' dir='ltr'>eo</span> <span class='ocrx_word' id='word_1_248' title='bbox 604 3277 808 3334; x_wconf 85' lang='lat' dir='ltr'>dicitur,</span> <span class='ocrx_word' id='word_1_249' title='bbox 841 3278 1022 3343; x_wconf 85' lang='lat' dir='ltr'>aliaque</span> <span class='ocrx_word' id='word_1_250' title='bbox 1058 3278 1104 3325; x_wconf 92' lang='lat' dir='ltr'>id</span> <span class='ocrx_word' id='word_1_251' title='bbox 1142 3295 1288 3342; x_wconf 81' lang='lat' dir='ltr'>genus</span> 
     </span>
     <span class='ocr_line' id='line_1_34' title="bbox 261 3358 1289 3426; baseline 0 -19"><span class='ocrx_word' id='word_1_252' title='bbox 261 3358 410 3407; x_wconf 87' lang='lat' dir='ltr'>multa</span> <span class='ocrx_word' id='word_1_253' title='bbox 448 3358 675 3423; x_wconf 82' lang='lat' dir='ltr'>legitimos</span> <span class='ocrx_word' id='word_1_254' title='bbox 705 3360 824 3410; x_wconf 83' lang='lat' dir='ltr'>fines</span> <span class='ocrx_word' id='word_1_255' title='bbox 860 3359 1199 3426; x_wconf 65' lang='lat' dir='ltr'>undequaque·</span> <span class='ocrx_word' id='word_1_256' title='bbox 1212 3377 1289 3408; x_wconf 84' lang='lat' dir='ltr'>ex-</span> 
     </span>
     <span class='ocr_line' id='line_1_35' title="bbox 262 3439 1288 3506; baseline -0.001 -17"><span class='ocrx_word' id='word_1_257' title='bbox 262 3440 456 3489; x_wconf 82' lang='lat' dir='ltr'>cedunt.</span> <span class='ocrx_word' id='word_1_258' title='bbox 471 3439 565 3487; x_wconf 89' lang='lat' dir='ltr'>Nos</span> <span class='ocrx_word' id='word_1_259' title='bbox 587 3442 806 3506; x_wconf 88' lang='lat' dir='ltr'>equidem</span> <span class='ocrx_word' id='word_1_260' title='bbox 832 3459 858 3489; x_wconf 86' lang='lat' dir='ltr'>a</span> <span class='ocrx_word' id='word_1_261' title='bbox 878 3440 1181 3506; x_wconf 67' lang='lat' dir='ltr'>philosophiae</span> <span class='ocrx_word' id='word_1_262' title='bbox 1200 3457 1288 3489; x_wconf 87' lang='lat' dir='ltr'>usu</span> 
     </span>
     <span class='ocr_line' id='line_1_36' title="bbox 261 3525 1287 3592; baseline 0.001 -19"><span class='ocrx_word' id='word_1_263' title='bbox 261 3525 520 3592; x_wconf 85' lang='lat' dir='ltr'>rejiciendo</span> <span class='ocrx_word' id='word_1_264' title='bbox 551 3525 689 3590; x_wconf 88' lang='lat' dir='ltr'>plane</span> <span class='ocrx_word' id='word_1_265' title='bbox 720 3526 1024 3576; x_wconf 87' lang='lat' dir='ltr'>abhorremus</span> <span class='ocrx_word' id='word_1_266' title='bbox 1045 3562 1058 3584; x_wconf 92' lang='lat'><strong><em>‚</em></strong></span> <span class='ocrx_word' id='word_1_267' title='bbox 1084 3529 1153 3574; x_wconf 89' lang='lat' dir='ltr'>uti</span> <span class='ocrx_word' id='word_1_268' title='bbox 1187 3533 1287 3574; x_wconf 83' lang='lat' dir='ltr'>m&#39;a-</span> 
     </span>
     <span class='ocr_line' id='line_1_37' title="bbox 259 3607 1293 3673; baseline 0.001 -17"><span class='ocrx_word' id='word_1_269' title='bbox 259 3609 425 3657; x_wconf 87' lang='lat' dir='ltr'>nifeste</span> <span class='ocrx_word' id='word_1_270' title='bbox 460 3617 619 3673; x_wconf 76' lang='lat' dir='ltr'>patet3</span> <span class='ocrx_word' id='word_1_271' title='bbox 659 3608 832 3658; x_wconf 87' lang='lat' dir='ltr'>abusus</span> <span class='ocrx_word' id='word_1_272' title='bbox 866 3621 1023 3658; x_wconf 87' lang='lat' dir='ltr'>tamen</span> <span class='ocrx_word' id='word_1_273' title='bbox 1055 3607 1293 3673; x_wconf 85' lang='lat' dir='ltr'>improba·</span> 
     </span>
     <span class='ocr_line' id='line_1_38' title="bbox 262 3691 1262 3758; baseline -0.002 -18"><span class='ocrx_word' id='word_1_274' title='bbox 262 3709 366 3741; x_wconf 88' lang='lat' dir='ltr'>mus</span> <span class='ocrx_word' id='word_1_275' title='bbox 401 3703 448 3742; x_wconf 89' lang='lat' dir='ltr'>et</span> <span class='ocrx_word' id='word_1_276' title='bbox 474 3709 654 3758; x_wconf 84' lang='lat' dir='ltr'>semper</span> <span class='ocrx_word' id='word_1_277' title='bbox 676 3692 1066 3758; x_wconf 84' lang='lat' dir='ltr'>improbabimus.</span> <span class='ocrx_word' id='word_1_278' title='bbox 1090 3691 1172 3740; x_wconf 80' lang='lat' dir='ltr'>Ast</span> <span class='ocrx_word' id='word_1_279' title='bbox 1190 3692 1262 3739; x_wconf 85' lang='lat' dir='ltr'>hae</span> 
     </span>
    </p>
   </div>
   <div class='ocr_carea' id='block_1_5' title="bbox 1371 2692 2406 3656">
    <p class='ocr_par' dir='ltr' id='par_1_6' title="bbox 1371 2692 2406 3258">
     <span class='ocr_line' id='line_1_39' title="bbox 1374 2692 2406 2760; baseline -0.001 -17"><span class='ocrx_word' id='word_1_280' title='bbox 1374 2694 1628 2758; x_wconf 81' lang='lat' dir='ltr'>sufficiant3</span> <span class='ocrx_word' id='word_1_281' title='bbox 1650 2693 1883 2760; x_wconf 84' lang='lat' dir='ltr'>siquidem</span> <span class='ocrx_word' id='word_1_282' title='bbox 1905 2693 1964 2743; x_wconf 87' lang='lat' dir='ltr'>de</span> <span class='ocrx_word' id='word_1_283' title='bbox 1980 2694 2068 2742; x_wconf 92' lang='lat' dir='ltr'>hoc</span> <span class='ocrx_word' id='word_1_284' title='bbox 2084 2692 2250 2743; x_wconf 86' lang='lat' dir='ltr'>eodem</span> <span class='ocrx_word' id='word_1_285' title='bbox 2272 2709 2406 2759; x_wconf 84' lang='lat' dir='ltr'>opere</span> 
     </span>
     <span class='ocr_line' id='line_1_40' title="bbox 1371 2773 2406 2841; baseline -0.004 -15"><span class='ocrx_word' id='word_1_286' title='bbox 1371 2778 1518 2826; x_wconf 79' lang='lat' dir='ltr'>crisis</span> <span class='ocrx_word' id='word_1_287' title='bbox 1543 2777 1664 2827; x_wconf 85' lang='lat' dir='ltr'>edita</span> <span class='ocrx_word' id='word_1_288' title='bbox 1690 2787 1757 2825; x_wconf 87' lang='lat' dir='ltr'>est</span> <span class='ocrx_word' id='word_1_289' title='bbox 1781 2779 1830 2824; x_wconf 89' lang='lat' dir='ltr'>in</span> <span class='ocrx_word' id='word_1_290' title='bbox 1851 2775 2052 2841; x_wconf 85' lang='lat' dir='ltr'>Ephem.</span> <span class='ocrx_word' id='word_1_291' title='bbox 2072 2775 2271 2826; x_wconf 86' lang='lat' dir='ltr'>Roman.</span> <span class='ocrx_word' id='word_1_292' title='bbox 2294 2773 2406 2824; x_wconf 73' lang='lat' dir='ltr'>An-</span> 
     </span>
     <span class='ocr_line' id='line_1_41' title="bbox 1373 2857 2402 2925; baseline -0.002 -16"><span class='ocrx_word' id='word_1_293' title='bbox 1373 2862 1483 2909; x_wconf 76' lang='lat' dir='ltr'>na&#39;li</span> <span class='ocrx_word' id='word_1_294' title='bbox 1490 2859 1606 2909; x_wconf 85' lang='lat' dir='ltr'>delle</span> <span class='ocrx_word' id='word_1_295' title='bbox 1618 2862 1808 2909; x_wconf 65' lang='lat' dir='ltr'>sciense</span> <span class='ocrx_word' id='word_1_296' title='bbox 1818 2859 2055 2925; x_wconf 63' lang='lat' dir='ltr'>reliquom,</span> <span class='ocrx_word' id='word_1_297' title='bbox 2071 2878 2202 2908; x_wconf 89' lang='lat' dir='ltr'>num.</span> <span class='ocrx_word' id='word_1_298' title='bbox 2214 2861 2279 2924; x_wconf 84' lang='lat'>39</span> <span class='ocrx_word' id='word_1_299' title='bbox 2287 2857 2402 2907; x_wconf 87' lang='lat' dir='ltr'>Nov.</span> 
     </span>
     <span class='ocr_line' id='line_1_42' title="bbox 1373 2941 2401 3007; baseline -0.006 -13"><span class='ocrx_word' id='word_1_300' title='bbox 1373 2963 1398 2994; x_wconf 89' lang='lat' dir='ltr'>e</span> <span class='ocrx_word' id='word_1_301' title='bbox 1426 2945 1531 2995; x_wconf 89' lang='lat' dir='ltr'>Dic.</span> <span class='ocrx_word' id='word_1_302' title='bbox 1567 2941 1686 3007; x_wconf 76' lang='grc'><strong>1841</strong></span> <span class='ocrx_word' id='word_1_303' title='bbox 1714 2982 1727 3004; x_wconf 82' lang='lat'>,</span> <span class='ocrx_word' id='word_1_304' title='bbox 1756 2963 1781 2993; x_wconf 90' lang='lat' dir='ltr'>a</span> <span class='ocrx_word' id='word_1_305' title='bbox 1808 2945 1964 2993; x_wconf 87' lang='lat' dir='ltr'>claris.</span> <span class='ocrx_word' id='word_1_306' title='bbox 1990 2954 2176 2992; x_wconf 84' lang='lat' dir='ltr'>auctore</span> <span class='ocrx_word' id='word_1_307' title='bbox 2193 2941 2401 3006; x_wconf 87' lang='lat' dir='ltr'>ejusdem</span> 
     </span>
     <span class='ocr_line' id='line_1_43' title="bbox 1373 3024 2400 3076; baseline -0.006 0"><span class='ocrx_word' id='word_1_308' title='bbox 1373 3030 1575 3076; x_wconf 86' lang='lat' dir='ltr'>nationis</span> <span class='ocrx_word' id='word_1_309' title='bbox 1605 3028 1835 3075; x_wconf 86' lang='lat' dir='ltr'>confecta.</span> <span class='ocrx_word' id='word_1_310' title='bbox 1869 3026 2015 3076; x_wconf 87' lang='lat' dir='ltr'>Docta</span> <span class='ocrx_word' id='word_1_311' title='bbox 2040 3025 2118 3074; x_wconf 82' lang='lat' dir='ltr'>illa</span> <span class='ocrx_word' id='word_1_312' title='bbox 2145 3024 2400 3072; x_wconf 81' lang='lat' dir='ltr'>dissertatio</span> 
     </span>
     <span class='ocr_line' id='line_1_44' title="bbox 1374 3106 2401 3178; baseline -0.006 -18"><span class='ocrx_word' id='word_1_313' title='bbox 1374 3112 1535 3178; x_wconf 84' lang='lat' dir='ltr'>gallice</span> <span class='ocrx_word' id='word_1_314' title='bbox 1553 3113 1675 3160; x_wconf 84' lang='lat' dir='ltr'>edita</span> <span class='ocrx_word' id='word_1_315' title='bbox 1699 3122 1768 3159; x_wconf 86' lang='lat' dir='ltr'>est</span> <span class='ocrx_word' id='word_1_316' title='bbox 1789 3114 1837 3159; x_wconf 82' lang='lat' dir='ltr'>in</span> <span class='ocrx_word' id='word_1_317' title='bbox 1860 3113 2030 3159; x_wconf 79' lang='lat' dir='ltr'>Revue</span> <span class='ocrx_word' id='word_1_318' title='bbox 2042 3108 2098 3156; x_wconf 84' lang='lat' dir='ltr'>de</span> <span class='ocrx_word' id='word_1_319' title='bbox 2117 3106 2373 3155; x_wconf 75' lang='lat' dir='ltr'>Bruxelles</span> <span class='ocrx_word' id='word_1_320' title='bbox 2386 3128 2401 3148; x_wconf 61' lang='grc' dir='ltr'>ν</span> 
     </span>
     <span class='ocr_line' id='line_1_45' title="bbox 1373 3188 2399 3258; baseline -0.007 -13"><span class='ocrx_word' id='word_1_321' title='bbox 1373 3199 1484 3245; x_wconf 86' lang='lat' dir='ltr'>anni</span> <span class='ocrx_word' id='word_1_322' title='bbox 1509 3192 1661 3258; x_wconf 73' lang='lat'><strong>1842,</strong></span> <span class='ocrx_word' id='word_1_323' title='bbox 1682 3204 1797 3245; x_wconf 88' lang='lat' dir='ltr'>tom.</span> <span class='ocrx_word' id='word_1_324' title='bbox 1828 3211 1873 3253; x_wconf 85' lang='lat'>1,</span> <span class='ocrx_word' id='word_1_325' title='bbox 1901 3211 1944 3258; x_wconf 88' lang='lat' dir='ltr'>p.</span> <span class='ocrx_word' id='word_1_326' title='bbox 1969 3189 2089 3258; x_wconf 74' lang='grc'>149,</span> <span class='ocrx_word' id='word_1_327' title='bbox 2110 3188 2207 3238; x_wconf 85' lang='grc'>252</span> <span class='ocrx_word' id='word_1_328' title='bbox 2224 3189 2399 3254; x_wconf 60' lang='lat'><strong>&amp;422-</strong></span> 
     </span>
    </p>

    <p class='ocr_par' dir='ltr' id='par_1_7' title="bbox 1375 3269 2402 3656">
     <span class='ocr_line' id='line_1_46' title="bbox 1446 3269 2402 3342; baseline -0.005 -17"><span class='ocrx_word' id='word_1_329' title='bbox 1446 3277 1513 3342; x_wconf 91' lang='lat' dir='ltr'>(l)</span> <span class='ocrx_word' id='word_1_330' title='bbox 1536 3277 1635 3326; x_wconf 83' lang='lat' dir='ltr'>Cfr.</span> <span class='ocrx_word' id='word_1_331' title='bbox 1651 3277 1882 3335; x_wconf 85' lang='lat' dir='ltr'>Petavius‚</span> <span class='ocrx_word' id='word_1_332' title='bbox 1901 3273 2221 3338; x_wconf 78' lang='lat' dir='ltr'>prolegomen.</span> <span class='ocrx_word' id='word_1_333' title='bbox 2235 3291 2334 3337; x_wconf 86' lang='lat' dir='ltr'>cap.</span> <span class='ocrx_word' id='word_1_334' title='bbox 2347 3269 2402 3332; x_wconf 89' lang='grc'>8,</span> 
     </span>
     <span class='ocr_line' id='line_1_47' title="bbox 1375 3356 2398 3425; baseline -0.007 -16"><span class='ocrx_word' id='word_1_335' title='bbox 1375 3360 1458 3409; x_wconf 88' lang='lat' dir='ltr'>ubi</span> <span class='ocrx_word' id='word_1_336' title='bbox 1497 3362 1684 3425; x_wconf 87' lang='lat' dir='ltr'>exponit</span> <span class='ocrx_word' id='word_1_337' title='bbox 1714 3356 2016 3422; x_wconf 86' lang='lat' dir='ltr'>multiplicem</span> <span class='ocrx_word' id='word_1_338' title='bbox 2056 3357 2276 3403; x_wconf 75' lang='lat' dir='ltr'>scientim</span> <span class='ocrx_word' id='word_1_339' title='bbox 2310 3372 2398 3403; x_wconf 88' lang='lat' dir='ltr'>no-</span> 
     </span>
     <span class='ocr_line' id='line_1_48' title="bbox 1377 3437 2398 3506; baseline -0.007 -14"><span class='ocrx_word' id='word_1_340' title='bbox 1377 3445 1517 3492; x_wconf 81' lang='lat' dir='ltr'>minis</span> <span class='ocrx_word' id='word_1_341' title='bbox 1549 3442 1866 3506; x_wconf 86' lang='lat' dir='ltr'>acceptionem</span> <span class='ocrx_word' id='word_1_342' title='bbox 1888 3475 1902 3499; x_wconf 91' lang='lat'>,</span> <span class='ocrx_word' id='word_1_343' title='bbox 1940 3449 1984 3486; x_wconf 90' lang='lat' dir='ltr'>et</span> <span class='ocrx_word' id='word_1_344' title='bbox 2013 3449 2241 3504; x_wconf 84' lang='lat' dir='ltr'>quatenus</span> <span class='ocrx_word' id='word_1_345' title='bbox 2263 3437 2398 3486; x_wconf 87' lang='lat' dir='ltr'>theo-</span> 
     </span>
     <span class='ocr_line' id='line_1_49' title="bbox 1375 3519 2400 3591; baseline -0.006 -18"><span class='ocrx_word' id='word_1_346' title='bbox 1375 3526 1505 3591; x_wconf 86' lang='lat' dir='ltr'>logiae</span> <span class='ocrx_word' id='word_1_347' title='bbox 1526 3532 1758 3588; x_wconf 86' lang='lat' dir='ltr'>competat</span> <span class='ocrx_word' id='word_1_348' title='bbox 1782 3539 1837 3571; x_wconf 82' lang='lat' dir='ltr'>ex</span> <span class='ocrx_word' id='word_1_349' title='bbox 1866 3531 2073 3570; x_wconf 88' lang='lat' dir='ltr'>veterum</span> <span class='ocrx_word' id='word_1_350' title='bbox 2098 3538 2154 3571; x_wconf 88' lang='lat' dir='ltr'>ac</span> <span class='ocrx_word' id='word_1_351' title='bbox 2173 3519 2400 3570; x_wconf 87' lang='lat' dir='ltr'>recentio-</span> 
     </span>
     <span class='ocr_line' id='line_1_50' title="bbox 1377 3607 1757 3656; baseline -0.013 0"><span class='ocrx_word' id='word_1_352' title='bbox 1377 3625 1480 3656; x_wconf 88' lang='lat' dir='ltr'>rum</span> <span class='ocrx_word' id='word_1_353' title='bbox 1509 3607 1757 3655; x_wconf 88' lang='lat' dir='ltr'>sententia.</span> 
     </span>
    </p>
   </div>
  </div>
 </body>
</html>
