2502 4134
302 163 461 200 mur.
510 160 598 197 111.
647 157 798 196 sacr.
851 160 892 195 1.
937 158 1060 195 car.
1106 160 1146 195 1.
1195 136 1267 196 'nn
1312 160 1442 197 aar.
1493 160 1620 196 Art-r.
1663 159 1771 196 rm.
1821 157 2000 198 srnc’r.
2085 139 2203 200 369

94 307 289 366 dinem
309 301 568 378 veritatis
587 299 1062 360 demonstrandae
1085 311 1223 361 ante
1243 300 1805 361 demonstrationem
1828 323 1934 362 nos
1948 301 2195 363 habere:

91 421 228 458 nam
267 409 407 456 tunc
451 394 851 478 psychologice
894 416 959 454 ac
1006 395 1186 474 logice
1230 396 1464 455 nonnisi
1508 395 1921 456 ‘certitudinem
1966 397 2203 476 alicujus

89 495 258 566 facti,
303 514 367 552 ac
410 492 828 573 principiorum
875 491 1294 551 universalium
1345 493 1583 550 rationis
1625 491 1947 569 habemus,
1993 494 2204 576 quibus

89 600 155 647 ut
192 588 385 648 medio
422 587 531 645 rite
564 587 784 644 utimur
820 585 894 644 ad
933 585 1511 646 demonstrationem.
1549 587 1685 645 Haec
1721 599 1918 649 autem
1958 590 2106 649 facta
2141 600 2202 650 et

88 683 370 765 principia
407 704 528 740 non
566 681 890 739 fundantur
923 687 990 740 in
1019 682 1132 758 fide
1149 701 1171 749 ‚·
1206 679 1682 761 quandoquidem
1715 703 1794 758 ean
1823 705 1943 742 non
1971 705 2043 743 ex-
2068 683 2205 744 alio-

89 800 222 836 rum
259 778 636 850 auctoritate,
673 798 793 834 non
827 797 895 835 ex
935 776 1165 835 criterio
1201 775 1526 858 extrinseco
1562 778 1974 854 cognoscendi,
2013 779 2116 838 sed
2148 791 2208 839 et

88 895 261 933 sensu
306 874 548 946 intim0‚
590 883 652 931 et
695 882 936 931 externa
983 870 1365 930 sensibilitate
1392 915 1408 943 .,
1456 891 1521 928 ac
1571 870 1918 931 firmissimis
1965 874 2207 933 rationis

81 967 308 1047 judiciis
342 968 654 1026 intrinsece
698 966 1051 1048 percipimus
1090 967 1204 1045 (1).
1476 1030 1478 1032 ,

174 1064 271 1122 51.
322 1063 409 1122 Ad
437 1063 542 1136 5¹¹¹,
579 1065 734 1122 Dist.
777 1062 1074 1120 Axiomata
1109 1080 1230 1119 non
1265 1059 1776 1135 demonstrantur,
1808 1063 1940 1144 quia
1979 1065 2040 1122 in
2078 1065 2202 1146 ipsa

92 1159 493 1218 enunciatione
536 1178 664 1216 eam
707 1153 1111 1214 immediatam
1146 1155 1500 1215 evidentiam
1544 1176 1666 1237 prae
1704 1177 1767 1216 se
1810 1158 2042 1234 ferunt,
2086 1181 2203 1240 qua

91 1263 289 1335 patet,
339 1273 403 1311 ea
448 1250 589 1309 falsa
628 1270 745 1309 esse
783 1270 906 1307 non
947 1270 1151 1330 posse,
1199 1270 1390 1318 cone.‚·
1424 1250 1558 1332 quia
1597 1248 1671 1308 ob
1716 1249 1973 1332 aliquam
2007 1265 2207 1314 aucto-

89 1348 326 1407 ritatem
361 1345 673 1405 credantur
692 1388 718 1416 ,,
747 1366 876 1424 neq.
915 1346 1086 1403 Certe
1121 1345 1411 1404 axiomata
1441 1343 1515 1404 ab
1547 1344 1852 1421 omnibuS‚
1885 1349 1987 1428 qui
2019 1349 2207 1409 velint

89 1440 450 1513 ratiocinari,
502 1438 734 1498 admitti
782 1438 1037 1511 debent3
1097 1438 1201 1497 sed
1242 1438 1372 1498 ideo
1411 1438 1842 1516 admittuntur⁷
1896 1443 2030 1523 quia
2081 1445 2207 1504 fieri

89 1535 330 1615 nequit,
372 1545 437 1592 ut
474 1531 857 1593 ineluctabilis
897 1529 1174 1593 veritatis*
1191 1534 1279 1593 vis
1322 1533 1684 1607 declinetur,
1725 1555 1859 1594 cum
1893 1557 1958 1596 ea
1993 1537 2206 1598 imme-

90 1628 243 1689 diate
277 1629 458 1688 menti
490 1628 774 1688 elucescit.
818 1630 893 1687 Ea
933 1628 1105 1708 igitur
1145 1629 1446 1709 praeexigit
1475 1630 1653 1703 rati0‚
1685 1640 1746 1687 at
1774 1652 1894 1688 non
1924 1631 2204 1713 supponit

91 1737 371 1806 tanquam
409 1724 654 1803 gratuita
694 1723 1021 1804 postulat33
1067 1744 1175 1782 nec
1222 1723 1400 1783 fidem
1448 1723 1561 1782 illis
1604 1722 1882 1799 adhibet,
1932 1726 2094 1806 quasi
2134 1747 2205 1785 ex

90 1841 238 1880 caeco
274 1818 529 1900 quodam
559 1840 624 1876 ac
655 1818 974 1896 subjectivo
1013 1819 1293 1876 instinctu
1314 1864 1328 1893 ,
1374 1818 1676 1900 multoque
1710 1819 1903 1878 minus
1941 1842 2012 1879 ex
2046 1821 2206 1902 posi-

91 1915 211 1974 tiva
253 1914 454 1995 quavis
485 1913 859 1986 auctoritate3
903 1913 1007 1972 sed
1027 1958 1042 1987 ,
1080 1914 1165 1971 uti
1200 1912 1719 1972 animadvertimus
1742 1913 1862 1993 (2),
1894 1934 1960 1972 ea
1991 1915 2207 1974 imme·

93 2009 248 2068 diata
284 2007 576 2070 evidentia
613 2008 907 2077 intuetur,
938 2008 1315 2067 intrinsecam
1349 2018 1409 2066 et
1445 2006 1714 2066 ultimam
1748 2009 2033 2074 rationem
2070 2008 2206 2067 illo-

93 2126 225 2165 rum
277 2102 546 2187 pervidet
571 2148 587 2176 ‚
652 2123 834 2184 eaque
882 2124 942 2162 se
998 2101 1168 2162 aliter
1222 2101 1437 2162 habere
1487 2124 1610 2161 non
1662 2124 1829 2184 posse
1888 2104 2204 2165 certissime

93 2201 382 2279 cognoscit
416 2196 524 2276 (3).
557 2200 868 2278 Perperam
904 2208 1101 2256 autem
1141 2198 1448 2256 auctoritas
1488 2209 1725 2276 urgetur
1759 2199 1819 2256 S.
1866 2198 2189 2277 Augustini.

101 2293 326 2352 Etenim
373 2293 430 2350 S.
486 2293 696 2349 Doctor
743 2292 804 2348 in
860 2291 1047 2372 primo
1100 2313 1170 2349 ex
1214 2290 1473 2371 allegatis
1522 2290 1777 2349 textibus
1822 2290 2081 2372 loquitur
2128 2291 2203 2353 de

99 2386 538 2469 praeeminentia
562 2385 917 2444 auctoritatis
942 2406 1116 2466 supra
1143 2385 1430 2443 rationem
1452 2386 1514 2442 in
1545 2405 1609 2443 ea
1635 2385 1984 2465 quaestione,
2019 2406 2199 2466 quam

98 2482 375 2543 adversus
414 2480 762 2542 Manichaeos
794 2482 937 2540 circa
972 2502 1161 2540 mores
1191 2479 1458 2542 versabat
1488 2479 1749 2540 Ecclesiae
1769 2479 1883 2560 (4).
1918 2482 1982 2539 In
2015 2480 2196 2542 altero

98 2660 186 2707 lius
204 2694 218 2721 ,
238 2661 288 2706 in
306 2657 500 2706 homilia
533 2657 591 2705 ad
623 2657 738 2705 illud
759 2671 773 2706 ε
791 2655 994 2705 Attende
1015 2657 1107 2706 tihi
1255 2659 1321 2723 (l)
1348 2658 1443 2707 cfr.
1459 2654 1799 2719 Praenotanda,
1817 2672 1919 2725 quae
1938 2659 2075 2724 paulo
2090 2670 2197 2709 ante

95 2739 222 2804 ipsi,
258 2750 368 2788 tom.
388 2756 443 2798 2,
468 2756 568 2804 pag.
599 2737 675 2788 16.
708 2739 770 2786 lta
803 2739 1100 2799 Athanasius,
1185 2742 1505 2805 praemisimus.
1684 2795 1686 2797 ¹

103 2821 243 2872 Orat.
272 2830 438 2870 contra
465 2821 608 2870 Gom.
641 2832 755 2872 tom.
787 2839 825 2881 1,
854 2840 904 2870 n.
936 2822 1014 2871 30.
1033 2821 1103 2870 Ita
1249 2822 1321 2885 (2)
1356 2821 1411 2869 In
1438 2823 1517 2869 cit.
1555 2818 1908 2870 Proenotandn's.

98 2903 328 2970 Nyssenus
347 2940 361 2965 ‚
404 2903 546 2952 Orat.
565 2921 635 2963 vi,
657 2903 712 2951 de
739 2902 862 2954 beat.
889 2903 1103 2954 Praeclare
1253 2902 1319 2968 (3)
1354 2901 1456 2952 Cfr.
1483 2902 1533 2952 S.
1561 2901 1653 2950 Th.
1686 2917 1736 2950 2.
1766 2917 1824 2962 α,
1858 2919 1908 2967 q.
1946 2917 1962 2948 ι
1982 2936 1998 2963 ,
2028 2900 2193 2966 art.5,

99 2986 230 3034 Auct.
258 2987 362 3035 libri
392 2983 464 3034 De
491 2991 652 3042 inter.
673 2985 834 3043 domo,
871 2986 1101 3034 Ber-nardo
1184 2982 1264 3030 ubi
1302 2983 1460 3030 scribit
1491 3000 1504 3031 :
1538 2980 1715 3050 Omnia
1749 2982 1954 3029 scientia
1989 2980 2191 3031 habetur

100 3067 308 3132 adscripti
343 3086 357 3116 ε
394 3068 707 3133 Praecipuum
755 3075 799 3114 et
828 3068 1102 3133 principem
1175 3080 1267 3129 per
1299 3062 1466 3128 aliqua
1497 3063 1748 3129 principia
1775 3079 1868 3127 per
1892 3079 1942 3110 ee
1968 3070 2110 3124 nota,
2147 3071 2194 3113 ot

101 3147 337 3212 speculum
359 3150 423 3196 ad
448 3148 709 3198 videndum
723 3147 875 3198 Deum
898 3157 966 3208 epe
991 3151 1103 3197 ani·
1176 3161 1268 3211 per
1295 3159 1582 3209 consequens
1606 3144 1739 3205 visa,
1778 3149 1825 3190 et
1853 3142 1959 3191 ideo
1983 3151 2189 3209 oportet,

103 3243 210 3275 mua
226 3229 475 3278 rationalis
498 3231 751 3280 inveniens
775 3247 824 3278 se
850 3232 1026 3296 ipsum.
1046 3231 1104 3278 Si
1181 3243 1488 3293 quaecumque
1521 3235 1637 3274 aunt
1673 3226 1793 3274 scita
1806 3259 1822 3286 ‚
1861 3225 2021 3296 aliquo
2053 3226 2190 3276 modo

105 3310 233 3358 enim
253 3310 519 3360 invisibilia
531 3310 625 3362 Dei
630 3329 722 3378 per
746 3329 824 3372 ea,
852 3328 958 3377 quoe
968 3311 1102 3375 facta
1181 3327 1278 3360 esse
1297 3312 1420 3359 visa.
1437 3309 1610 3358 Eadem
1635 3308 1772 3357 habet
1794 3310 1844 3356 in
1864 3307 1915 3367 3,
1931 3308 2041 3358 dist.
2060 3327 2110 3375 q.
2128 3325 2156 3357 α
2170 3345 2186 3369 ,

108 3396 222 3437 sunt
242 3426 255 3447 ,
285 3390 514 3441 intellecta
531 3427 550 3456 ‚
584 3394 978 3460 conspiciuntur,
1017 3392 1106 3439 ubi
1184 3404 1269 3444 art.
1294 3408 1323 3442 2
1343 3429 1357 3451 ,
1388 3410 1439 3458 q.
1474 3391 1524 3440 3.
1553 3388 1610 3438 Ο.
1638 3399 1683 3438 et
1704 3388 1817 3438 alibi
1842 3391 2012 3454 passim
2031 3427 2045 3451 ‚
2072 3408 2189 3456 prae-

106 3485 262 3535 quaeso
298 3485 437 3534 quam
471 3474 527 3520 in
558 3476 661 3542 ejus
697 3476 909 3540 imnqine
939 3474 1103 3538 coqm‘-
1182 3476 1336 3522 sertim
1365 3472 1543 3521 Contra
1567 3479 1696 3535 qam.
1722 3470 1807 3519 lib.
1826 3470 1888 3531 3,
1919 3488 2022 3536 cap.
2061 3469 2182 3534 154,

109 3552 253 3598 tionis
269 3552 370 3616 ejus
384 3555 860 3623 vestiqiaeoepressius
872 3559 1105 3622 impressa
1187 3554 1267 3604 De
1294 3555 1428 3603 verit.
1457 3571 1507 3620 q.
1543 3569 1577 3601 11
1594 3587 1609 3612 ‚
1646 3562 1733 3603 art.
1773 3566 1818 3600 ¹.

110 3633 450 3697 reperiuntur?
1256 3635 1323 3699 (4)
1359 3635 1503 3685 Totus
1534 3633 1764 3701 siquidem
1786 3634 1839 3683 in
1856 3649 1911 3683 eo
1933 3641 2001 3682 est
2029 3630 2190 3699 Augu-

268 3711 333 3770 T.
383 3712 478 3771 lx.
1913 3709 1995 3769 24
