2502 4134
345 168 458 225 114
955 186 1153 223 raAcr.
1194 189 1259 224 DE
1292 188 1443 226 roms
1485 192 1863 233 russotocims,

340 354 646 415 nunquam
683 353 780 392 eos
821 330 880 389 id
922 330 983 389 in
1025 352 1196 390 sensu
1247 330 1713 394 adversariorum
1758 338 2111 419 praestitisse.
2162 341 2459 422 Siquidem

344 435 742 492 Protestantes
779 429 911 488 ideo
949 427 1270 488 Bibliorum
1300 427 1624 491 claritatem
1662 432 2086 516 depraedicant,
2129 447 2196 495 ut
2217 436 2460 518 dogma-

338 528 517 585 ticum
553 546 618 584 ac
649 525 966 604 juridicum
1015 523 1329 584 excludant
1366 524 1790 607 interpretem,
1834 552 1968 590 cum
2009 532 2220 611 singuli
2263 533 2459 596 fideles

333 621 589 682 debeant
610 668 625 691 ,
664 622 725 680 in
764 642 969 680 eorum
1007 631 1354 700 systemate,
1384 642 1456 679 ex
1483 620 1719 690 illorum
1751 624 2000 686 lectione
2027 638 2084 685 et
2115 628 2343 708 privata
2367 630 2460 690 in-

330 721 753 802 terpretatione
781 740 882 777 sua
907 718 1083 776 fidem
1110 714 1216 774 sibi
1244 738 1342 776 seu
1368 715 1501 776 fidei
1525 719 1794 779 articulos
1817 722 2057 796 cudere3
2085 735 2288 782 contra
2319 746 2458 786 vero

336 818 535 876 Patres
574 816 947 876 continenter
977 814 1255 871 insistunt
1288 814 1351 871 in
1378 812 1668 894 principio
1706 818 2062 876 auctoritatis
2107 820 2419 880 asserendo
2442 867 2458 895 .,

331 932 396 970 ac
421 910 755 969 omnimoda
788 909 1047 967 fidelium
1081 907 1440 984 subjectione
1466 909 1944 990 interpretationi
1971 914 2229 974 Ecclesia:
2260 915 2462 975 catho-

329 1006 452 1067 licae
480 1005 948 1090 commendanda
984 1004 1098 1083 (l)
2116 1078 2118 1081 Ι

360 1140 363 1142 -
415 1103 550 1163 172.
601 1102 687 1162 Ad
718 1103 828 1174 2¹¹³,
865 1103 1021 1160 Dist.
1057 1098 1292 1159 Probari
1320 1121 1442 1158 non
1472 1111 1667 1181 potest
1690 1102 1848 1182 quod
1878 1103 2073 1163 notius
2099 1116 2188 1164 est
2209 1125 2243 1164 a
2267 1107 2462 1166 minus

326 1212 466 1260 noto
491 1246 506 1275 ⁷
549 1200 596 1259 si
621 1220 816 1260 sermo
844 1198 918 1256 sit
949 1195 1021 1255 de
1049 1197 1254 1274 majori
1286 1195 1380 1257 vel
1414 1197 1626 1255 minori
1661 1199 1868 1257 notitia
1899 1200 1962 1257 in
1993 1199 2201 1260 eodem
2224 1200 2458 1277 ordine.

323 1318 506 1363 conc.;
528 1296 591 1354 in
619 1294 852 1355 diverso
880 1291 1084 1351 ordine
1103 1337 1118 1366 .,
1147 1313 1274 1371 neq.
1301 1293 1480 1350 Porro
1510 1286 1808 1375 Scriptura
1837 1295 2029 1353 notior
2057 1307 2144 1355 est
2170 1318 2463 1357 commen-

323 1392 484 1452 tariis
523 1393 765 1450 Patrum
796 1411 862 1449 ea
897 1389 1104 1447 notitia
1125 1432 1141 1461 ,
1189 1407 1316 1469 quae
1348 1387 1563 1447 dicitur
1595 1392 2019 1459 certitudinis:
2057 1413 2190 1451 cum
2235 1395 2459 1453 notiora

322 1489 441 1548 sint
477 1507 604 1570 quae
642 1487 705 1545 in
748 1484 922 1544 sacris
965 1483 1194 1542 Litteris
1241 1495 1587 1558 occurrunt,
1635 1485 1698 1544 in
1746 1484 1957 1566 quibus
2006 1486 2224 1547 scilicet
2262 1488 2460 1548 nullus

322 1582 552 1644 subesse
588 1592 785 1664 potest
822 1579 916 1641 vel
955 1579 1233 1638 minimus
1269 1599 1462 1653 error,
1500 1601 1682 1661 quam
1717 1601 1783 1640 ea
1814 1602 1945 1661 quae
1984 1582 2045 1640 in
2083 1582 2311 1664 scriptis
2351 1582 2460 1643 ha-

322 1679 542 1739 bentur
571 1679 810 1737 Patrum
832 1722 848 1751 .,
886 1695 1012 1756 quae
1049 1673 1292 1756 quidem
1320 1673 1421 1733 tali
1466 1675 1818 1735 certitudine
1863 1698 1982 1735 non
2015 1676 2308 1738 fruuntur.
2341 1681 2464 1739 No·

322 1775 466 1834 tiora
515 1795 655 1835 vero
704 1773 916 1853 scripta
965 1773 1207 1830 Patrum
1249 1770 1421 1830 sacris
1466 1771 1696 1832 Litteris
1745 1784 1885 1830 sunt
1932 1794 1999 1832 ea
2042 1774 2248 1834 notitia
2274 1820 2290 1850 ,
2329 1797 2459 1858 quae

321 1871 586 1930 consistit
625 1871 688 1927 in
713 1871 1156 1949 perspicuitate
1200 1865 1513 1926 verborum
1545 1889 1611 1926 ac
1644 1869 2071 1928 sententiarum
2092 1915 2107 1944 a
2142 1869 2352 1951 quibus
2376 1871 2459 1930 illi

324 1966 573 2026 obscura
626 1958 934 2046 Scripturae
989 1963 1161 2022 effata
1218 1962 1556 2044 explanant.
1611 1964 1700 2022 Sic
1759 1964 2054 2045 sophisma
2121 1966 2460 2028 dissolvitur

327 2063 757 2142 Meqalandrz‘,
791 2071 857 2118 ut
885 2059 1208 2118 Lutherum
1234 2080 1407 2117 suum
1430 2061 1830 2118 Protestantes
1857 2060 2154 2141 appellare
2177 2061 2452 2121 delectat.

407 2158 542 2217 173.
595 2154 681 2216 Ad
706 2156 813 2231 3¹¹³7
847 2157 1003 2215 Dist.
1031 2155 1153 2214 Nisi
1185 2157 1340 2213 Deus
1375 2154 1715 2213 hominibus
1751 2155 2104 2236 providisset
2130 2157 2454 2238 interprete

320 2252 615 2336 legitimo,
661 2250 950 2311 infallibili
989 2272 1054 2309 ac
1089 2251 1305 2329 jugiter
1343 2250 1581 2311 vivente
1605 2297 1621 2325 ,
1671 2271 1869 2318 oone.;
1914 2252 1961 2309 si
1998 2251 2287 2332 providit,
2322 2274 2452 2333 neq.

323 2351 526 2430 ltaque
565 2349 832 2406 homines
871 2345 1107 2427 superbi
1147 2367 1212 2404 ac
1258 2345 1470 2404 tumidi
1514 2348 1555 2404 ii
1597 2357 1773 2419 sunt,
1824 2346 1920 2427 qui
1964 2345 2071 2405 sibi
2115 2368 2186 2406 ex
2223 2368 2292 2406 eo
2330 2350 2456 2429 ipso

322 2455 668 2504 mortemer.
711 2443 957 2503 exitium
991 2442 1356 2500 consciscunt
1378 2486 1395 2515 7
1441 2440 1602 2523 quod
1643 2440 1757 2500 illis
1794 2440 2000 2500 datum
2036 2464 2064 2500 a
2102 2444 2224 2502 Deo
2260 2453 2348 2502 est
2380 2442 2455 2500 ad

320 2543 503 2602 vitam
530 2563 594 2601 ac
618 2541 884 2602 salutem.
913 2541 1087 2598 Recte
1110 2536 1577 2597 accomodaveris
1604 2538 1923 2619 Scripturae
1950 2557 2125 2597 sacrae
2151 2537 2453 2596 oraculum
2475 2601 2478 2606 ,

319 2638 603 2695 Simeonis
630 2637 701 2695 de
730 2636 958 2696 Christo
985 2657 998 2691 :
1031 2635 1185 2692 Ecce
1199 2639 1441 2712 positus
1467 2644 1551 2691 est
1577 2633 1675 2691 hio
1697 2638 1766 2692 in
1790 2636 2047 2691 ruinam
2071 2643 2127 2691 et
2148 2637 2216 2690 in
2248 2654 2454 2691 resur-

318 2736 636 2792 rectionem
670 2734 999 2790 multorum
1022 2728 1131 2808 (2).
1163 2729 1536 2786 Resurrectio
1571 2729 1730 2787 enim
1761 2749 1863 2787 seu
1887 2729 2006 2789 vita
2036 2741 2126 2789 est
2158 2729 2451 2811 Scriptura

321 2828 453 2887 filiis
505 2824 1048 2908 obtemperantibus
1098 2826 1272 2882 matri
1323 2843 1437 2882 suae
1466 2868 1480 2896 ,
1539 2822 1803 2882 Ecclesiae
1857 2824 2162 2898 videlicet3
2208 2825 2376 2884 ruina
2420 2846 2451 2884 e

320 2946 602 2985 converso
643 2945 706 2982 ac
738 2944 894 2981 mors
932 2922 998 2979 iis
1029 2918 1304 2978 omnibus
1348 2917 1749 3000 perduellibus
1789 2930 1848 2977 et
1881 2919 2274 2999 pervicacibus
2297 2966 2312 2995 ,
2351 2922 2451 3002 qui

321 3020 518 3079 omnia
555 3017 664 3078 sibi
702 3017 853 3077 clara
895 3028 953 3075 et
1000 3015 1302 3096 perspicua
1340 3015 1399 3071 in
1449 3013 1760 3094 Scripturis
1810 3035 1935 3075 esse
1963 3021 2227 3094 jactant,
2272 3037 2449 3098 seque

320 3128 630 3197 propterea
672 3113 779 3173 sibi
812 3113 962 3171 solos
1002 3110 1292 3183 sufficere,
1324 3109 1529 3190 quovis
1563 3108 1820 3168 Ecclesiae
1846 3112 2177 3190 magisterio
2200 3110 2449 3191 superbe

319 3212 628 3290 repudiato
665 3211 780 3290 (3).
846 3288 849 3292 Ι

385 3390 453 3454 (l)
492 3390 613 3438 Inter
639 3399 811 3438 ceteros
837 3388 887 3437 S.
922 3387 1207 3452 Augustinus
1224 3423 1237 3445 ‚
1263 3382 1338 3433 De
1419 3399 1584 3432 earum
1603 3382 1810 3431 doctores
1828 3399 1876 3430 se
1895 3399 1992 3431 esse
2004 3382 2330 3448 profitentur?
2357 3385 2439 3432 Lo·
2495 3437 2498 3440 ,

306 3472 487 3521 ὀιιονῶ.
533 3469 719 3521 Eccles.
761 3472 843 3519 lib.
875 3488 921 3530 1,
964 3486 1066 3534 cap.
1111 3485 1128 3517 1
1165 3485 1176 3515 z
1210 3468 1337 3531 Quis
1418 3468 1576 3532 quitur
1600 3481 1734 3529 porro
1764 3465 1822 3514 de
1842 3465 2054 3515 Ecclesiae
2085 3467 2365 3531 pastoribus.

307 3553 446 3604 'enim
464 3590 481 3616 ‚
519 3553 708 3612 scribit,
742 3553 1042 3601 mediocriter
1065 3566 1216 3598 sanus
1239 3565 1336 3597 non
1485 3548 1554 3613 (2)
1591 3547 1701 3596 Luc.
1736 3564 1798 3607 n,
1831 3546 1914 3610 34.

311 3635 460 3702 facile
485 3634 722 3699 intelliqat
741 3669 755 3695 ,
795 3632 1161 3699 Scripturarmn
1194 3648 1336 3697 expo·
1484 3630 1551 3695 (3)
1586 3630 1683 3680 cfr.
1723 3628 1827 3678 Nic.
1882 3628 2135 3694 Spedalieri
2165 3667 2177 3690 ‚
2234 3627 2436 3677 Analisi

312 3722 536 3768 sitionem
584 3718 645 3765 ab
690 3717 752 3764 iis
781 3716 1040 3781 petendam
1080 3732 1205 3776 esse,
1247 3715 1334 3778 qui
1416 3711 1524 3761 dell’
1563 3727 1718 3760 esame
1770 3712 1940 3759 critico
1983 3710 2060 3759 del
2103 3713 2269 3780 siqnor
2308 3708 2429 3757 Nic.
