2502 4134
225 139 343 199 570
824 165 1022 203 rium.
1065 166 1136 204 m:
1183 167 1333 204 zoc1s
1378 168 1755 211 mmmmms,

308 305 451 366 341.
499 306 806 368 Interdum
823 309 1003 368 etiam
1018 309 1357 390 theologu5‚
1384 311 1525 371 dum
1559 312 1874 394 polemicas
1891 328 2082 398 partes
2105 331 2357 393 exercet,

228 407 498 462 ironicas
524 402 702 462 etiam
724 448 740 476 ,
772 425 917 486 quas
947 405 1154 465 dicunt
1175 452 1191 482 ,
1234 407 1527 468 fructuose
1552 408 1847 490 suscipere
1874 414 2122 490 poterit,
2150 414 2363 476 adver-

231 499 410 558 sarios
432 498 508 556 ad
537 499 825 559 unitatem
861 500 998 561 fidei
1025 502 1336 562 excitando
1357 492 1726 586 ,iisdemque
1753 506 2183 586 compositionis
2205 512 2364 570 viam

228 593 411 653 veluti
469 596 1008 683 commonstrandO.
1057 600 1188 658 N-on
1231 598 1391 680 quod
1435 601 1559 681 ipse
1610 598 1935 681 quidquam
1975 601 2050 661 de
2089 603 2364 670 catholica

230 690 477 749 veritate
518 689 725 750 cedere
769 693 989 773 possit,
1041 715 1150 776 pro
1189 717 1306 779 qua
1344 696 1522 755 etiam
1569 717 1703 754 cum
1735 697 2020 776 sanguine
2061 698 2368 760 decertan-

231 785 410 858 dum,
462 784 565 844 sed
601 786 795 867 quod,
836 787 984 847 dum
1033 791 1296 850 veritatis
1347 790 1504 850 illius
1548 795 1693 870 jura
1723 790 2021 866 defendit,
2060 794 2140 852 ita
2180 784 2371 874 potest

231 901 362 940 eam
403 880 716 943 efficaciter
763 884 1138 968 suaviterque
1198 888 1482 961 suadere,
1536 887 1899 947 ita-omnem
1948 889 2130 947 errori
2176 888 2374 948 fucum

234 976 530 1052 adimere,
573 990 640 1037 ut
686 979 872 1039 animi
914 980 988 1040 ad
1030 982 1189 1044 viam
1228 984 1470 1042 unitatis
1504 1005 1571 1042 ac
1613 985 1769 1065 pacis
1817 985 2141 1044 ineundam
2176 984 2376 1068 dispo-

235 1085 480 1133 nantur.
528 1076 708 1134 Hinc.
739 1075 1065 1157 theologia,
1117 1100 1246 1161 quae
1302 1079 1412 1139 hoc
1471 1079 1596 1139 obit
1645 1080 1939 1153 officium,
1993 1084 2230 1142 irenica
2283 1081 2377 1142 vel

237 1171 504 1231 henotica
552 1171 704 1232 dicta
741 1195 772 1231 a
812 1173 1234 1234 recentioribus
1279 1187 1388 1235 est.

1133 1381 1379 1440 CAPUT
1423 1384 1492 1440 ΙΙ.

1118 1566 1186 1602 1)ss
1231 1565 1513 1601 METHODO.

322 1750 463 1810 342.
511 1747 822 1809 Methodus
853 1747 1167 1806 scientifica
1188 1792 1204 1820 ,
1248 1767 1350 1804 seu
1384 1758 1541 1806 recta
1573 1758 1634 1806 et
1663 1746 1933 1807 ordinata
1966 1750 2050 1807 rei
2080 1750 2380 1824 tractatio,

242 1868 371 1930 quae
391 1845 466 1904 ad
492 1845 804 1905 veritatem
828 1853 958 1900 tuto
986 1840 1378 1921 detegendam
1411 1840 1507 1901 vel
1528 1842 1638 1901 rite
1672 1843 2026 1902 tradendam
2045 1864 2110 1903 ac
2137 1843 2389 1902 demon-

242 1941 553 2002 strandam
582 1931 871 2013 inservit,
921 1937 1227 2011 bifariam,
1268 1947 1334 1995 ut
1371 1948 1582 1997 notum
1618 1949 1705 1998 est
1728 1984 1744 2014 ,
1782 1960 1815 1997 a
1861 1937 2225 2020 philosophis
2266 1939 2389 1999 dis-

251 2038 439 2118 tingui
474 2035 644 2095 solet.
695 2033 849 2095 Nam
881 2037 1009 2115 q'uae
1047 2054 1078 2091 a
1107 2033 1452 2115 particulari.
1476 2034 1551 2093 ad
1594 2033 1929 2095 universale
1952 2081 1967 2109 ,
2011 2057 2043 2094 a
2067 2036 2390 2115 composito

245 2136 324 2195 ad
351 2133 603 2216 simplex
627 2178 643 2206 ,
672 2154 747 2193 ex
772 2132 1031 2214 partium
1059 2130 1417 2190 resolutione
1433 2131 1918 2213 singularumque
1947 2132 2393 2211 investigatione

249 2230 577 2314 procedens
607 2229 671 2287 in
718 2229 982 2292 veritatis
1011 2228 1325 2308 incognitae
1363 2238 1424 2287 et
1466 2227 1706 2288 latentis
1762 2228 2038 2287 notitiam
2072 2228 2240 2309 quasi
2267 2239 2395 2287 ten·

248 2327 431 2388 tando
462 2326 703 2388 devenit
732 2372 748 2402 ,
788 2328 1104 2406 analytica
1142 2324 1300 2384 dicta
1339 2335 1464 2396 est3
1509 2345 1638 2407 quae
1680 2346 1820 2386 vero
1855 2323 1928 2384 ab
1963 2322 2285 2385 universali
2318 2323 2396 2382 ad

250 2423 640 2508 particulare,
684 2446 718 2482 a
751 2422 1002 2506 simplici
1043 2421 1118 2481 ad
1158 2415 1590 2503 compositum,
1644 2419 1717 2500 de
1761 2442 1878 2479 una
1918 2419 1994 2479 ad
2028 2419 2202 2479 aliam
2244 2419 2399 2479 veri-

250 2532 438 2581 tatem
462 2531 670 2578 mutuo
699 2541 855 2578 nexu
876 2540 1010 2578 cum
1043 2517 1140 2589 illa
1167 2522 1543 2596 conjunctam
1572 2517 1737 2599 quasi
1762 2515 2177 2599 componendo
2209 2536 2404 2574 assur-

255 2617 340 2699 git
363 2662 377 2691 ,
424 2627 486 2676 et
522 2637 645 2674 non
672 2626 794 2673 tam
834 2614 1148 2675 veritatem
1183 2613 1428 2696 inquirit
1466 2634 1642 2695 quam
1667 2615 1789 2692 jam
1818 2612 2182 2694 exploratam
2202 2610 2405 2671 ceteris

258 2712 442 2772 tradit
467 2732 532 2770 ac
560 2711 817 2770 ostendit
835 2712 1209 2790 ,synthetica
1252 2709 1437 2769 audit.
1468 2707 1641 2768 Unde
1668 2709 1845 2768 etiam
1872 2710 2061 2789 prima
2089 2719 2154 2766 ut
2179 2706 2406 2767 metho-

259 2807 368 2868 dus
406 2810 813 2882 iowentioniS,
850 2806 1034 2867 altera
1073 2818 1141 2866 ut
1183 2805 1498 2866 methodus
1532 2808 2059 2864 demonstrationis
2089 2814 2402 2885 spectatur.

344 2904 487 2964 343.
535 2905 620 2963 Ut
664 2926 841 2987 porro
891 2903 964 2966 de
1012 2924 1077 2963 re
1116 2903 1442 2984 theologica
1498 2901 1927 2984 disceptemuS,
1981 2922 2115 2959 cum
2165 2918 2291 2958 eam
2330 2894 2405 2955 ad

263 3001 522 3061 scientiae
553 3001 905 3081 dignitatem
931 2999 1100 3060 evehi
1126 3020 1298 3082 posse
1327 3011 1509 3081 atque,
1528 2996 1675 3057 adeo
1699 3009 1911 3056 natura
1934 3018 2036 3055 sua
2066 2992 2264 3054 deberi
2280 2996 2405 3070 jam

226 3097 228 3099 ¹
265 3098 633 3159 vindicatum
679 3099 790 3171 sit,
844 3098 989 3180 quin
1039 3097 1223 3156 immo
1270 3117 1404 3156 cum
1449 3094 1654 3154 ceteris
1709 3082 1964 3153 scientiis
2018 3099 2255 3173 praestet
2285 3134 2301 3163 ,
2345 3099 2411 3146 ut

176 3178 180 3183 .
269 3194 526 3253 ostendit
555 3197 626 3253 D.
656 3194 908 3253 Thomas
931 3239 946 3268 ,
989 3193 1207 3275 quippe
1236 3214 1268 3251 a
1297 3194 1419 3251 Deo
1448 3190 1574 3271 ipso
1625 3211 1731 3272 per
1766 3186 2175 3249 revelationem
2210 3190 2412 3241 imme·

272 3289 435 3347 diate
473 3290 682 3370 accipit
719 3290 1008 3372 principia
1052 3310 1153 3347 sua
1185 3288 1311 3369 (l),
1351 3287 1480 3369 quis
1516 3285 1784 3359 dubitet,
1827 3282 1971 3365 quin
1998 3302 2063 3339 ea
2095 3279 2410 3339 scientifica

345 3508 411 3574 (1)
449 3507 549 3558 cfr.
587 3525 629 3556 1.
668 3526 721 3575 q.
757 3524 775 3556 1
803 3545 816 3567 ,
850 3517 938 3555 art.
976 3504 1027 3555 5.
1067 3504 1117 3553 T
1115 3505 1306 3552 estimo·
1390 3504 1446 3550 in
1483 3501 1697 3568 scientiis
1727 3483 2128 3546 demonstrativis.
2159 3496 2235 3545 De
2266 3498 2407 3544 verit.
2435 3554 2438 3555 ⁷

275 3592 417 3638 nium
437 3591 656 3638 veritatis
674 3591 852 3654 primae
872 3590 962 3651 (ait
979 3587 1091 3636 alibi
1110 3586 1162 3636 S.
1178 3585 1306 3633 Tho·
1395 3604 1445 3652 q.
1485 3581 1545 3647 14
1567 3623 1579 3645 ,
1622 3592 1710 3630 art.
1743 3577 1793 3629 8.

282 3674 407 3736 mas)
443 3689 492 3721 se
527 3671 666 3719 habet
705 3673 761 3717 in
788 3671 885 3734 fide
917 3678 972 3716 ut
997 3670 1309 3735 principium
