2502 4134
461 186 626 226 nur.
676 187 741 224 11.
790 185 913 224 cn».
964 187 1007 223 1.
1055 187 1123 222 nn
1166 186 1321 224 saon.
1367 186 1512 224 mm.
1561 184 1696 224 can.
1749 187 1817 224 Εἰ·
1862 174 2102 225 Aucror..
2265 167 2335 225 11

219 327 600 390 Ecclesiarum
639 337 826 387 matre
863 338 925 388 et
967 328 1274 408 magistra,
1309 325 1454 387 adeo
1495 338 1562 385 ut
1595 333 1717 407 ejus
1756 350 1943 389 canon
1987 329 2062 389 ad
2106 340 2339 391 aetatem

219 445 403 507 usque
425 422 800 506 apostolicam
827 423 1133 483 manifeste
1155 423 1451 483 ascendat.
1471 423 1725 505 Epistola
1751 426 1968 508 quippe
1984 426 2300 486 Clementis
2319 472 2336 502 ,

220 543 353 581 cum
389 520 578 579 adhuc
615 520 678 578 in
721 519 875 580 vivis
909 531 1103 600 ageret
1143 521 1400 579 Joannes
1423 565 1439 593 ‚
1471 530 1704 578 exarata
1740 532 1859 594 est3
1900 521 2098 582 divina
2139 533 2339 582 autem

218 615 591 677 Providentia
633 615 911 695 contigit,
959 626 1025 673 ut
1074 614 1320 674 dilectus
1358 613 1452 673 hic
1494 613 1800 696 Apostolus
1848 615 1956 674 sub
2005 619 2340 678 Domitiano

219 712 465 770 Romam
506 709 806 768 traductus
851 710 1025 768 fuerit
1069 710 1193 790 (l)⁷
1244 721 1305 768 et
1355 708 1528 791 paulo
1573 720 1707 791 post
1757 731 1923 768 suam
1973 711 2035 768 in
2085 712 2339 771 insulam

222 808 456 866 Patmos
491 804 906 884 relegationem
943 804 1017 863 ad
1057 805 1324 869 eamdem
1354 803 1662 864 Ecclesiam
1692 805 1912 865 miserit
1942 827 2114 864 suum
2144 808 2338 868 Evan-

221 900 437 981 gelium
474 912 533 961 et
562 899 965 981 Apocalypsim
987 945 1003 974 ,
1031 910 1098 958 ut
1129 899 1339 981 plenus
1367 899 1449 958 ibi
1481 900 1910 981 Scripturarum
1940 921 2145 959 census
2177 923 2342 984 repe-

220 997 451 1053 riretur.
471 995 619 1052 Sane
641 993 777 1062 huic
793 992 1055 1052 Ecclesiae
1076 993 1276 1062 statim
1299 993 1692 1051 concreditam
1709 993 2111 1076 Apocalypsim
2137 995 2305 1055 fuisse
2319 1041 2337 1072 a

222 1100 423 1171 aperte
450 1098 675 1148 constat
707 1107 780 1144 ex
807 1107 878 1145 eo
897 1130 913 1160 ,
950 1085 1108 1167 quod
1136 1087 1193 1144 S.
1227 1087 1494 1145 Justinus
1523 1089 1718 1145 Romae
1747 1087 1961 1168 degens
1981 1135 1999 1164 .,
2033 1101 2094 1149 et
2128 1091 2188 1149 S.
2217 1091 2339 1150 Ire-

222 1204 380 1243 naeus
400 1227 417 1257 ,
459 1182 641 1263 quiet
673 1181 796 1261 ipse
826 1179 934 1240 sub
964 1179 1297 1241 Eleutherio
1330 1184 1574 1240 Romam
1610 1204 1673 1242 se
1707 1183 1958 1243 contulit
1977 1230 1993 1259 ‚
2033 1206 2337 1246 commen-

221 1277 397 1337 tarios
435 1298 567 1335 suos
617 1274 911 1336 ediderint
951 1275 1014 1334 in
1057 1275 1218 1336 hunc
1262 1276 1479 1337 librum
1525 1276 1710 1340 veluti
1760 1280 2107 1340 canonicum
2146 1292 2206 1342 et
2245 1304 2340 1342 sa-

218 1392 384 1431 crum
417 1371 526 1454 (2).

306 1467 404 1527 19.
466 1468 535 1526 Et
584 1467 706 1527 haec
763 1468 1004 1551 quidem
1062 1468 1221 1551 quod
1271 1482 1497 1553 spectat
1548 1472 1623 1533 ad
1670 1472 2044 1534 identitatem
2100 1475 2336 1535 canonis

220 1561 550 1622 Tridentini
604 1584 737 1622 cum
787 1585 1011 1624 canone
1064 1563 1138 1623 ab
1185 1565 1514 1647 apostolicis
1569 1567 1932 1651 temporibus
1987 1582 2219 1652 recepto
2276 1571 2340 1630 in

220 1656 466 1716 Ecclesia
495 1659 785 1733 Romana,
808 1671 983 1741 prout
1009 1659 1293 1741 probatur
1319 1661 1412 1722 vel
1438 1684 1509 1721 ex
1536 1663 1660 1745 ipsa
1686 1665 1922 1723 canonis
1951 1664 2339 1748 descriptione

219 1754 284 1816 in
310 1753 572 1814 adductis
606 1754 967 1815 documentis
986 1803 1002 1832 7
1035 1756 1128 1818 vel
1156 1779 1224 1817 ex
1252 1757 1692 1839 allegationibus
1726 1761 2041 1821 Clementis
2066 1764 2333 1823 Romani.

221 1850 392 1908 Nunc
421 1849 667 1928 adjicere
698 1863 934 1932 praestat
963 1851 1074 1911 alia
1103 1853 1454 1913 documenta
1474 1900 1489 1930 ‚
1524 1876 1650 1936 quae
1676 1855 1933 1939 idipsum
1961 1859 2332 1918 confirmant.

218 1945 370 2002 Sunt
405 1956 602 2005 autem
642 1947 704 2004 1ο
739 1947 1090 2007 Testimonia
1128 1970 1337 2029 magna
1374 1949 1681 2011 sedulitate
1705 1951 1943 2012 collecta
1976 1974 2008 2012 a
2050 1952 2122 2013 cl.
2162 1953 2338 2014 Blan-

213 2038 406 2098 chinio
450 2062 520 2100 ex
557 2041 933 2123 scriptoribus
971 2054 1031 2103 et
1077 2039 1345 2104 Coriciliis
1385 2047 1633 2125 cujusvis
1671 2048 1883 2124 seculi,
1926 2049 2262 2131 incipiendo
2303 2072 2336 2109 a

216 2136 407 2196 seculo
447 2140 471 2195 I
513 2160 696 2219 usque
730 2138 806 2197 ad
836 2160 948 2200 see.
988 2141 1118 2199 XVI
1146 2141 1252 2222 (3).
1295 2143 1363 2200 20
1393 2144 1805 2226 Inscriptiones
1833 2144 2166 2228 lapidariae7
2196 2168 2337 2228 quas

216 2229 372 2290 inter
413 2231 653 2292 illustris
697 2245 822 2310 est,
862 2257 991 2316 quae
1025 2240 1152 2314 jam
1192 2259 1225 2295 a
1268 2237 1460 2298 seculo
1510 2240 1639 2298 VIII
1687 2261 1718 2298 a
1761 2240 2018 2323 quodam
2061 2241 2336 2322 Gregorio

218 2324 556 2407 presbytero
600 2329 662 2386 in
707 2329 954 2389 Ecclesia
1003 2334 1060 2389 S.
1116 2331 1433 2392 Clementis
1478 2335 1666 2416 posita
1714 2336 1856 2409 fuit3
1904 2337 1966 2395 in
2009 2359 2074 2396 ea
2118 2337 2338 2419 quippe

218 2440 487 2501 expressa
543 2423 764 2481 mentio
824 2424 891 2482 fit
945 2423 1231 2484 librorum
1258 2471 1274 2499 ‚
1337 2427 1442 2507 qui
1493 2432 1663 2505 juxta
1724 2429 1992 2489 ordinem
2057 2431 2339 2490 versionis

219 2513 626 2575 Alexandrinae
666 2516 1098 2599 recipiebantur
1134 2520 1197 2578 in
1233 2541 1454 2581 canone
1491 2520 1874 2582 Hebraeorum
1906 2522 2014 2604 (4).
2044 2525 2110 2584 3⁰
2147 2525 2341 2608 Opera

219 2610 479 2684 musiva,
524 2610 835 2693 sculpturae
869 2613 931 2671 in
966 2614 1370 2696 sarcophagis,
1414 2617 1654 2698 picturae
1692 2618 1754 2676 in
1802 2621 2146 2682 coemeteriis
2181 2632 2244 2682 et
2277 2621 2341 2681 in

292 2910 361 2976 (1)
398 2910 475 2960 Uni
493 2920 683 2961 testatur
702 2911 982 2963 Ter-tullian.
1004 2913 1085 2963 De
1101 2932 1239 2981 prae-
1323 2920 1565 2968 monicum
1584 2919 1731 2972 Cone.
1770 2923 2116 2973 Tridentinum
2142 2926 2342 2974 canonis

218 2992 387 3058 script.
436 2993 527 3043 loc.
570 2996 651 3044 cit.
699 3005 745 3044 et
789 2994 841 3044 S.
888 2994 1201 3063 Hieronymus
1225 3041 1238 3062 ‚
1323 3001 1609 3052 divinarum
1652 3002 2062 3072 Scripturaruml
2101 3025 2186 3056 seu
2227 3009 2348 3057 certi

226 3074 489 3126 Comment.
507 3079 564 3125 in
582 3078 768 3128 Mateh.
796 3078 884 3130 lib.
910 3097 989 3140 ιιι,
1014 3098 1120 3146 cap.
1142 3096 1208 3130 20
1225 3117 1238 3141 ‚
1330 3081 1524 3133 Veteris
1548 3102 1607 3134 ac
1635 3086 1767 3136 Novi
1792 3088 2090 3138 Testamenti
2111 3088 2345 3139 librorum

221 3157 335 3207 edit.
367 3158 564 3209 Vallars.
602 3170 718 3210 tom.
753 3179 848 3222 vn,
882 3163 974 3211 col.
1010 3161 1124 3212 156.
1326 3167 1563 3233 catalogi,
1614 3170 1674 3218 ab
1703 3169 1929 3219 Ecclesia
1961 3173 2165 3238 recepti,
2205 3172 2341 3220 indi-

289 3241 357 3303 (2)
394 3241 494 3291 Cfr..
525 3242 696 3292 Euseb.
729 3242 865 3292 Hm.
898 3245 1015 3295 eccl.
1050 3245 1140 3295 lib.
1160 3264 1240 3307 iv,
1323 3266 1425 3298 cem
1462 3260 1734 3302 texuerunt.
1781 3252 1839 3300 In
1887 3256 1966 3304 cit.
2011 3253 2143 3302 Praef.
2187 3270 2343 3320 gener.

225 3336 320 3385 cap.
370 3320 429 3370 18
454 3358 470 3383 ,
521 3334 567 3372 et
603 3324 655 3375 S.
703 3324 973 3393 Hieronym.
1012 3326 1084 3376 De
1117 3329 1242 3376 viria
1324 3351 1375 3398 p.
1405 3330 1437 3380 5
1468 3345 1512 3382 et
1540 3352 1668 3401 seqq.

227 3398 401 3452 illustr.
436 3404 529 3454 loc.
562 3408 637 3454 cit.
946 3477 948 3480 y
1396 3415 1462 3478 (h)
1483 3414 1581 3464 Cfr.
1600 3417 1724 3482 apud
1738 3417 1774 3465 F
1777 3421 1972 3468 rancisc.
1989 3416 2347 3478 Blanchinium,

299 3487 367 3550 (3)
401 3489 501 3540 Cfr.
533 3495 582 3540 in
610 3492 894 3560 Appendice
919 3494 977 3544 de
995 3497 1244 3564 scriptori·
1326 3507 1444 3546 tom.
1462 3514 1511 3545 ιιι
1532 3497 1765 3548 Anastasii
1789 3500 2011 3550 biblioth.
2037 3500 2090 3549 in
2109 3504 2231 3551 notis
2249 3497 2347 3565 his-

231 3567 319 3615 bus
338 3570 697 3634 ecclesiasticis,
716 3579 806 3642 qui
825 3578 885 3627 ab
903 3578 1244 3645 Apostolorum
1330 3581 1485 3628 tot-icis
1528 3581 1580 3628 in
1628 3591 1739 3632 sect.
1787 3578 1856 3646 64
1904 3585 2009 3633 vitae
2051 3582 2101 3632 S.
2148 3583 2313 3634 Gelasii
2333 3619 2349 3646 ‚

231 3656 369 3699 oetate
408 3669 554 3718 usque
592 3658 657 3707 ad
684 3670 1041 3710 sacrosanctum
1072 3658 1246 3710 OEcu-
1328 3681 1432 3729 pag.
1474 3678 1706 3730 197-200.
