2502 4134
2064 133 2180 192 483

371 155 528 193 PART.
576 154 660 190 111.
711 153 863 190 sssc'r.
912 154 953 189 1.
1001 154 1124 190 GAP.
1175 154 1236 189 11.
1288 152 1356 188 DE
1397 151 1524 189 ΕΔΤ.
1575 151 1690 187 CUM
1735 149 1839 186 Flu.

52 297 260 381 probat
291 295 401 354 nisi
428 295 834 380 necessitatem
867 293 1367 354 adminiculorum
1393 314 1495 352 seu
1537 294 2070 374 praerequisitorum
2100 297 2175 354 ad

51 405 244 453 actum
287 390 458 463 fidei,
498 389 573 450 de
610 389 818 472 quibus
864 390 1171 449 hactenus.
1214 387 1511 449 Nimirum
1553 388 1872 449 necessaria
1915 400 2002 447 est
2038 411 2177 470 pro—

52 488 260 570 positio
287 486 579 545 sufficiens
618 485 754 544 fidei
775 529 792 558 ,
823 484 1210 545 necessarium
1235 483 1632 545 extrinsecum
1667 482 1910 565 aliquod
1932 483 2176 545 evidens

53 583 342 643 motivum
369 580 803 656 credibilitatis‚
834 591 935 638 aut
959 578 1166 638 saltem
1199 577 1356 659 quod
1381 577 1559 657 gratia
1599 578 1869 659 suppleat
1893 581 1956 638 in
1981 580 2182 640 rudio-

52 678 212 738 ribus
236 676 626 736 intellectibus
651 673 940 757 quidquid
968 673 1117 733 desit
1136 690 1207 734 ex
1233 685 1401 754 parte
1426 672 1738 736 evidentiae
1764 674 1935 751 hujus
1954 677 2181 734 extrin-

56 775 168 833 seci
198 773 422 833 motivi.
453 771 564 831 Sed
600 770 741 831 dum
767 770 974 850 aliquis
1006 781 1148 828 actu
1171 769 1364 829 eredit
1378 812 1400 839 ,
1434 790 1555 829 non
1583 790 1706 827 sese
1739 772 1972 830 rationi
1992 782 2181 831 totum

57 868 275 942 tradit7
327 867 461 947 quia
511 888 672 925 secus
711 886 870 924 mere
916 863 1216 923 rationalis
1253 852 1387 922 fidei
1429 875 1625 921 actum
1661 857 1928 938 eliceret3
1979 866 2082 925 sed
2124 889 2185 927 se

60 974 251 1021 totum
276 962 490 1021 divinae
518 959 808 1019 infallibili
839 959 1171 1018 auctoritati
1209 970 1274 1017 ut
1298 957 1585 1028 revelanti
1612 958 1794 1018 tradit
1818 971 1993 1042 atque
2024 983 2189 1021 com-

65 1058 280 1129 mittit,
337 1054 628 1136 rebusque
674 1060 794 1134 ejus
852 1057 1092 1114 nomine
1133 1054 1488 1135 propositiS‚
1533 1053 1668 1114 licet
1712 1055 1771 1112 in
1828 1055 2190 1126 se,obscuris

64 1163 240 1233 atque
282 1151 608 1210 humanum
659 1161 895 1230 captum
935 1148 1389 1220 excedentibus,
1439 1148 1721 1221 inhaeret,
1784 1162 1913 1209 tum
1951 1174 2189 1212 assensu

62 1248 403 1330 plenissimo
437 1245 770 1305 intellectus
791 1289 807 1319 ,
841 1256 970 1305 tum
1011 1244 1343 1304 adhaesione
1379 1244 1709 1302 firmissima
1755 1246 2103 1322 voluntatis,
2133 1247 2194 1306 id

64 1341 221 1424 quod
245 1341 369 1399 fieri
409 1361 529 1397 non
556 1350 786 1420 potest,
819 1339 930 1397 nisi
959 1339 1168 1398 divinae
1206 1339 1403 1418 gratiae
1435 1337 1630 1397 afflatu
1657 1339 2024 1401 intellectum
2047 1342 2193 1402 illu-

65 1446 287 1494 strante
328 1454 394 1491 ac
422 1432 791 1491 voluntatem
826 1433 1081 1490 hominis
1111 1444 1517 1513 permovente.

144 1529 284 1587 211.
333 1526 421 1587 Ad
452 1526 560 1602 5¹¹¹7
586 1526 737 1607 Ney.
765 1527 970 1608 Ecquis
1015 1548 1276 1607 unquam
1305 1526 1619 1586 catholicus
1653 1527 1866 1588 dixerit
1897 1531 1970 1590 ad
2010 1532 2196 1592 solam

64 1624 238 1682 fidem
295 1623 578 1701 efficacem
626 1622 869 1701 gratiam
914 1623 1298 1681 necessariam
1339 1621 1509 1682 esse?
1549 1623 1851 1705 Numquid
1897 1647 2018 1684 non
2059 1649 2197 1687 vera

68 1720 208 1778 fides
253 1720 362 1777 erit
385 1720 528 1797 fides
556 1729 832 1789 mortua,
863 1718 1056 1798 'qualis
1099 1719 1161 1777 in
1201 1718 1599 1800 peccatoribus
1627 1720 1966 1800 reperitur?
2007 1723 2197 1782 Num-

69 1814 210 1896 quid
268 1835 387 1871 non
432 1814 542 1872 erit
596 1813 818 1871 donum
868 1814 1008 1886 Dei,
1058 1834 1122 1871 ac
1164 1814 1413 1894 proinde
1460 1837 1531 1873 ex
1571 1817 1755 1895 gratia
1799 1819 2195 1897 proveniens?

70 1909 222 1984 Quid
263 1909 520 1968 dicemus
568 1908 642 1966 de
691 1907 804 1966 illis
848 1906 1157 1982 omnibuS,
1208 1930 1343 1990 quae
1391 1909 1527 1969 fidei
1581 1921 1777 1968 actum
1820 1913 2192 1992 praecedunt,

71 2003 280 2086 quibus
326 2003 542 2063 scilicet
585 2006 736 2063 Deus
768 2024 866 2062 cor
904 2003 1160 2063 hominis
1188 2003 1420 2086 pulsat,
1457 2016 1659 2064 movet
1692 2017 1752 2065 et
1790 2005 2033 2066 inclinat
2065 2009 2197 2090 (l)?

73 2098 465 2183 Cogifunditur
505 2099 681 2177 igitur
723 2098 786 2156 in
833 2096 1092 2178 allegatis
1138 2098 1335 2159 verbis
1370 2099 1516 2159 fides
1556 2122 1696 2159 vera
1729 2121 1862 2159 cum
1905 2103 2021 2163 fide
2058 2108 2198 2165 viva

73 2193 385 2253 informata
428 2216 460 2253 a
504 2194 817 2267 charitate3
855 2204 916 2252 at
960 2194 1082 2253 haec
1115 2198 1232 2252 duo
1273 2193 1445 2255 valde
1485 2195 1639 2254 inter
1677 2217 1740 2255 se
1778 2196 2093 2274 differunt,
2133 2212 2198 2259 ut

75 2288 355 2369 theologis
393 2288 664 2348 omnibus
694 2300 903 2347 notum
925 2299 1013 2348 est
1042 2289 1149 2368 (2).

151 2495 226 2561 (l)
261 2494 381 2544 Sane
404 2498 584 2563 quoties
604 2515 701 2545 non
719 2497 871 2545 soium
886 2497 1097 2547 infideles

80 2594 242 2627 verum
270 2581 407 2627 etiam
436 2589 693 2644 peccatores
724 2590 978 2644 tanguntur
1004 2579 1097 2627 hu-

78 2662 281 2727 jusmodi
320 2664 475 2727 gratiis
522 2663 780 2711 actualibus
830 2664 1098 2729 eisdemque

80 2747 332 2791 resistunt?
367 2745 559 2803 Quoties
589 2745 751 2793 saltem
786 2745 876 2792 illis
914 2763 1097 2810 permo-

84 2834 248 2873 ventur
286 2826 343 2873 ad
384 2826 640 2886 orandum,
688 2827 747 2874 ad
791 2828 1097 2876 resistendum

85 2907 417 2972 cupiditatibus
440 2945 453 2967 ‚
482 2910 597 2973 quin
627 2918 782 2955 tamen
821 2926 869 2957 se
905 2911 1098 2958 omniuo

84 2987 280 3040 liberent
312 3008 338 3038 a
364 3000 484 3038 statu
516 2993 723 3055 peccati?
755 2990 997 3058 Numquid
1025 2994 1099 3040 isti

85 3081 244 3133 actus,
278 3073 505 3138 siquidem
546 3073 617 3120 his
653 3074 809 3138 gratiis
844 3073 1100 3138 peccatores

0 3195 2 3199 ,
89 3149 432 3215 obsequantur,
483 3153 655 3219 aliique
697 3155 960 3220 ejusmodi,
1003 3172 1098 3203 non

88 3241 222 3278 erunt
250 3232 495 3294 salutareS,
526 3253 582 3286 ‚ac
612 3234 803 3300 proinde
831 3239 999 3285 virtute
1028 3254 1103 3286 ac-

92 3312 225 3387 tualis
270 3317 420 3374 gratim
461 3315 644 3366 eticiti?
681 3317 778 3365 Nisi
810 3318 898 3367 hoc
928 3318 1103 3367 dicere-

91 3394 272 3453 mus‚in
301 3397 630 3460 propositiones
647 3399 959 3449 incideremus
970 3417 1106 3466 ques-

93 3475 316 3524 nellianas
371 3487 510 3544 atque
558 3480 748 3547 bajanas
791 3483 851 3531 ab
900 3483 1103 3532 Ecclesia

88 3558 382 3622 proscriptas.
985 3576 988 3579 ’

160 3637 225 3700 (2)
265 3638 350 3688 Hic
370 3653 552 3704 praestat
572 3644 623 3692 in
642 3645 849 3696 medium
878 3647 1104 3698 adducere

1178 2499 1316 2546 verba
1345 2503 1442 2563 ipsa
1474 2497 1763 2547 Helveniobii
1782 2534 1796 2557 ‚
1827 2501 1907 2563 qui
1938 2500 1986 2545 in
2015 2516 2092 2563 op.
2114 2500 2195 2546 cit.

1178 2595 1284 2645 pag.·
1327 2578 1420 2630 105
1451 2590 1495 2628 et
1527 2598 1624 2646 seq.
1662 2580 1775 2627 dum
1811 2580 2048 2629 contendit
2079 2579 2197 2628 libe-

1179 2680 1279 2710 rare
1306 2662 1597 2710 Hermesium
1625 2678 1649 2709 a
1677 2662 1994 2728 pelagianismi
2017 2672 2096 2710 aut
2125 2680 2198 2710 se·

1180 2744 1562 2809 mipelagianismi
1606 2742 1821 2804 macula,
1862 2741 1959 2791 baec
1992 2743 2151 2792 scribit
2182 2757 2197 2792 :

1185 2825 1364 2874 Omnis
1401 2827 1608 2890 ‘qaeestio
1649 2825 1707 2872 de
1738 2828 1907 2890 qratiae
1955 2825 2159 2873 actualis
2181 2861 2199 2885 ,

1179 2925 1323 2972 quam
1346 2895 1548 2972 theoloqi
1576 2915 1773 2966 vocant,
1799 2910 2100 2967 necessitate,
2122 2923 2201 2955 re·

1173 2990 1374 3054 ferenda
1413 2997 1482 3036 est
1527 2989 1592 3036 ad
1641 2989 1813 3036 salutis
1859 2989 2194 3054 operationem.

1185 3072 1461 3138 operamur
1485 3081 1643 3119 autem
1678 3070 1875 3118 salutem
1893 3107 1908 3132 ,
1929 3073 1972 3118 si
1995 3071 2070 3119 len
2091 3072 2196 3136 spi-

1180 3153 1377 3202 ritualis
1392 3152 1582 3202 carnali
1605 3156 1824 3219 superior
1841 3155 1975 3217 saeta
1991 3155 2046 3201 in
2062 3154 2199 3202 nobis

1181 3243 1279 3295 est,
1319 3235 1464 3299 idque
1501 3243 1597 3281 tam
1636 3234 1775 3296 firme
1812 3241 1855 3281 et
1895 3243 2196 3295 constanter,

1182 3326 1235 3365 ut
1274 3334 1434 3365 onmes
1468 3325 1513 3364 et
1549 3318 1865 3382 appetitiones
1902 3326 1947 3364 et
1993 3320 2201 3365 actiones

1183 3408 1372 3447 nostrae
1401 3400 1583 3464 diriyat
1614 3399 1678 3447 ad
1713 3398 1903 3447 honesta
1936 3400 2200 3464 (moraliter

1184 3482 1335 3546 hona)
1355 3482 1674 3548 perficienda,
1694 3481 1779 3531 hoc
1795 3491 1889 3543 est,
1913 3499 1964 3530 eo
1988 3468 2213 3544 dirimet,¹

1185 3574 1240 3611 αι
1268 3572 1312 3611 et
1332 3564 1534 3612 velimus
1557 3566 1722 3612 omnia
1742 3603 1755 3626 ‚
1787 3581 1895 3630 quae
1921 3562 2021 3611 vult
2042 3560 2198 3623 Deus,

1186 3655 1228 3694 et
1267 3646 1522 3711 suqiamus
1570 3648 1734 3696 ommia
1756 3683 1772 3710 ‚
1824 3662 1931 3710 quoe
1978 3644 2039 3692 ab
2096 3645 2201 3708 ipso

1833 3725 1926 3783 31.
