2502 4134
436 150 595 186 PAR'r.
633 148 702 185 11.
747 146 874 184 GAP.
918 144 1004 182 111.
1054 145 1122 181 DE
1165 143 1325 181 SACR.
1368 139 1652 180 SCRIPTUR·
1701 139 1889 178 INTER.
2106 114 2216 176 151

110 291 339 365 fierint,
373 300 496 347 tum
535 307 770 346 omnem
814 282 1272 366 supernaturalis
1308 281 1559 365 praesidii
1598 280 1659 339 in
1689 280 1756 339 iis
1787 276 2219 339 conscribendis

107 387 295 446 ideam
326 384 558 466 penitus
594 380 1040 441 exterminarint
1082 379 1196 459 (l).
1361 456 1364 459 Ι

188 479 331 539 233.
361 477 639 538 Eumdem
660 497 1025 558 progressum
1048 494 1284 533 cernere
1311 482 1399 531 est
1426 469 1584 552 apud
1613 473 2005 530 protestantes
2029 458 2222 551 quoad

108 575 603 636 hermeneuticam
645 584 704 631 et
742 572 1024 651 exegesim
1055 590 1309 639 sacram3
1345 587 1484 624 nam
1513 565 1587 624 ab
1618 566 1783 624 initio
1814 565 1996 646 pluris
2032 563 2222 623 adhuc

110 669 398 731 faciebant
424 669 751 727 traditionis
777 688 1045 739 sensum;
1075 686 1196 724 non
1228 659 1699 743 dedignabantur
1729 662 1971 718 Patrum
2006 659 2221 741 scripta

111 766 440 840 consulere,
481 786 544 823 ac
588 764 901 846 primitivas
950 760 1210 821 Ecclesiae
1256 757 1582 817 doctrinam
1628 753 1902 814 recolere.
1948 756 2023 814 At
2063 755 2223 814 enim

112 884 230 921 non
257 861 351 919 hic
380 861 480 920 diu
512 881 602 919 res
630 859 825 932 stetit3
856 857 990 933 sed,
1018 868 1223 915 cuncta
1249 853 1348 912 illa
1379 850 1728 911 adminicula
1753 848 2027 932 deinceps
2059 872 2226 934 sper-

112 968 321 1017 nentes
342 1002 356 1029 .,
384 946 492 1013 sib'i
523 953 673 1013 solos
698 953 872 1012 duces
908 973 1033 1011 esse
1067 949 1429 1008 maluerunt.-
1463 942 1686 1006 Exinde
1725 965 1975 1005 canones
2012 945 2098 1005 illi
2129 945 2226 1004 bi-
2264 970 2266 974 ⁴

115 1051 284 1110 blicae
318 1049 768 1110 hermeneuticae
788 1090 805 1119 ,
851 1044 1062 1126 quibus
1096 1043 1291 1102 omnia
1323 1041 1400 1100 ad
1433 1040 1707 1099 interiora
1741 1051 2017 1100 revocant
2055 1064 2230 1122 argu-

116 1158 315 1206 menta
339 1190 356 1221 ‚
404 1144 478 1202 ad
527 1163 698 1200 usum
749 1137 1062 1221 loquendi,
1123 1157 1300 1218 quem
1350 1132 1708 1216 praecipuum
1760 1145 1821 1193 et
1871 1135 2228 1200 exclusivum

116 1250 325 1300 vocant
350 1239 459 1296 rite
487 1235 815 1316 Scripturas
837 1231 1263 1314 interpretandi
1293 1229 1554 1290 medium
1575 1275 1590 1304 ‚
1621 1250 1799 1310 quem
1829 1239 2030 1297 tamen
2065 1253 2233 1290 usum

114 1355 235 1393 non
257 1354 328 1392 ex
351 1329 616 1391 Patribus
633 1374 652 1406 ‚
672 1330 773 1411 qui
803 1328 1065 1411 proxime
1098 1326 1426 1410 apostolicae
1455 1325 1783 1384 floruerunt
1820 1325 1974 1384 aetati
1994 1371 2011 1400 .,
2038 1325 2141 1384 sed
2161 1347 2234 1386 ex

111 1426 437 1487 auctoribus
464 1426 723 1509 profanis
755 1445 1047 1485 arcessere
1082 1423 1350 1506 inprimis
1373 1431 1596 1481 amant.
1639 1421 1789 1480 Hinc
1821 1431 2106 1503 perpetua
2134 1420 2233 1480 illa

112 1522 464 1604 comparatio
493 1523 652 1581 inter
678 1520 960 1579 dictiones
992 1531 1054 1579 et
1079 1518 1320 1602 phrases
1349 1518 1696 1598 scriptorum
1723 1537 2019 1575 sacrorum
2040 1526 2235 1575 aucto-

116 1639 367 1700 rumque
387 1616 768 1699 profanorum
788 1661 803 1691 ,
829 1637 947 1698 quo
976 1614 1060 1672 nil
1092 1615 1273 1693 magis
1295 1615 1357 1671 in
1379 1613 1625 1671 istorum
1649 1612 1859 1672 emicat
1880 1611 2105 1693 scriptis
2123 1612 2233 1693 (2).

118 1714 208 1774 Ad
234 1712 691 1795 parallelismum
723 1722 1046 1793 provocant
1075 1712 1448 1770 continenter
1480 1709 1742 1768 locorum
1762 1753 1778 1782 ,
1809 1707 1886 1766 ad
1920 1706 2238 1789 parallelis-

114 1831 275 1867 mum
308 1808 636 1890 poeticum,
677 1806 944 1887 quamvis
974 1805 1243 1864 nondum
1289 1805 1424 1862 satis
1464 1805 1659 1862 firmas
1698 1803 2108 1861 constituerint
2138 1823 2234 1861 re-

115 1903 274 1984 gulas
317 1903 390 1962 ad
439 1901 725 1982 ejusmodi
769 1900 1193 1983 parallelismos
1238 1898 1630 1979 detegendOS‚
1680 1910 1879 1956 utrum
1915 1897 2129 1956 scilicet
2168 1898 2234 1955 in

119 1997 344 2073 verbiS‚
385 2020 461 2057 an
489 2001 551 2057 in
588 1997 927 2072 sententiiS,
963 2006 1063 2054 aut
1096 1995 1156 2054 in
1197 1995 1459 2076 utrisque
1495 1993 1672 2052 simul
1713 1993 1787 2052 sit
1825 1990 2233 2074 reponendus;

116 2095 257 2152 item
281 2093 355 2152 ad
378 2094 752 2177 principium,
779 2092 935 2174 quod
959 2092 1520 2151 accommodationis
1545 2087 1870 2171 appellant,
1905 2087 2098 2170 quoad
2127 2109 2236 2169 ap—

122 2187 495 2269 plicationem
529 2201 797 2251 veterum
821 2189 1232 2252 vaticiniorum
1261 2185 1335 2245 ad
1359 2185 1652 2245 Christum
1679 2184 1767 2265 (3)
1790 2230 1803 2257 ,
1830 2207 1948 2242 non
1975 2205 2046 2243 ex
2069 2194 2237 2265 parte

123 2282 430 2342 dumtaxat
448 2283 854 2363 Apostolorum
872 2295 931 2343 et
951 2281 1448 2360 Evangelistarum
1466 2325 1481 2354 ,
1506 2279 1609 2338 sed
1624 2291 1685 2339 et
1705 2280 1918 2338 Christi
1932 2280 2112 2360 ipsius
2129 2278 2236 2358 (4).
2320 2325 2327 2334 .

125 2377 212 2437 Ad
231 2389 658 2459 praeconceptas
678 2377 919 2436 demum
943 2376 1246 2458 opiniones
1262 2374 1520 2452 judaicas
1540 2385 1600 2432 et
1622 2373 1969 2454 pharisaicas
1995 2372 2154 2447 Pauli
2175 2392 2241 2431 ac

129 2472 487 2555 reliquorum
515 2472 922 2555 Apostolorum
949 2492 1010 2530 se
1036 2479 1389 2532 convertunt
1410 2468 1523 2548 (5).
1553 2467 1706 2541 Quid,
1727 2468 1973 2550 proinde
1995 2467 2237 2543 mirum,

190 2719 256 2782 (1)
292 2717 390 2766 Cfr.
411 2721 617 2783 superius
645 2719 768 2766 dicta
787 2756 801 2776 ‚
834 2728 935 2765 tum
957 2716 1142 2777 Glaire‚
1180 2713 1184 2716 ’
1223 2716 1442 2764 debcant.
1464 2714 1559 2764 Nec
1579 2732 1686 2764 vero
1716 2715 2096 2781 reprehendimus
2113 2714 2247 2765 abso-

127 2818 200 2866 op.
227 2802 308 2848 eit.
335 2810 451 2848 tom.
482 2817 531 2859 ι,
565 2815 672 2864 pag.
703 2798 802 2849 535
833 2810 877 2848 et
911 2817 1006 2865 seq.
1224 2798 1320 2846 lute
1355 2798 1584 2862 ejusmodi
1620 2796 1867 2846 verborum
1895 2809 1974 2846 aut
2007 2798 2243 2862 phrasium

196 2883 263 2946 (2)
301 2883 524 2947 Perpetua
576 2883 668 2931 sere
717 2892 787 2930 est
829 2883 1143 2945 comparatio,
1225 2877 1576 2945 parassehsmos,
1599 2879 1678 2928 sed
1693 2880 1875 2927 illorum
1890 2878 2246 2939 abusum‚cum

129 2980 231 3031 quae
251 2968 300 3012 in
318 2965 676 3030 protestantibus
700 2964 1028 3029 interpretibus
1048 2980 1148 3011 cer·
1228 2964 1474 3027 praesertim
1508 2959 1674 3009 horum
1710 2962 1902 3010 obtentu
1938 2961 2150 3010 Ecclesiae
2178 2962 2253 3009 in-

135 3047 290 3103 nitur,
327 3049 449 3094 inter
479 3046 665 3110 phrases
690 3048 963 3111 scriptorum
993 3045 1148 3110 prosa·
1229 3046 1598 3109 terpretationem
1660 3045 1907 3094 excludere
1968 3043 2250 3094 contendant

138 3143 303 3175 norum
337 3138 380 3177 et
417 3130 688 3193 scriptorum
728 3146 995 3187 sacrorum,
1034 3126 1151 3174 adeo
1231 3130 1339 3176 novi
1367 3129 1442 3175 isti
1472 3129 1738 3191 interpretes
1761 3137 1804 3176 et
1834 3136 2050 3192 exegetae.

143 3217 196 3256 ut
233 3210 308 3257 vix
348 3212 562 3274 paginam
601 3227 871 3275 percurras,
914 3211 1031 3274 quin
1071 3207 1153 3255 tibi
1301 3208 1361 3273 (3)
1398 3208 1496 3266 Cfr.
1541 3206 1734 3267 Starck‚
1782 3205 2060 3258 Entretiens
2086 3206 2252 3273 philo-

145 3287 368 3351 ejusmodi
383 3294 747 3356 comparationes
765 3307 936 3356 magno
956 3307 1155 3338 numero
1234 3290 1368 3357 soph.
1400 3307 1505 3356 pag.
1546 3288 1639 3340 155
1669 3300 1712 3339 et
1741 3307 1875 3357 seqq.

149 3377 427 3433 occur-rant,
476 3377 611 3439 quasi
658 3392 828 3439 nempe
866 3373 1070 3439 Apostoli
1113 3382 1160 3420 et
1304 3374 1372 3437 (h)
1413 3373 1472 3421 Ut
1494 3371 1821 3436 Wegscheider
1845 3374 2045 3439 passim,
2074 3386 2260 3437 praeser-

151 3446 1159 3516 Evangelistaeaplatone,H·0mero‚Aesehine‚
1240 3458 1322 3503 tim
1350 3452 1378 3519 §
1411 3470 1496 3503 121
1530 3465 1574 3503 et
1608 3469 1718 3522 199.

150 3527 452 3582 Demosthene
479 3535 662 3599 phrases
691 3557 794 3587 suas
825 3536 1024 3587 mutuati
1054 3537 1157 3585 fue·
1310 3538 1378 3602 (5)
1417 3536 1552 3603 Apud
1584 3535 1747 3587 Starck
1765 3573 1779 3597 ‚
1814 3553 1891 3601 op·
1920 3537 1999 3583 cit·
2024 3551 2127 3599 pag·
2163 3530 2257 3580 ¹33

151 3613 279 3674 rint,
314 3616 377 3661 ita
406 3626 456 3663 ut
478 3617 538 3666 ad
565 3619 664 3669 illas
694 3637 789 3672 suae
819 3624 1027 3687 ipsorum
1045 3621 1163 3684 exigi
1249 3629 1295 3669 et
1323 3637 1424 3686 seq.
