2502 4134
308 142 426 202 140
935 171 1134 211 rnAc‘r.
1183 172 1252 209 nn
1295 169 1451 210 zoc1s
1493 171 1875 212 mnozocims-

303 305 585 371 interiore
621 309 847 373 lumine
870 312 1193 374 illustratus
1219 313 1479 393 judicat,
1506 313 1571 375 id
1594 326 1683 376 est
1702 361 1717 390 ,
1750 314 2030 386 discernit
2056 315 2251 376 omnia
2270 362 2288 392 .,
2322 327 2450 378 ter-

305 423 451 464 rena
486 428 705 489 nempe
740 420 803 468 et
837 408 1073 485 divina,
1117 410 1191 469 ad
1226 411 1528 492 propriam
1559 410 1929 494 aliorumque
1962 410 2405 473 aedificationem
2425 460 2442 489 ,

302 519 495 569 conc„
514 501 740 595 Judicat
754 503 975 583 judicio
999 505 1307 566 definitivo
1330 516 1391 564 et
1407 505 1768 588 dogmatico
1794 529 1924 587 neq.
1953 508 2076 566 Hoc
2099 508 2260 566 enim
2282 507 2451 569 abso—

303 591 453 654 num
489 610 578 656 est
614 610 675 658 et
708 599 782 658 ab
822 602 1081 684 Apostoli
1114 612 1317 662 mente
1359 603 1645 683 inprimis
1672 615 2008 675 remotum
2047 603 2148 684 qui
2182 601 2308 662 loco
2347 605 2444 663 cit.

301 692 476 753 unice
510 697 858 773 contendit
898 698 1215 757 animalem
1249 698 1551 758 hominem
1585 699 1871 775 judicium
1906 699 2037 760 de
2022 701 2090 758 iis
2128 701 2283 760 ferre
2327 723 2451 760 non

299 808 473 870 posse
491 834 507 865 ‚
545 811 679 873 quae
701 795 1168 876 supernaturalia
1194 806 1333 853 sunt
1361 805 1537 876 atque
1560 793 1759 857 divina
1778 840 1795 869 ,
1837 815 1972 855 cum
2001 795 2204 857 divino
2239 795 2313 856 ad
2339 795 2451 855 hoc

299 881 529 946 lumine
563 908 710 969 opus
748 892 863 963 sit3
899 891 1000 972 qui
1038 912 1179 951 vero
1215 889 1499 951 divinitus
1528 901 1730 950 mente
1757 901 1898 948 sunt
1928 891 2287 966 collustrati7
2326 913 2448 951 non

297 980 503 1043 divina
526 983 718 1043 solum
739 999 1009 1067 possunt,
1031 989 1136 1047 sed
1150 1001 1383 1048 terrena
1399 988 1581 1047 etiam
1593 986 1858 1066 judicare
1884 998 2060 1067 atque
2077 1008 2443 1068 cognoscere.

298 1077 382 1138 Hi
402 1100 640 1163 semper
662 1084 924 1164 profecto
949 1084 1189 1142 fuerunt
1208 1129 1224 1157 ,
1252 1095 1391 1141 sunt
1413 1094 1588 1165 atque
1612 1081 1756 1143 adeo
1782 1093 1960 1141 erunt
1987 1081 2051 1140 in
2078 1103 2215 1143 vera
2232 1083 2446 1142 Christi

298 1175 554 1237 Ecclesia
579 1178 794 1240 divinis
829 1180 1278 1240 charismatibus
1312 1180 1545 1262 praediti
1574 1179 1687 1259 (1).
1717 1180 1995 1237 Attamen
2023 1179 2134 1259 ipsi
2160 1177 2271 1237 sibi
2294 1178 2451 1257 judi-

296 1273 456 1332 cium
495 1274 890 1357 dogmaticum
947 1287 1048 1335 aut
1089 1275 1478 1356 dogmaticam
1522 1276 1957 1356 scripturarum
2002 1275 2448 1356 interpretatio-

294 1389 444 1430 nem
482 1393 751 1454 arrogare
780 1395 856 1433 ne
881 1373 1210 1452 cogitarunt
1233 1372 1473 1453 quidem
1498 1393 1797 1453 unquamz,
1833 1371 1936 1431 sed
1965 1370 2184 1449 judicio
2212 1383 2448 1431 econtra

296 1476 362 1524 et
392 1467 865 1550 interpretationi
895 1469 1157 1529 Ecclesiae
1193 1480 1321 1528 toto
1360 1469 1558 1527 animo
1593 1468 1992 1530 adhaeserunt.
2034 1469 2305 1544 Accedit,
2335 1492 2446 1538 ¹nos

290 1559 514 1640 latere,
555 1566 657 1648 qui
695 1565 985 1645 ejusmodi
1025 1565 1296 1624 homines
1337 1586 1477 1627 Vere
1514 1564 1844 1647 spirituales
1896 1564 2050 1638 sint,
2103 1576 2204 1622 aut
2237 1564 2446 1625 saltem

293 1659 466 1720 nobis
482 1661 555 1722 de
576 1663 645 1721 iis
668 1660 1022 1722 certitudine
1044 1660 1182 1721 fidei
1204 1683 1327 1720 non
1350 1673 1645 1720 constare.
1675 1659 1876 1734 Quid?
1901 1659 2059 1741 quod
2082 1682 2191 1720 nec
2211 1683 2446 1744 semper

289 1758 496 1817 omnia
531 1768 919 1839 cognoscunt3
957 1769 1020 1819 et
1058 1779 1194 1817 cum
1237 1760 1394 1818 Deus
1434 1757 1643 1817 iisdem
1686 1778 1807 1816 non
1842 1757 2039 1816 omnia
2083 1757 2340 1833 revelet,
2379 1759 2443 1817 in

294 1851 562 1934 pluribus
595 1855 716 1915 labi
748 1867 976 1938 queunt
1005 1856 1066 1936 (ἢ
1034 1857 1118 1936 ...).
1468 1894 1470 1898 »

373 1953 522 2013 216.
574 1953 1112 2030 Ac15m‚Disc.1n
1150 1955 1255 2030 iis7
1295 1975 1423 2036 quae
1454 1958 1580 2032 jam
1621 1951 1696 2012 ab
1740 1953 2032 2035 Apostolis
2073 1952 2441 2029 didicerunt„

291 2069 457 2109 conc.
474 2071 495 2119 ,·
533 2050 855 2111 universim
882 2062 941 2110 et
967 2049 1234 2109 absolute
1257 2094 1274 2125 7
1306 2071 1437 2129 neq.
1474 2050 1653 2107 Totus
1682 2048 1792 2108 hoc
1822 2049 1948 2107 loco
1973 2047 2282 2130 Apostolus
2315 2060 2404 2108 est
2423 2094 2439 2124 ,

289 2157 361 2205 ut
394 2145 596 2207 fideles
625 2169 657 2206 a
691 2146 1030 2207 seductione
1058 2146 1467 2205 haereticorum
1495 2156 1723 2207 avertat
1747 2191 1763 2220 ‚
1796 2148 1941 2227 quos
1970 2144 2308 2204 seductores
2337 2167 2443 2208 vo-

292 2253 387 2302 cat
402 2254 461 2302 et
476 2242 872 2317 antichristos7
893 2244 1111 2325 quique
1128 2240 1237 2301 sub
1259 2241 1510 2301 obtentu
1537 2243 1862 2300 accuratius
1885 2241 2086 2301 fideles
2108 2241 2441 2301 instruendi

290 2338 451 2398 falsis
469 2334 606 2398 ‘illos
635 2339 915 2398 doctrinis
940 2337 1292 2406 illudebant.
1319 2338 1402 2397 Ut
1431 2338 1608 2419 igitur
1629 2339 1703 2396 ab
1729 2339 1977 2396 istorum
2006 2336 2285 2420 luporum
2313 2338 2442 2396 fau-

291 2433 455 2494 cibus
505 2434 867 2495 Christianos
917 2434 1048 2493 illos
1081 2434 1338 2516 eriperet
1383 2436 1684 2510 Joannes7
1733 2433 1969 2493 eosdem
2021 2432 2337 2509 monebat,
2374 2445 2441 2492 ut

287 2544 691 2614 praecaverent
726 2554 787 2592 se
825 2530 899 2591 ab
945 2530 1182 2590 illorum
1221 2530 1491 2590 doctrina
1534 2541 1596 2591 et
1646 2529 2016 2603 seductione3
2062 2551 2195 2589 cum
2241 2530 2439 2589 omnia

288 2628 438 2687 scitu
473 2628 547 2687 ad
580 2627 830 2688 salutem
868 2628 1190 2687 necessaria
1217 2638 1517 2709 comperta
1539 2626 1830 2686 haberent
1849 2672 1864 2699 a
1892 2627 2179 2704 quomodo
2198 2673 2214 2695 ,
2246 2625 2439 2707 inquit

287 2723 677 2784 Bellarminus
699 2771 714 2800 7
758 2729 816 2786 si
863 2726 1197 2784 Catholicus
1225 2725 1454 2802 aliquis
1486 2724 1772 2781 scriberet
1811 2723 2164 2793 Catholicis,
2202 2727 2316 2801 qui
2358 2723 2438 2781 ab

288 2821 586 2881 hoereticis
627 2823 1045 2881 obsiderentur
1072 2831 1127 2878 et
1150 2820 1712 2899 perturbarentur,
1755 2839 1876 2876 non
1916 2828 2142 2877 necesse
2176 2819 2437 2887 habetis,

286 2929 363 2976 ut
382 2921 611 2998 aliquis
628 2919 1010 2977 Lutlzeranus
1032 2917 1120 2974 vel
1135 2915 1468 2975 Calvinista
1491 2915 1695 2973 doceat
1706 2935 1801 2972 vos
1813 2916 2155 2973 doctrinam
2177 2914 2408 2974 Christi
2418 2937 2438 2980 ;

289 3020 532 3074 omnino
558 3019 723 3073 enim
742 3061 757 3085 ,
790 3035 922 3093 quoe
949 3035 1044 3072 vos
1071 3017 1224 3071 scire
1261 3022 1520 3091 oportet,
1548 3015 1674 3089 jam
1714 3013 2018 3070 didicistis
2045 3023 2100 3070 et
2134 3016 2339 3070 tenetis
2366 3033 2438 3069 ex

275 3111 717 3191 praedicatione
748 3111 1061 3185 Ecclesiae,
1102 3110 1433 3188 adjuvante
1466 3110 1747 3168 unctione
1779 3110 2055 3187 Spiritus
2084 3109 2297 3166 Sancti
2318 3106 2429 3187 (3).

290 3205 443 3264 Sane
474 3205 650 3287 paulo
677 3217 815 3265 ante
838 3204 1065 3284 objecta
1092 3203 1270 3266 verba
1304 3206 1382 3264 sic
1410 3206 1669 3264 Joannes
1695 3206 1776 3262 ait
1807 3226 1821 3261 :
1852 3205 1996 3263 Non
2025 3207 2251 3281 scripsi
2271 3203 2435 3261 vobis

289 3303 472 3380 quasi
498 3304 928 3382 iqnorantibus
957 3304 1267 3362 veritatem
1283 3346 1303 3374 ,
1334 3302 1438 3360 sed
1470 3303 1648 3381 quasi
1684 3301 2011 3359 scientibus
2047 3318 2215 3366 eam;
2251 3308 2310 3357 et
2338 3319 2434 3358 vos

360 3522 429 3587 (l)
465 3521 564 3571 Cfr.
595 3522 822 3573 Bernard.
857 3543 883 3573 a
910 3525 1073 3574 Picon.
1117 3524 1322 3590 Triplex
1405 3523 1494 3573 lib.
1523 3539 1607 3583 m,
1642 3539 1747 3587 cap.
1788 3537 1880 3582 io,
1913 3538 1966 3570 n.
2001 3519 2081 3571 15.

290 3606 491 3672 exposit.
522 3608 572 3654 in
602 3606 732 3654 hunc
760 3607 848 3655 loc.
1476 3605 1542 3670 (3)
1583 3604 1708 3653 lbid.
1734 3622 1782 3655 n.
1817 3619 1903 3652 22.

364 3689 437 3756 (2)
473 3687 575 3739 Cfr.
611 3689 882 3739 Bellarmin.
919 3690 999 3739 De
1026 3689 1163 3739 verbo
1187 3688 1323 3752 Dei,
