2502 4134
391 184 547 226 mar.
595 182 658 220 ιι.
705 179 828 219 car.
875 178 936 216 u.
981 176 1048 213 »Β
1093 173 1275 213 mvm.
1324 169 1450 210 cm.
1499 169 1638 209 una.
1690 169 1892 208 msrm.
2125 146 2204 205 95

93 338 286 415 posset
315 327 622 410 quisquam
655 340 937 403 reponere
977 343 994 378 ι
1028 318 1315 391 Quorsum
1360 311 1620 371 Ecclesiae
1659 311 1964 371 auctoritas
1984 310 2013 369 Ρ
2047 311 2206 371 Num

98 427 365 486 Chr-istus
397 443 512 481 non
553 429 636 478 est
666 419 738 476 id
758 416 916 496 quod
941 424 1052 483 est,
1079 409 1543 489 independenter
1583 430 1621 465 a
1650 410 1854 486 quovis
1891 407 2207 465 hominum

94 517 469 580 testimonio?
513 517 635 574 Hoc
678 523 834 573 certe
877 508 1051 568 modo
1099 508 1365 586 dogmata
1421 514 1700 562 nutarent
1752 504 1944 561 omnia
1971 549 1986 577 ,
2031 514 2208 583 prout

56 616 281 697 -reipsa
316 611 472 694 apud
513 613 903 669 protestantes
945 615 1159 663 nutant
1183 647 1200 676 .‚
1241 623 1304 660 ac
1349 599 1589 658 omnino
1627 597 1783 679 apud
1825 598 2208 656 rationalistas

96 709 490 771 conciderunt.
537 708 620 764 Ita
650 725 783 783 ergo
821 701 1127 762 auctoritas
1161 696 1417 769 Ecclesiae
1453 691 1645 776 quoad
1677 713 1968 750 sacrorum
2006 692 2209 752 Libro-

95 829 228 867 rum
256 804 512 863 codicem
542 799 716 882 plane
752 820 811 857 se
845 795 1023 856 habet
1043 841 1059 869 7
1089 789 1583 876 quemadmodum
1611 787 1675 846 in
1707 785 1910 845 ordine
1942 786 2016 846 ad
2046 787 2211 846 codi-

98 923 190 961 ces
217 897 585 979 legislationis
621 894 865 978 politicae
903 912 964 950 se
1002 888 1183 948 habet
1204 887 1613 972 promzclyatz'o
1647 907 1666 940 .·
1706 882 1805 965 qui
1836 902 2086 962 nempe,
2118 891 2214 940 ta-

100 996 269 1056 metsi
304 995 426 1054 vim
454 1013 617 1051 suam
652 1011 684 1047 a
717 984 1058 1066 legislatoris
1101 991 1389 1063 potestate
1416 981 1730 1040 intrinsece
1766 976 2210 1053 nanciscantur,

102 1113 134 1150 a
178 1090 296 1150 sola
336 1101 533 1147 tamen
586 1080 1052 1165 promulgatione
1090 1075 1253 1134 illam
1301 1074 1578 1134 obtinent
1626 1074 2063 1147 auctoritatem,
2101 1095 2216 1154 qua

101 1186 358 1266 regulam
387 1180 754 1241 subditorum
791 1174 1143 1235 constituere
1187 1169 1420 1232 valeant
1451 1169 1772 1252 iisdemque
1803 1167 2214 1253 obligationem

101 1280 373 1339 inducere
406 1276 518 1354 (l).

186 1373 319 1431 147.
363 1370 593 1430 Juverit
632 1367 726 1426 hic
765 1365 1004 1424 demum
1044 1360 1554 1437 animadvertere,
1599 1360 1755 1443 quo'd
1809 1383 1884 1422 ex
1932 1362 2218 1444 principio

101 1466 527 1541 fundamentali
568 1460 1070 1535 Protestantismi,
1110 1460 1183 1520 de
1223 1456 1557 1518 omnimoda
1600 1461 1874 1537 cujusque
1924 1456 2218 1539 indepen-

102 1563 299 1623 dentia
331 1574 390 1622 et
423 1561 693 1621 libertate
720 1558 1004 1618 examinis
1023 1601 1039 1631 ,
1068 1555 1311 1616 deberet
1344 1551 1649 1637 quodlibet
1675 1552 2050 1612 individuum
2081 1575 2221 1636 pro-
2242 1621 2258 1637 ⁸

103 1669 352 1728 testans,
381 1657 557 1717 etiam
592 1677 624 1715 e
651 1655 788 1714 faece
824 1651 1012 1734 plebis
1034 1697 1049 1726 .,
1085 1651 1194 1711 sibi
1231 1672 1262 1710 e
1300 1650 1696 1709 monumentis
1728 1647 2012 1708 historicis
2041 1661 2100 1710 et
2126 1671 2222 1709 ex·

105 1753 415 1835 quisitioris
466 1752 688 1810 critices
739 1770 848 1830 ope
901 1746 1315 1808 certitudinem
1372 1766 1707 1826 comparare
1750 1743 2074 1820 librorum,
2120 1744 2222 1826 qui

103 1849 370 1931 inspirati
404 1845 659 1906 habendi
685 1845 818 1904 sint.
850 1842 1020 1917 Quod
1050 1844 1098 1902 si
1126 1842 1185 1901 id
1211 1842 1437 1926 assequi
1461 1863 1582 1899 non
1610 1842 1789 1923 possit
1816 1842 1839 1920 (
1856 1852 1916 1901 et
1951 1853 2096 1922 quot
2125 1840 2223 1899 de-

105 1968 268 2007 mum
307 1955 445 2002 sunt
483 1943 580 2024 qui
616 1962 785 2022 pares
831 1950 997 1998 tanto
1030 1938 1258 1997 muneri
1296 1936 1581 2016 existant)
1605 1982 1620 2010 .‚
1661 1958 1756 1996 eos
1780 1958 1851 1996 ex
1883 1938 2225 1998 auctoritate

106 2040 429 2100 doctiorum
477 2036 749 2096 admittat
775 2081 791 2109 7
822 2045 1073 2116 oportet.
1112 2035 1263 2092 Hinc
1301 2034 1366 2090 fit
1413 2044 1478 2090 ut
1515 2031 1636 2105 illi,
1687 2032 1787 2113 qui
1821 2035 2224 2092 auctoritatem

111 2133 385 2211 ainciunt
423 2132 678 2191 Ecclesiae
711 2131 1031 2203 universae,
1078 2151 1191 2210 qua
1231 2126 1409 2186 libros
1450 2127 1674 2210 aliquos
1713 2138 1998 2208 tanquam
2034 2129 2221 2211 inspi-
2312 2179 2316 2184 .

111 2239 266 2287 ratos
289 2249 354 2286 ac
374 2227 602 2286 divinos
633 2225 888 2284 habeant
911 2270 926 2298 ,
955 2223 1198 2304 obsequi
1222 2223 1475 2283 debeant
1498 2225 1827 2286 auctoritati
1852 2226 2183 2284 criticorum
2206 2270 2222 2299 ,

109 2324 210 2404 qui
240 2343 543 2402 nunquam
575 2322 728 2378 inter
749 2341 808 2379 se
840 2340 946 2377 nec
969 2340 1201 2400 semper
1231 2317 1502 2398 sibiipsis
1527 2318 1842 2378 cohaerent.
1871 2319 2021 2378 Talis
2051 2341 2226 2401 porro

113 2430 202 2478 est
229 2418 688 2500 protestantismi
715 2414 825 2474 sibi
853 2416 1164 2474 intrinsece
1190 2415 1567 2494 repugnantis
1598 2425 1804 2473 natura
1829 2415 1842 2474 !

199 2512 335 2571 148.
385 2512 513 2590 Obj.
539 2509 808 2571 secunda.
840 2513 905 2568 10
929 2511 1068 2583 Quae
1106 2518 1373 2590 spectant
1407 2509 1479 2568 ad
1515 2510 1839 2591 Scripturas
1860 2555 1876 2584 ,
1908 2512 2229 2590 cujusmodi

115 2621 253 2668 sunt
294 2630 493 2668 earum
535 2608 874 2677 existentia,
922 2605 1241 2677 veracitaS.,
1284 2603 1727 2684 authenticitas,
1776 2607 2127 2667 canonicitas
2164 2630 2230 2667 ac

117 2703 313 2765 divina
353 2703 656 2785 inspiratio
683 2747 699 2777 .,
747 2723 868 2760 non
910 2700 1270 2759 constituunt
1311 2698 1518 2778 dogma
1565 2712 1666 2759 aut
1709 2701 2015 2761 articulum
2053 2702 2226 2777 fidei3

117 2798 217 2858 sed
253 2798 522 2880 quaedam
563 2795 744 2858 veluti
777 2794 1190 2877 praeliminaria
1229 2796 1352 2856 sive
1389 2794 1746 2877 praeambula
1780 2795 1914 2856 fidei
1948 2809 2118 2874 sunt,
2157 2798 2231 2857 de

118 2892 323 2975 quibus
346 2905 654 2975 propterea
672 2913 794 2950 non
817 2912 887 2950 ex
908 2891 1275 2966 auctoritate,
1302 2889 1407 2950 sed
1427 2913 1458 2949 e
1481 2890 1688 2971 regulis
1711 2891 1932 2952 critices
1958 2904 2228 2953 constare

121 2986 294 3047 debet
333 2987 439 3067 (2).
474 2989 542 3045 2⁰
583 2986 664 3046 Ad
695 3007 830 3046 eum
860 2984 1072 3044 scilicet
1116 2985 1392 3062 modum,
1430 3007 1545 3067 quo
1584 2986 1886 3046 existentia
1924 2988 2063 3063 Dei,
2101 3008 2229 3070 quae

122 3082 257 3142 fidei
294 3081 718 3164 praeambulum
762 3093 883 3156 est,
921 3102 1042 3138 non
1079 3101 1151 3140 ex
1183 3079 1553 3141 revelationis
1590 3082 1928 3142 auctoritate
1942 3126 1964 3154 ,
2011 3082 2114 3142 sed
2158 3105 2230 3143 ex

127 3175 552 3259 philosophicis
595 3177 949 3256 argumentis
1005 3198 1038 3234 a
1099 3175 1349 3234 naturali
1415 3176 1639 3234 ratione
1695 3175 2060 3259 depromptis
2120 3178 2233 3238 de-

131 3283 517 3347 monstratum
545 3284 647 3332 aut
671 3272 848 3332 etiam
874 3270 1181 3331 existentia
1206 3270 1463 3330 Ecclesiae
1483 3316 1498 3345 ,
1538 3290 1663 3352 quae
1687 3272 1905 3353 pariter
1934 3272 2232 3354 quoddam

1527 3360 1548 3388 r

203 3485 268 3547 (1)
303 3486 399 3538 Cfr.
441 3507 540 3555 quae
580 3490 736 3539 scribit
775 3487 1026 3555 Gregoire,
1064 3506 1143 3554 op.
1219 3496 1484 3554 proterium
1504 3488 1903 3554 nonconfbrmsty,
1919 3507 1997 3539 seu
2015 3488 2096 3538 De
2112 3505 2236 3536 non·-

129 3567 214 3614 cit.
246 3575 360 3616 tom.
388 3585 463 3630 iv,
497 3589 600 3636 pag.
633 3569 731 3634 435
766 3581 811 3620 et
840 3588 971 3637 seqq.
1222 3570 1553 3634 conformitate
1597 3572 1937 3636 protestantioa
1962 3606 1980 3633 ,
2040 3569 2236 3618 London

215 3647 277 3710 (Ξ)
313 3647 377 3697 Ita
409 3648 564 3701 Josiah
601 3651 815 3715 Conder,
853 3656 903 3701 in
932 3670 1008 3719 op.
1056 3651 1141 3700 On
1231 3647 1358 3700 1818
1378 3687 1393 3716 ,
1426 3663 1540 3702 tom.
1572 3668 1607 3700 u
1629 3689 1642 3714 ,
1673 3670 1776 3719 pag.
1803 3653 1894 3702 31¹
1933 3661 1979 3702 et
2004 3667 2133 3717 seqq.
