2502 4134
409 161 566 201 nar.
613 161 676 199 11.
721 159 843 200 cu.
887 137 967 199 xii.
1012 161 1080 197 nn
1118 160 1276 199 εισι.
1326 160 1612 200 sempron.
1659 162 1846 200 umen.
2078 143 2187 202 101

891 327 1298 382 PROPOSITIO
1338 330 1379 381 Ι.

75 501 394 577 Scriptura
417 498 639 566 Sacra,
669 502 850 555 etiam
886 500 954 554 in
991 500 1072 555 iis
1091 507 1235 575 quoe'
1254 496 1340 554 ad
1357 496 1534 575 fidem
1559 506 1617 553 et
1645 518 1833 556 mores
1856 501 2195 577 pertinent,

379 613 499 649 non
534 597 618 650 ita
647 593 812 649 clara
847 601 960 660 est,
995 602 1066 649 ut
1098 594 1417 669 interprete
1448 610 1567 647 non
1596 591 1883 670 indiqeat.

161 837 299 897 155.
347 837 609 895 Diximus
628 880 646 908 ,
682 841 862 896 etiam
900 842 970 896 in
997 839 1076 895 iis
1107 858 1241 915 quoe
1280 836 1366 893 ad
1384 835 1567 912 fidem
1604 845 1659 892 et
1689 853 1879 891 mores
1893 838 2202 912 pertinent

75 933 431 1015 Scripturam
457 932 672 991 claram
711 954 833 991 non
858 952 983 991 esse
1003 977 1019 1004 ‚
1050 942 1117 989 ut
1142 930 1420 1008 effugium
1443 926 1904 991 protestantibus
1943 927 2201 1008 praeclu-

77 1027 346 1087 deremus
366 1074 383 1102 ,
416 1027 513 1108 qui
547 1024 708 1085 facile
730 1025 899 1083 nobis
927 1025 1075 1083 dant
1095 1068 1112 1098 ‚
1140 1025 1387 1093 Litteras
1415 1044 1603 1081 sacras
1631 1023 1694 1081 in
1733 1022 1910 1082 rebus
1950 1022 2195 1081 minoris

78 1122 366 1181 momenti
392 1120 660 1179 obscuras
685 1140 839 1192 esse3
869 1129 930 1176 at
953 1115 1235 1195 ejusmodi
1261 1115 1676 1175 obscuritatem
1703 1137 1828 1175 sese
1855 1118 2033 1176 etiam
2062 1139 2198 1198 por-

78 1218 261 1298 rigere
303 1215 376 1275 ad
408 1214 542 1272 fidei
566 1235 657 1273 res
681 1234 746 1272 ac
769 1234 998 1271 morum
1016 1256 1038 1285 ,
1061 1211 1121 1270 id
1146 1232 1284 1272 vero
1309 1210 1690 1272 vehementer
1715 1222 1955 1291 negant.

163 1301 298 1368 156..
335 1310 410 1367 Ut
438 1308 612 1387 igitur
639 1309 703 1366 in
734 1329 802 1367 eo
826 1307 1160 1366 insistamus
1182 1351 1198 1380 ‚
1228 1305 1388 1387 quod
1409 1306 1820 1387 proposuimus
1842 1350 1858 1380 ‚
1886 1326 1958 1365 ex
1987 1306 2201 1388 triplici

77 1405 263 1483 capite
301 1404 622 1464 enunciatae
652 1403 1068 1484 propositionis
1103 1402 1407 1461 veritatem
1436 1402 1724 1475 eruimus3
1752 1422 1825 1461 ex
1861 1402 2202 1461 auctoritate

76 1498 289 1558 scilicet
311 1544 326 1572 ,
366 1520 436 1558 ex
478 1499 686 1557 intima
720 1499 844 1580 ipsa
879 1499 963 1558 rei
1003 1508 1245 1571 natura,
1273 1518 1339 1583 ac
1363 1496 1605 1555 demum
1643 1518 1713 1556 ex
1751 1496 2111 1556 confessione
2144 1508 2203 1557 et

79 1593 436 1676 experientia
461 1595 722 1676 ipsorum
746 1592 1216 1653 adversariorum
1240 1603 1596 1651 nostrorum.

160 1691 347 1771 Atque
370 1700 486 1748 uta
509 1693 702 1771 primo
728 1688 1106 1748 exordiamur
1123 1733 1139 1763 ‚
1165 1688 1372 1747 ceteris
1396 1687 1619 1747 omissis
1638 1731 1655 1762 ‚
1685 1699 1824 1747 nota
1851 1700 1993 1747 sunt
2023 1687 2202 1748 verba

79 1785 234 1849 Petri
255 1830 272 1859 a
307 1785 407 1866 qui
446 1783 692 1866 loquens
726 1784 800 1843 de
829 1782 1086 1865 epistolis
1117 1782 1278 1842 Pauli
1298 1828 1316 1857 .,
1351 1783 1433 1842 ait
1462 1805 1475 1842 ε
1512 1784 1592 1843 In
1624 1784 1850 1862 quihus
1877 1794 2022 1842 savit
2046 1805 2204 1862 quoe·

78 1881 222 1938 dam
257 1881 524 1959 difficilia
555 1882 851 1939 intellectu
875 1924 892 1955 ‚
939 1900 1072 1957 quoe
1115 1880 1355 1939 indocti
1387 1890 1445 1936 et
1476 1879 1785 1945 instabiles
1829 1879 2203 1956 depravant,

78 1979 235 2035 sicut
276 1986 331 2034 et
367 1987 587 2035 ceteras
623 1977 972 2054 Scripturas
1004 1975 1091 2033 ad
1118 1996 1297 2032 suam
1331 1979 1607 2054 ipsorum
1643 1974 2047 2053 perditionem
2085 1974 2198 2054 (1).

82 2071 186 2150 Agi
219 2059 395 2151 porro
427 2070 537 2130 hoc
572 2071 635 2129 in
670 2070 796 2129 loco
837 2070 910 2129 de
944 2071 1012 2128 iis
1050 2089 1178 2151 quae
1217 2069 1291 2128 ad
1322 2069 1500 2129 fidem
1530 2090 1838 2151 moresque
1861 2069 2202 2151 pertinent,

83 2175 246 2245 patet
274 2187 346 2224 ex
379 2187 446 2224 eo
487 2165 680 2247 quod,
717 2166 819 2247 qui
859 2167 938 2224 sic
976 2166 1299 2247 Scripturas
1339 2164 1766 2247 depravarent,
1801 2165 2207 2243 perditionem

85 2260 211 2317 sihi
240 2261 662 2329 adsciscerent,
695 2260 854 2341 quod.
875 2258 1192 2319 levioribus
1227 2259 1300 2318 de
1334 2258 1509 2318 rebus
1544 2258 1658 2318 dici
1691 2259 1949 2339 profecto
1974 2259 2200 2339 nequit.

89 2357 216 2428 Quo
236 2355 454 2436 pariter
477 2354 811 2413 referuntur
830 2375 1030 2435 preces
1050 2366 1110 2412 et
1130 2365 1288 2427 vota,
1315 2352 1525 2434 quibus
1539 2353 1844 2413 Psalmista
1866 2375 1896 2411 a
1923 2356 2044 2412 Deo
2065 2352 2207 2431 legis

86 2470 201 2518 suae
229 2450 674 2530 intelligentiam
700 2450 1033 2529 efflagitavit
1060 2472 1074 2506 ε
1106 2451 1204 2509 Da
1230 2451 1389 2507 mihi
1405 2451 1798 2520 intellectum,
1822 2459 1878 2507 et
1896 2451 2215 2508 scrutabor

86 2548 282 2625 lequm
314 2556 483 2604 tuam
503 2566 524 2613 ‚·
548 2581 628 2589 —
651 2547 804 2605 Doce
842 2567 933 2603 me
941 2545 1406 2622 justificationes
1447 2555 1620 2612 tua3‚·
1644 2579 1726 2591 -
1755 2545 2000 2603 Faciem
2039 2555 2223 2603 tuam'

87 2643 374 2699 illumina
417 2662 601 2720 super
649 2661 888 2699 servum
935 2650 1111 2698 tuum
1172 2640 1260 2717 (2)
1290 2664 1306 2712 3
1351 2639 1575 2719 aliaque
1627 2638 1911 2717 ejusmodi
1934 2684 1951 2715 ‚
1999 2638 2212 2720 quibus

88 2735 299 2793 Psalmi
342 2735 539 2795 referti
584 2746 740 2792 sunt.
786 2735 954 2792 Hisce
999 2744 1299 2816 permotus
1341 2734 1723 2813 Hieronymus
1748 2778 1763 2807 ,
1814 2733 1874 2791 in
1900 2734 2099 2813 Epist.
2132 2733 2221 2792 'ad

92 2833 424 2890 Paulinum
454 2853 473 2890 .·
509 2832 581 2889 Si
605 2841 810 2889 tantus
841 2830 1173 2909 Propheta,
1198 2826 1491 2887 scribebat
1510 2875 1527 2897 ,
1552 2829 1824 2887 tenebras
1850 2831 2214 2908 ijqnorantiae

92 2930 397 3008 confitetur
409 2974 433 3002 ,
454 2953 576 3009 qua
600 2951 703 2990 nos
724 2939 913 3009 putas
930 2929 1220 3007 parvulos
1243 2937 1299 2987 et
1317 2947 1463 3005 pene
1486 2912 1768 2986 lactentes
1786 2928 2043 2985 inscitiae
2057 2934 2220 2984 nocte

92 3027 469 3086 circumdari
489 3025 620 3106 (3)?
651 3027 841 3099 Quare
865 3023 1125 3085 Christus
1154 3045 1275 3080 non
1303 3021 1492 3080 solum
1519 3020 1716 3103 plures
1744 3021 2053 3102 Scripturae
2084 3030 2218 3079 tex-

96 3130 188 3179 tus
219 3120 511 3202 discipulis
538 3121 652 3179 suis
685 3119 1021 3201 explanavit
1048 3117 1137 3197 (4)
1157 3162 1174 3193 ‚
1208 3116 1311 3176 sed
1347 3128 1630 3198 praeterea
1667 3120 1904 3195 aperuit
1935 3118 2058 3175 illis
2083 3136 2223 3175 sen-

100 3234 232 3273 sum
246 3228 271 3286 ,⁸
288 3227 355 3274 ut
375 3217 776 3296 intelliyerent
796 3217 1147 3291 Scripturas
1165 3211 1280 3291 (5).
1297 3210 1451 3289 Quid
1473 3233 1648 3293 porro
1665 3211 1948 3271 intererat
1970 3210 2224 3291 Scriptu-

183 3454 250 3517 (l)
283 3473 317 3505 n
343 3458 441 3509 Pet.
467 3476 548 3519 111,
586 3458 664 3509 16.
864 3522 868 3527 „
951 3479 953 3482 ’
1116 3516 1118 3521 ¹
1213 3456 1326 3505 edit.
1360 3455 1557 3504 VallarS.

187 3536 253 3598 (2)
289 3537 366 3587 Ps.
393 3556 562 3601 cum,
584 3539 681 3605 34,
713 3540 808 3602 68,
849 3538 940 3590 ι35
961 3574 978 3602 ,
1013 3547 1105 3610 etc.
1285 3536 1351 3600 (lt)
1390 3537 1503 3585 Luc.
1534 3549 1672 3596 xm,
1707 3550 1790 3601 27.

188 3615 253 3680 (3)
290 3616 452 3683 Epist.
486 3638 617 3683 tvm,
650 3624 714 3672 ad
742 3615 1029 3672 Pantimh·
1065 3636 1099 3685 9
1121 3656 1134 3682 ,
1286 3619 1348 3684 (ὅ)
1386 3618 1508 3667 lbid.
1539 3635 1583 3666 v.
1614 3613 1701 3679 45.
