2502 4134
2123 165 2241 227 327

340 191 498 232 PART.
546 191 633 228 111.
682 190 829 228 SECT.
876 191 917 225 1.
966 188 1089 227 GAP.
1140 190 1179 227 1.
1228 190 1294 226 DE
1337 191 1472 229 ΕΔΤ.
1520 189 1648 227 ΔΝΤ.
1699 188 1809 225 Fu).
1857 186 2039 225 SPEGT.

125 340 517 395 internoscere
542 332 732 393 valeat
750 378 766 406 ,
798 354 861 391 ac
886 333 1168 392 naturalis
1196 333 1416 393 ordinis
1444 333 1717 393 veritates
1746 333 1803 391 vi
1827 353 1928 390 sua
1952 331 2242 411 detegere.

127 433 342 491 Verum
380 430 680 489 enimvero
708 428 901 487 seculo
933 430 1098 499 XVI,
1137 450 1268 487 cum
1300 451 1453 488 nova
1491 430 1750 509 primum
1797 427 2249 488 protestantium

126 526 338 606 placita
379 536 700 605 eruperunt
719 570 736 599 a
771 523 939 582 aliter
968 523 1334 583 (1011010000
1364 524 1588 581 ratione
1612 522 1857 599 judicari
1884 523 2080 604 coepit.

208 622 265 680 9.
315 621 599 680 Lutherus
645 621 843 692 enim,
894 641 1026 677 cum
1074 618 1377 678 hominem
1433 628 1668 698 peccato
1727 618 1959 697 originis
2002 618 2064 676 in
2111 619 2248 700 ipsis

126 728 350 777 naturae
392 715 794 776 essentialibus
836 714 1225 796 depravatum
1267 734 1334 771 ac
1375 711 1818 793 pessumdatum
1866 713 2135 788 doceret,
2182 735 2250 773 eo

127 813 244 871 fere
286 823 453 892 pacto
492 833 605 892 quo
651 810 901 869 liberum
953 815 1074 886 ejus
1123 809 1430 868 arbitr-ium
1474 818 1609 887 post
1655 805 1884 886 lapsum
1939 809 2173 869 sustulit
2219 831 2250 868 e
2319 804 2327 810 ’

126 907 354 980 medic,
388 908 468 965 ita
498 907 672 967 etiam
708 906 1036 965 humanum
1073 903 1440 965 intellectum
1471 901 1841 961 obscuratum
1881 904 2027 963 adeo
2060 916 2123 965 et
2148 925 2250 964 ex-

127 1004 379 1061 tinctum
416 1023 540 1061 esse
574 1010 942 1060 commentus
988 1011 1113 1070 est,
1152 1010 1220 1056 ut
1261 996 1407 1055 nihil
1441 996 1600 1067 veri,
1645 997 1768 1055 sine
1811 996 1947 1057 fidei
1985 998 2252 1060 revelatae

127 1094 347 1155 lumine
367 1142 384 1170 ,
426 1096 616 1156 eidem
647 1093 935 1173 reliquum
965 1104 1156 1154 esset:
1178 1092 1328 1150 Hinc
1356 1090 1728 1150 scholasticos
1759 1091 2022 1152 doctores
2053 1105 2250 1154 tanto-

128 1213 266 1272 pere
305 1190 656 1272 exagitavit3
696 1188 835 1247 hinc
881 1188 942 1245 in
979 1207 1215 1246 omnem
1269 1185 1702 1266 philosophiam
1744 1186 2126 1250 vehementer
2161 1202 2251 1250 est

127 1285 550 1357 debacchatus,
588 1303 834 1363 eamque
873 1292 938 1339 ut
975 1281 1109 1341 fidei
1153 1281 1454 1341 inimicam
1492 1279 1787 1354 traduxit3
1831 1280 1968 1341 hinc
1996 1284 2249 1367 denique

126 1401 328 1439 omnes
357 1378 838 1460 philosophorum
870 1378 1118 1436 virtutes
1161 1377 1298 1436 vitia
1319 1422 1335 1451 ,
1382 1397 1700 1457 omnesque
1737 1377 2004 1438 scientias
2038 1400 2247 1462 specu-

123 1475 328 1534 lativas
369 1495 592 1533 errores
635 1494 758 1532 esse
803 1471 1181 1553 proclamavit
1219 1474 1332 1550 (l).
1382 1470 1649 1549 Ejusdem
1689 1473 1940 1552 vestigiis
1973 1473 2169 1555 plures
2214 1499 2247 1538 e

195 1708 261 1770 (1)
301 1707 450 1755 Etiam
493 1707 788 1765 Lemnium,
833 1710 882 1755 in
930 1706 1142 1754 Dissert.

125 1790 183 1837 de
226 1790 457 1853 conform.
486 1789 607 1852 fidei
633 1806 742 1837 cum
779 1792 995 1845 ratione,
1031 1806 1142 1853 opp.

123 1874 236 1921 edit.
274 1872 448 1920 Dutens
469 1908 483 1933 ,
516 1856 713 1921 Genevae
750 1869 876 1936 1768
898 1909 911 1930 ,
951 1882 1069 1920 tom.
1098 1890 1140 1930 1,

124 1954 151 2021 §
184 1969 239 2002 12
263 1993 276 2013 ,
307 1955 356 2001 id
385 1955 532 2001 fassus
556 1959 658 2012 est,
690 1954 897 2002 scribens
930 1971 944 2002 ε
977 1954 1143 2018 Refor-

122 2045 354 2092 matvres,
394 2052 451 2084 ac
489 2036 731 2083 Lutkerus
764 2037 1041 2101 proecipue,
1073 2035 1142 2085 Io-

120 2122 224 2167 cuti
253 2118 539 2182 quandoque
580 2126 726 2178 sunt,
758 2118 901 2181 quasi
931 2116 1143 2183 philoso-

119 2200 289 2266 phiam
348 2201 542 2248 omnino
590 2200 845 2263 rejecerint
872 2236 885 2257 ‚
938 2198 1145 2264 fideique

126 2284 380 2330 inimicam
415 2298 512 2329 00εο
528 2281 897 2344 judicaverint,
933 2284 1144 2346 quamvis

126 2365 295 2414 deinde
339 2365 462 2412 hanc
497 2364 685 2411 Lutheri
736 2375 895 2411 notam
938 2364 1144 2411 emollire

126 2456 333 2494 conetur.
367 2445 537 2492 Verum
578 2461 661 2491 nos
695 2454 849 2507 postea
880 2442 969 2490 alia
1000 2444 1145 2491 (1000-

127 2539 281 2575 menta
306 2527 361 2574 ad
380 2527 504 2574 illam
525 2530 668 2590 ipsam
689 2535 849 2573 notam
867 2526 1144 2574 confirman-

124 2609 232 2656 dam
257 2610 518 2657 afferemus.
540 2609 607 2655 lta
635 2611 775 2655 etiam
799 2607 971 2666 8111110,
993 2611 1043 2655 10
1061 2625 1142 2656 sua

124 2688 287 2737 Storia
329 2689 450 2738 della
479 2689 680 2752 filosofia
716 2688 943 2735 moderna
962 2724 977 2750 ,
1020 2691 1139 2738 trad.

124 2770 181 2818 da
222 2771 434 2819 Vincent.
476 2771 718 2829 Lancetti,
764 2770 939 2818 Milano
982 2768 1138 2830 1822,

123 2861 235 2900 tom.
266 2871 326 2908 v,
366 2869 454 2901 sez.
488 2870 542 2912 11,
579 2872 681 2917 cap.
719 2851 782 2915 4,
822 2853 869 2900 id
901 2855 1052 2917 ipsum
1086 2854 1143 2902 de

119 2930 324 2982 Luthero
353 2935 518 2982 fatetur
533 2951 547 2997 3
569 2938 728 2999 repetit
747 2937 964 2982 tamenin
981 2937 1141 2998 1111111ἱο

128 3031 182 3062 ex
208 3033 260 3064 eo
278 3053 291 3075 ,
326 3017 450 3080 quod
480 3019 577 3080 ipse
601 3021 667 3064 ira
691 3021 740 3064 10
767 3017 1060 3064 scholasticos
1090 3034 1142 3066 ac

129 3098 419 3146 Aristotelem
445 3097 507 3146 ab
538 3099 629 3146 illis
661 3110 868 3147 secutum
900 3098 1137 3147 aestuabat.

132 3173 309 3226 Verum
328 3215 342 3238 ‚
381 3183 592 3245 quamvis
630 3191 676 3229 et
713 3181 802 3229 11οο
834 3181 998 3241 detur,
1030 3198 1141 3229 000-

134 3267 330 3322 temptus
359 3261 436 3311 ille
467 3267 617 3310 01111110
644 3263 943 3328 philosophia!
972 3280 1024 3311 ac
1050 3263 1139 3311 hu-

133 3354 277 3387 mana)
307 3344 493 3392 rationis
529 3345 758 3409 depressio
780 3382 793 3403 ‚
834 3363 915 3394 seu
953 3349 1101 3409 potius
1121 3381 1136 3403 ‚

134 3428 188 3466 01
214 3433 395 3482 vocant,
420 3425 727 3488 nihilismus,
759 3430 840 3492 qui
862 3427 1063 3476 Luthero
1084 3444 1139 3475 ac

135 3498 344 3561 pluribus
368 3501 738 3555 reformatoribus
767 3506 984 3555 solemnis
1018 3507 1135 3566 fuit,

136 3579 198 3629 ab
227 3579 387 3631 altiore
411 3585 535 3636 fonte
564 3590 835 3654 repetendus
860 3600 960 3652 001;
993 3591 1139 3637 nimi-

138 3681 240 3712 rum
273 3683 327 3714 ex
355 3667 558 3719 doctrina
587 3674 682 3737 ipsa
708 3673 947 3723 lutherana
975 3673 1034 3723 de
1058 3673 1141 3722 ho-

1229 1708 1357 1755 mine
1390 1708 1705 1771 paradisiaco,
1735 1725 1790 1756 ac
1816 1712 1987 1773 peccati
2017 1709 2248 1775 originalis

1228 1799 1390 1837 natura
1427 1799 1569 1853 atque
1608 1789 1869 1840 effectibuS.
1913 1791 2076 1858 Itaque
2114 1793 2247 1842 nihi-

1227 1870 1398 1918 lismus
1429 1872 1509 1920 ille
1536 1875 1724 1920 rationis
1744 1887 1920 1938 semper
1940 1879 2243 1925 necessarium

1227 1963 1292 2001 est
1314 1953 1535 2002 doctrinae
1565 1954 1689 2003 illius
1718 1955 1972 2003 lutheranae
2005 1968 2243 2006 consecta-

1226 2038 1348 2083 rium
1363 2072 1376 2095 ,
1399 2038 1613 2101 quamvis
1637 2055 1735 2086 non
1755 2054 1916 2087 omnes
1934 2038 2243 2089 Protestantes

1225 2118 1360 2166 illum
1381 2136 1536 2177 revera
1555 2120 1745 2183 professi
1765 2121 1875 2169 0101.
1892 2119 1988 2168 Νο0
2004 2138 2108 2170 vero
2129 2122 2242 2169 infi-

1224 2203 1429 2259 ciamur,
1460 2201 1711 2250 nonnullos
1731 2199 1902 2267 paucos
1926 2204 2065 2251 etiam
2086 2220 2139 2252 ex
2153 2203 2242 2253 Ca·

1226 2283 1406 2330 tholicis
1449 2282 1757 2331 nihilismum
1793 2283 1930 2331 illum
1968 2285 2238 2345 admisisse3

1225 2365 1302 2412 sed
1323 2364 1372 2412 id
1397 2376 1519 2413 certe
1546 2383 1601 2413 ex
1623 2364 1858 2413 catholicae
1874 2365 2092 2413 (1001111110
2108 2369 2238 2431 prin-

1224 2447 1355 2508 cipiis
1396 2463 1490 2493 non
1537 2446 1789 2494 effecerunt
1809 2483 1824 2506 ‚
1866 2447 2035 2512 quibus
2072 2448 2240 2498 directe

1225 2544 1408 2590 prorsus
1434 2529 1719 2575 adversatur.
1737 2527 1919 2576 Frustra
1946 2530 2083 2592 igitur
2111 2528 2238 2578 Ten-

1224 2625 1458 2665 nemann,
1486 2626 1562 2672 op.
1593 2611 1672 2656 cit.
1702 2627 1806 2674 pag.
1831 2606 1926 2657 362
1945 2646 1958 2670 ,
1989 2611 2040 2658 01
2066 2611 2237 2660 Catho-

1224 2690 1334 2737 licos
1367 2700 1598 2754 carperet,
1637 2691 1868 2739 scribebat
1916 2710 1929 2740 =
1970 2693 2235 2756 Postquam

1225 2770 1392 2820 Nicole
1419 2780 1462 2819 et
1498 2773 1703 2820 Bossuet
1731 2788 1842 2820 oum
1866 2771 2095 2839 pluribus
2119 2773 2235 2822 aliis

1222 2856 1518 2918 scepticismo
1559 2855 1641 2901 usi
1680 2863 1824 2913 sunt,
1874 2863 1927 2902 ut
1974 2856 2032 2901 in
2070 2856 2236 2902 sinum

1222 2934 1327 2982 cotlz
1332 2934 1377 2983 ol
1379 2937 1464 2982 icoe
1476 2934 1526 2982 E
1526 2934 1668 2983 ccleai
1669 2952 1709 2982 ω
1719 2935 2040 2984 Protestantes
2054 2952 2235 2984 revoca·

1221 3024 1352 3076 rent,
1385 3033 1442 3064 ac
1470 3025 1524 3064 nt
1544 3016 1738 3081 pondus
1764 3018 2062 3065 auctoritatis
2090 3016 2233 3066 eecle-

1219 3099 1428 3146 siastiooe
1456 3097 1757 3154 extollerent,
1790 3100 1999 3147 rationis
2035 3098 2234 3147 incerti·

1221 3178 1436 3227 tudinem
1455 3179 1757 3228 ostendendo.
1776 3180 1949 3246 Allegat
1965 3198 2101 3246 porro
2118 3198 2233 3246 opus

1219 3261 1388 3312 Franc.
1415 3261 1646 3311 Turretini
1664 3298 1678 3322 ‚
1705 3261 2085 3326 Pyrrhonismm
2100 3279 2231 3328 pon-

1218 3345 1399 3408 tificius
1418 3381 1428 3398 ‚
1462 3343 1609 3409 Lugd.
1638 3344 1797 3392 Batav.
1838 3342 1982 3394 1622.
2005 3344 2056 3393 td
2084 3353 2231 3404 certe,

1220 3428 1347 3494 quod
1383 3427 1440 3475 de
1463 3425 1638 3474 -Nicole
1673 3443 1726 3474 ac
1765 3425 2003 3476 Bossuetio
2039 3428 2228 3485 asserit,

1221 3510 1387 3559 falsum
1419 3519 1487 3558 est
1503 3546 1516 3568 ‚
1551 3511 1634 3574 qui
1660 3526 1902 3575 nunquam
1923 3507 2231 3557 nihiliemum

1222 3592 1428 3640 rationis
1468 3591 1737 3639 docuerunt.
1782 3590 1919 3639 Aliud
1963 3600 2122 3638 autem
2164 3599 2233 3637 est

1225 3675 1460 3724 ostendere
1479 3711 1492 3735 ‚
1522 3677 1749 3723 rationem
1768 3675 2018 3723 humanam
2032 3674 2083 3720 10
2098 3671 2234 3721 101100
