2502 4134
243 74 364 134 218
852 92 1045 132 macr.
1091 96 1158 132 1)ss
1202 95 1350 133 Locis
1394 97 1770 137 maome-icis.

242 237 414 299 Brevi
448 236 584 295 dato
628 235 699 294 17
746 236 918 294 Mart.
974 236 1125 295 1778
1147 280 1163 311 ,
1202 236 1264 294 111
1298 258 1414 319 quo
1447 239 1604 299 inter
1640 253 1828 303 cetera
1869 243 1942 304 de
1978 247 2151 305 sacris
2190 246 2372 306 Libris

241 332 364 393 haec
388 332 663 411 leguntur
687 353 703 389 τ
737 331 848 390 Illi
865 336 1028 390 enim
1053 343 1195 391 sunt
1208 335 1404 411 fontes
1431 336 1769 410 uberrimi,
1797 345 1909 418 qm·
1933 346 2151 421 cuique
2165 353 2375 421 patere

240 430 452 487 dehent
502 427 589 484 ad
633 427 1035 486 hauriendam
1094 439 1152 487 et
1209 449 1452 487 moram
1503 442 1558 489 et
1609 434 1895 494 doctrina?
1951 442 2324 497 sanctitatem
2350 482 2373 508 ,

240 536 350 584 etc,
388 525 503 604 (l).
538 523 706 597 Quod
740 535 800 585 et
837 525 911 585 de
948 525 1284 584 nationibus
1328 525 1569 609 reliquis
1609 529 1720 589 dici
1758 530 1966 608 debet7
1999 534 2145 594 adeo
2177 547 2240 593 ut
2277 535 2371 594 vix

239 619 432 701 aliqua
467 620 576 695 sitq
617 641 745 703 quae
786 623 1050 684 versione
1086 644 1188 681 sua
1230 644 1352 681 non
1386 627 1728 704 utatur-(2).

324 714 466 775 317.
515 715 630 777 Sed
657 728 715 777 et
738 729 875 777 ante
900 719 979 777 ita
1010 717 1226 777 dictam
1257 718 1734 781 reformationem
1755 721 1929 804 longe
1953 723 2186 807 lateque
2213 748 2373 786 sacra

238 813 424 874 Biblia
472 814 847 876 disseminata
893 826 1084 877 erant.
1128 819 1269 891 Quae
1314 818 1576 900 primum
1617 819 1850 901 vulgata
1894 833 2034 881 sunt
2078 845 2112 882 a
2161 823 2374 884 celebri

238 912 407 970 Fausl
443 923 576 993 post
608 912 1088 995 typographicam
1125 913 1566 987 inventionem7
1607 914 1765 975 fuere
1804 938 1962 975 sacra
2002 916 2183 977 Biblia
2205 922 2374 995 juxta

236 1007 570 1068 versionem
618 1007 950 1088 vulgatam,
1004 1030 1219 1091 nempe
1272 1009 1442 1069 annis
1492 1012 1641 1069 LXX
1687 1023 2007 1094 antequam
2066 1012 2377 1072 lutherana

233 1101 406 1161 factio
436 1102 585 1162 foras
614 1116 970 1187 erumperet.
999 1104 1340 1164 Notandum
1370 1127 1546 1187 porro
1581 1118 1699 1180 est,
1731 1129 1797 1167 ea
1841 1120 2015 1168 aetate
2035 1155 2050 1182 ,
2089 1119 2378 1191 quotquot

231 1219 389 1280 pene
420 1198 610 1279 legere
649 1199 901 1275 scirent,
944 1199 1200 1281 linguam
1251 1200 1499 1261 latinam
1541 1202 1823 1262 calluisse.
1865 1206 1975 1263 Per
2018 1203 2176 1263 idem
2220 1215 2376 1263 tem-

229 1317 343 1378 pus
369 1295 489 1356 800
512 1296 646 1379 plus
670 1298 864 1356 minus
887 1298 1175 1359 editiones
1201 1298 1520 1358 Bibliorum'
1547 1312 1648 1359 aut
1671 1303 1819 1360 Nov.
1846 1302 1998 1361 Test.
2025 1312 2161 1361 ante
2188 1302 2374 1361 refor-

230 1392 556 1452 mationem
603 1392 983 1475 prodierant3
1034 1416 1097 1453 ac
1144 1416 1251 1476 per
1300 1396 1636 1455 universam
1685 1398 1976 1477 Europam
2028 1397 2373 1456 catholicam

231 1486 793 1548 circumferebantur
808 1535 825 1564 7
846 1501 1164 1571 antequam
1184 1489 1279 1549 vel
1284 1497 1672 1570 protestantis
1695 1514 1916 1551 nomen
1938 1504 2371 1572 agnosceretur.

232 1583 303 1643 Et
337 1596 409 1643 ex
448 1583 572 1658 1113,
613 1585 735 1643 200
775 1585 1074 1645 versiones
1111 1585 1174 1643 in
1210 1584 1422 1665 linguis
1459 1586 1782 1647 vernaculis
1823 1587 2186 1649 diversarum
2225 1608 2375 1669 gen-

235 1680 421 1755 tium,
459 1682 620 1763 apud
667 1703 810 1763 quas
849 1681 1101 1764 vulgatae
1138 1694 1342 1757 erant,
1386 1684 1652 1743 omnium
1699 1683 1971 1743 manibus
2010 1683 2194 1744 libere
2231 1706 2373 1745 ver-

230 1773 516 1835 sabantur
558 1776 669 1856 (3).

311 1869 452 1932 318.
500 1873 670 1932 Hisce
695 1871 769 1931 ab
793 1871 1032 1932 historia
1063 1874 1432 1957 depromptis
1454 1921 1469 1949 ,
1505 1879 1627 1954 jam
1654 1887 1882 1935 constat
1909 1875 1982 1935 de
2013 1876 2147 1935 facti
2168 1921 2183 1950 ‚
2216 1875 2375 1957 quod

227 1969 622 2046 asseruimUS,
674 1969 963 2043 veritate,
1019 1992 1327 2052 nunquam
1373 1971 1644 2030 videlicet
1694 1971 2004 2031 Ecclesiam
2050 1982 2151 2028 aut
2202 1972 2368 2030 Rom.

228 2064 539 2123 Pontifices
587 2065 909 2126 universim
948 2077 1007 2124 et
1053 2065 1320 2125 absolute
1368 2086 1541 2124 sacrae
1585 2067 1897 2148 Scripturae
1941 2065 2254 2125 lectionem
2306 2065 2371 2124 in

228 2157 428 2242 lingua
464 2159 776 2221 vernacula
813 2160 1082 2221 fidelibus
1118 2160 1633 2220 indiscriminatim
1663 2162 1935 2220 omnibus
1969 2159 2359 2221 interdixisse.

229 2257 400 2316 Nunc
431 2267 672 2338 praestat
699 2258 896 2337 paucis
918 2262 1013 2335 jus
1043 2256 1349 2317 adstruere
1368 2302 1384 2332 ,
1420 2277 1637 2339 nempe
1663 2256 1972 2317 ostendere
1993 2301 2010 2331 7
2042 2255 2365 2338 prudenter

229 2352 474 2411 omnino
502 2352 814 2412 Ecclesiam
838 2354 1257 2434 Romanosque
1284 2353 1589 2413 Pontifices
1615 2374 1739 2413 sese
1770 2353 2008 2434 gessisse
2029 2397 2045 2427 ‚
2085 2351 2229 2411 dum
2254 2373 2366 2433 pro

230 2450 675 2531 opportunitate
702 2450 1097 2532 promiscuam
1131 2449 1294 2509 illam
1323 2449 1636 2510 lectionem
1665 2449 1934 2509 fidelibus
1975 2459 2313 2511 vetuerunt.

313 2543 453 2603 319.
506 2548 644 2607 Duae
679 2567 819 2608 sane
846 2547 1191 2629 cumprimis
1213 2546 1467 2607 rationes
1493 2545 1746 2606 Concilia
1771 2549 2179 2626 Romanosque
2209 2545 2363 2603 Prae—

227 2802 369 2859 atque
400 2793 522 2842 illud
557 2796 703 2842 etiam
742 2794 1002 2843 notandum
1025 2830 1039 2854 ,
1087 2794 1214 2859 quod
1238 2831 1251 2853 ‚
1341 2803 1436 2842 ίαν.
1469 2791 1766 2840 Castillionaei
1795 2791 2002 2855 vulgatas
2030 2810 2125 2842 esse
2153 2793 2366 2858 epistolas

227 2891 327 2940 cap.
355 2873 385 2923 5
404 2911 418 2934 ,
455 2885 616 2942 quaest.
657 2891 713 2923 10
732 2912 745 2935 ,
785 2874 812 2942 §
853 2873 914 2923 16
933 2910 948 2933 ‚
983 2874 1008 2941 §
1058 2892 1112 2941 17
1134 2911 1147 2935 ,
1187 2878 1256 2925 lo-
1340 2876 1433 2924 fere
1451 2892 1613 2923 omnes
1630 2873 1834 2938 Apostoli
1851 2873 1980 2922 Pauli
1999 2894 2093 2924 una
2112 2892 2219 2924 cum
2234 2881 2365 2924 textu

229 2975 378 3024 quens
408 2960 466 3009 de
488 2962 700 3009 versione
715 2958 908 3008 Gothica
927 2956 1124 3024 Ulphilae
1139 2995 1151 3018 ‚
1178 2977 1254 3007 as·
1339 2958 1521 3024 gothico
1537 2995 1551 3017 ,
1585 2957 1889 3024 ejusdemque
1908 2959 2077 3022 gothici
2095 2967 2242 3006 textus
2262 2974 2363 3004 ver-

230 3050 382 3099 serat‚
417 3043 475 3090 ad
502 3060 587 3091 nos
611 3060 709 3091 non
727 3044 986 3108 pervenisse
1006 3043 1136 3090 istius
1156 3060 1256 3090 ver·
1342 3043 1470 3089 sione
1513 3039 1657 3087 latina
1712 3056 1805 3087 uua
1852 3056 1959 3086 cum
2007 3036 2238 3087 Glossario
2283 3036 2362 3085 ab.

232 3124 374 3171 sionis
407 3127 495 3172 nisi
527 3125 777 3191 Evangelia
798 3164 812 3186 ‚
847 3136 892 3175 et
924 3125 1102 3191 aliquot
1134 3125 1256 3189 frag·
1342 3142 1423 3172 an.
1465 3117 1591 3187 1819
1621 3121 1678 3168 ad
1708 3139 1788 3169 an.
1832 3118 1960 3186 1839
1986 3123 2112 3187 typis
2142 3119 2366 3167 mediola-

230 3216 387 3254 menta
420 3208 553 3271 epist.
587 3208 645 3255 ad
676 3208 816 3257 Rom.
850 3226 953 3275 quae
993 3208 1114 3256 edita
1149 3218 1259 3255 sunt
1342 3203 1585 3255 nensibus.
1632 3203 1818 3251 Refellit
1864 3219 1999 3268 porro
2030 3202 2367 3251 Castillionaeus

232 3306 260 3337 a
283 3287 461 3336 Knittel
492 3306 544 3337 ex
574 3288 749 3338 Codice
771 3292 1018 3357 rescripto,
1040 3289 1258 3338 Attamen
1343 3291 1393 3337 in
1407 3305 1503 3337 non
1517 3288 1676 3351 paucis
1692 3285 1960 3350 Hug,cujus
1976 3284 2365 3333 meminitGlaire.

232 3372 528 3419 notissimum
547 3372 740 3421 eruditis
759 3384 851 3435 est,
883 3391 938 3422 ex
955 3374 1258 3439 palimpsestis
1410 3371 1482 3435 (1)
1519 3368 1619 3418 Cfr.
1640 3370 1690 3416 in
1706 3369 1819 3417 edit.
1838 3367 1975 3415 Rom.
2014 3384 2029 3415 1
2044 3364 2141 3434 784
2155 3405 2168 3428 ,
2196 3377 2310 3416 tom.
2329 3384 2364 3415 1.

234 3452 461 3502 Biblioth.
498 3452 846 3517 Ambrosianae‚
879 3457 1001 3504 curis
1035 3455 1259 3503 Eminen-
1406 3453 1476 3517 (2)
1510 3452 1581 3500 De
1601 3451 1776 3518 quibus
1797 3452 1888 3516 agit
1921 3449 1983 3499 Le
2001 3450 2160 3516 Long,
2189 3469 2266 3517 op.
2285 3452 2366 3499 cit.

234 3537 402 3585 tissimi
435 3535 784 3603 doctissimique
817 3541 903 3587 viri
942 3537 1104 3603 Angeli
1130 3537 1256 3599 Mai,
1411 3535 1475 3600 (3)
1511 3533 1611 3584 Cfr.
1643 3533 1895 3583 O’Connel
1917 3572 1928 3594 ,
1967 3534 2058 3583 loc.
2087 3536 2168 3584 cit.

237 3621 317 3684 qui
350 3637 424 3669 eas
456 3621 663 3685 primum
689 3622 889 3685 reperit,
924 3632 967 3670 et
995 3619 1147 3670 Caroli
1178 3619 1263 3669 Oc-
