2502 4134
308 73 429 132 430
945 95 1139 135 macr.
1188 100 1254 134 nn
1299 100 1448 137 Locis
1500 102 1876 145 runonoclcis.

309 239 464 300 tibus
499 238 728 297 trahere
753 238 1011 318 priorum
1042 238 1511 300 reformatorum.
1531 244 1567 300 J
1572 246 1762 304 uverit
1777 250 2021 328 proinde
2049 273 2213 330 agere
2239 253 2430 333 potius

307 336 384 396 de
442 335 553 394 alio
588 344 902 413 systemate
926 379 941 406 a
989 334 1061 392 de
1091 341 1375 394 sensz'smo
1407 337 1691 398 nimirum
1710 385 1727 413 ,
1766 363 1869 402 seu
1899 347 2091 425 potius
2115 347 2234 428 (sit
2265 348 2434 408 venia

309 430 491 493 verbo
516 430 540 510 )
575 433 1106 489 sentimentalz‘smo
1146 437 1427 510 mystico,
1459 432 1532 492 de
1557 455 1622 493 ea
1648 433 1914 496 videlicet
1941 438 2234 518 doctrina,
2264 464 2393 524 quae
2416 488 2429 516 ,

308 526 640 586 intellectus
678 547 743 584 ac
783 526 1023 584 rationis
1067 526 1283 586 viribus
1329 526 1639 604 diffidens7
1685 532 1983 592 constituit
2024 537 2435 597 certitudinem

312 622 608 694 veritatiS,
657 623 980 702 praesertim
1033 624 1560 701 suprasensibiliS,
1611 627 1936 704 cujusmodi
1989 642 2077 687 est
2130 632 2476 693 existentia-

315 720 461 796 Dei,
505 718 915 778 immortalitas
950 719 1168 795 animi,
1224 719 1317 778 lex
1350 720 1633 793 moralis,-
1655 733 1763 782 etc.
1788 769 1804 797 ,
1836 745 1902 784 ac
1935 725 2182 806 proinde
2219 730 2436 788 verita-

311 826 440 874 tum
483 814 557 874 ad
580 814 922 893 religionem
942 812 1351 897 'spectantium
1376 862 1392 888 3
1412 816 1477 876 in
1502 818 1776 878 interiore
1805 819 2059 902 quodam
2085 842 2151 881 ac
2174 822 2439 904 religioso

309 933 491 970 ammi
528 932 718 969 sensu.

398 1006 536 1065 142.
585 1007 666 1066 Ut
699 1027 766 1065 ea
804 1017 1041 1080 tamen,
1087 1028 1202 1088 qua
1252 1030 1358 1090 par
1399 1019 1487 1068 est
1516 1011 1929 1091 perspicuitate
1965 1012 2436 1093 progrediamur,

314 1104 755 1186 praemitttimus
776 1149 791 1176 ,
827 1125 932 1162 nos
946 1103 1103 1164 haud
1118 1103 1386 1184 ablegare
1403 1127 1474 1165 ex
1500 1105 1740 1166 homine
1762 1109 2065 1168 interiores
2087 1108 2215 1168 illos
2241 1131 2443 1170 sensus

315 1201 339 1281 ζ
369 1199 795 1280 sentimenti),
845 1222 989 1282 quos
1038 1199 1332 1260 beneficus
1371 1203 1596 1282 generis
1635 1203 1879 1262 humani
1914 1203 2195 1264 Conditor
2229 1204 2441 1265 indidit

314 1294 625 1383 bominum
665 1295 825 1355 cordi
866 1296 941 1354 ad
981 1295 1126 1356 illud
1164 1296 1384 1355 facilius
1423 1300 1773 1381 suaviusque
1813 1300 2257 1381 perducendum
2285 1302 2349 1360 in
2382 1299 2444 1359 id

314 1415 492 1453 omne
523 1439 538 1467 ,
595 1391 751 1473 quod
812 1413 1013 1451 verum
1034 1435 1051 1465 ,
1108 1404 1332 1451 rectum
1385 1394 1839 1476 ordinatumque
1904 1407 2011 1455 est.
2067 1396 2441 1455 Admittimus

319 1511 557 1549 sensum
588 1486 908 1569 quemdam
942 1490 1334 1557 rationalem,
1378 1489 1432 1547 vi
1456 1493 1614 1566 cujus
1637 1491 1865 1548 animus
1893 1491 1966 1549 ad
1998 1492 2304 1550 veritatem
2328 1492 2443 1550 im—

316 1586 587 1669 pellitur,
627 1585 689 1643 in
726 1590 965 1666 ejusque
993 1586 1370 1666 acquisitione
1400 1586 1783 1647 vehementer
1822 1587 2176 1662 delectatum
2227 1587 2444 1647 admit-

318 1684 498 1742 timus
555 1683 842 1741 moralem
892 1702 1166 1754 sensnm,
1226 1704 1341 1762 quo
1388 1694 1594 1764 suapte
1633 1694 1843 1743 natura
1891 1683 2178 1766 approbat
2215 1683 2444 1766 sibique

319 1776 644 1860 complacet
701 1775 774 1835 de
819 1775 1143 1835 actionibus
1191 1778 1506 1837 intrinsece
1528 1779 1697 1837 rectis
1730 1790 1790 1838 et
1813 1778 2073 1837 honestis
2093 1825 2110 1854 ,
2141 1800 2205 1837 ac
2235 1800 2444 1860 pravas

323 1884 624 1935 aversatur
663 1893 727 1932 ac
761 1871 1002 1930 damnat
1031 1871 1149 1952 (l);
1176 1873 1542 1932 admittimus
1575 1895 1810 1933 sensum
1831 1919 1846 1948 .,
1878 1885 1944 1932 ut
1965 1875 2044 1933 ita
2070 1873 2258 1932 dicam
2282 1918 2298 1948 ,
2337 1895 2447 1934 oes-

318 1971 600 2031 theticum
617 2014 640 2041 ,
667 1991 783 2051 quo
799 1969 978 2028 homo
991 1968 1354 2050 pertrahitur
1374 1968 1448 2029 ad
1470 1971 1790 2030 amandum
1808 1991 1872 2029 ac
1895 1969 2248 2050 gustandum
2271 1969 2446 2052 quid·

319 2067 463 2151 quid
495 2066 806 2151 pulchrum
826 2114 841 2142 .,
869 2067 1152 2127 decorum
1175 2113 1190 2142 ‚
1228 2066 1555 2150 debitisque
1589 2067 2069 2151 proportionibus
2102 2069 2447 2150 dispositum

322 2176 429 2225 est.
466 2165 617 2223 Hinc
651 2165 750 2245 qui
780 2186 851 2223 ex
884 2165 1144 2223 humano
1178 2165 1350 2223 corde
1382 2164 1486 2223 hos
1517 2186 1718 2223 sensus
1754 2162 2087 2227 convellere
2121 2166 2444 2239 niteretur,

324 2283 467 2343 quos
509 2263 661 2319 Deus
694 2261 817 2342 ipse
854 2260 1100 2318 inseruit
1124 2306 1138 2333 .‚
1177 2260 1393 2341 quique
1432 2260 1702 2319 oriuntur
1733 2282 1766 2319 a
1802 2258 2029 2319 duabus
2066 2261 2132 2319 iis
2169 2259 2450 2340 generali-

322 2356 432 2417 bus
473 2379 538 2417 ac
583 2356 1074 2439 insuperabilibus
1124 2356 1645 2439 propensionibuS,
1688 2379 1831 2439 quas
1877 2356 2054 2416 homo
2095 2377 2294 2417 secum
2335 2357 2450 2418 fert

322 2454 385 2513 in
427 2475 635 2514 verum
673 2475 737 2513 ac
775 2455 995 2513 bonum
1026 2454 1146 2533 (2),
1189 2475 1279 2513 nae
1315 2455 1438 2533 ipse
1475 2453 1795 2513 humanam
1833 2466 2118 2534 naturam
2142 2465 2310 2537 parte
2346 2475 2450 2514 sua

323 2549 615 2610 essentiali
650 2549 993 2609 destitutam
1035 2571 1100 2609 ac
1142 2549 1326 2609 veluti
1357 2549 1628 2609 mutilam
1679 2549 1967 2610 redderet.
2019 2553 2120 2609 Ast
2152 2572 2223 2610 ex
2267 2548 2450 2609 altera

329 2658 498 2730 parte
524 2668 633 2729 pro
672 2659 831 2706 certo
867 2645 1189 2706 tenendum
1237 2657 1323 2705 est
1342 2692 1358 2721 7
1390 2647 1436 2704 si
1459 2645 1744 2725 ejusmodi
1772 2668 1975 2705 sensus
1999 2646 2165 2705 utilia
2196 2643 2448 2704 subsidia

329 2755 500 2817 sunt,
543 2743 704 2802 haud
742 2755 942 2802 tamen
987 2764 1109 2801 esse
1152 2742 1416 2817 criteria7
1461 2764 1561 2802 seu
1593 2763 1874 2801 normam
1920 2762 2253 2822 suprenam
2297 2760 2448 2798 sem-

327 2862 550 2920 perque
578 2851 772 2900 tutam
804 2839 1148 2920 cognitionis
1178 2851 1236 2898 et
1261 2838 1612 2920 operationis
1639 2837 1938 2899 humanae.
1971 2839 2199 2898 Rationi
2230 2838 2448 2919 quippe

326 2948 502 3019 atque
527 2936 922 3017 intelligentia!
956 2935 1190 2994 divinus
1245 2934 1525 2995 Conditor
1565 2935 1859 3016 impressit
1896 2933 2336 3017 participatione
2362 2933 2451 2992 sui

399 3129 467 3192 (l)
503 3128 574 3177 Ad
603 3148 699 3178 rem
725 3130 875 3179 aiebat
905 3129 1189 3195 Augustinus
1210 3128 1349 3178 :Ha-
1434 3138 1604 3194 qualus
1635 3129 1890 3193 faucium,
1930 3143 2026 3190 non
2073 3125 2200 3175 ullus
2238 3129 2451 3193 corporis

338 3209 503 3258 bemus
531 3214 658 3260 enim
685 3214 836 3260 alium
865 3215 1115 3260 interioris
1140 3213 1351 3259 hominis
1436 3222 1589 3260 tactus
1621 3212 1822 3260 accedit.
1855 3213 1927 3258 De
1954 3209 2102 3259 Civit.
2137 3210 2263 3265 Dei,
2287 3210 2373 3258 lib.
2401 3225 2448 3272 ι,

335 3308 554 3354 sensum,
581 3295 670 3341 isto
701 3295 901 3359 (scilicet
935 3313 1070 3344 sensu
1103 3295 1346 3361 corporeo)
1434 3313 1537 3359 cap.
1572 3294 1656 3343 23.

330 3375 470 3442 lonye
490 3381 873 3443 proestantiorem
894 3414 907 3438 ,
940 3397 1030 3443 quo
1036 3380 1178 3444 justa
1205 3387 1249 3425 ec
1273 3379 1349 3425 in·
1501 3377 1566 3441 (2)
1595 3374 1740 3424 Nemo
1759 3375 1902 3439 magis
1918 3374 2234 3440 philosophice
2250 3392 2302 3422 ac
2316 3370 2449 3422 lucu-

318 3462 464 3525 justa
491 3462 786 3509 sentimum..
806 3461 892 3508 Ad
911 3460 1056 3527 hujus
1074 3477 1239 3508 sensus
1257 3459 1355 3526 offi-
1437 3461 1582 3508 lenter
1609 3460 1655 3507 id
1681 3459 1880 3507 ostendit
1900 3496 1912 3517 ‚
1946 3477 2086 3525 quam
2107 3458 2164 3507 cl.
2191 3458 2446 3516 Gerdilius‚
2485 3464 2502 3519 J

328 3543 463 3589 cium
492 3557 593 3589 non
620 3544 749 3589 acies
773 3542 974 3608 pap-illm
988 3582 1001 3603 ‚
1017 3560 1113 3591 non
1129 3543 1354 3607 foramen
1437 3542 1484 3589 in
1508 3544 1613 3590 satis
1631 3552 1738 3589 nota
1756 3540 2122 3589 Dissertaze‘one
2139 3539 2247 3588 aull'
2265 3541 2449 3605 ornyine

331 3624 598 3682 auriculae,
617 3642 713 3673 non
739 3628 982 3691 spiramen
1005 3628 1231 3687 narium,
1256 3642 1354 3674 non
1436 3624 1514 3674 del
1541 3641 1677 3674 semo
1702 3624 1911 3688 morale,
1943 3634 2032 3676 etc.
2065 3643 2174 3692 opp.
2205 3635 2318 3674 tom.
2351 3637 2401 3671 2.
