2502 4134
230 153 350 212 524

859 178 1060 216 TRACT.
1091 179 1161 216 DE
1206 178 1358 219 Locls
1403 181 1781 223 THEOLOGIGIS.

225 329 386 378 terea
439 328 726 379 caverunt
777 339 839 378 se
882 317 958 377 ab
1001 319 1298 389 erroribus
1344 312 1460 380 illis
1512 344 1653 382 sane
1695 327 2086 403 gravissimiS‚
2135 327 2197 385 in
2241 348 2386 409 quos

216 414 546 494 jurisperiti
577 424 978 493 protestantes
1019 414 1350 475 identidem
1389 416 1731 477 inciderunt
1773 441 1838 478 ac
1867 421 2139 481 incidunt
2162 424 2279 500 (1).

307 510 450 568 272.
508 508 595 567 Ad
658 510 770 585 2¹1¹7
821 512 983 571 Dist.
1042 513 1129 571 Ita
1186 523 1387 572 tamen
1441 525 1508 573 ut
1555 515 2051 577 Protestantismo
2101 519 2383 598 ejusmodi

224 626 563 689 progressus
597 605 761 664 nullo
790 607 965 666 modo
992 607 1170 667 tribui
1216 610 1435 690 possit„
1479 631 1681 676 conc.;
1718 606 1785 670 ut
1817 611 2036 672 debeat
2075 626 2175 673 aut
2203 617 2385 696 possit

223 699 309 759 illi
341 701 519 760 tribui
540 747 556 775 5
590 723 722 781 neq.
753 703 810 761 Si
851 704 1010 761 'enim
1037 750 1050 776 7
1093 705 1180 762 uti
1214 704 1469 764 vidimus
1492 751 1506 780 a
1551 709 1820 788 germina
1857 709 2059 767 omnia
2090 710 2382 790 profectus

233 797 519 876 ejusmodi
560 802 686 876 jam
733 811 903 857 erant
959 805 1263 880 praejactaq
1324 801 1371 859 si
1419 801 1713 861 elementa
1759 808 1881 881 ejus
1925 805 2124 862 omnia
2156 806 2382 882 jamdiu

235 892 566 952 existebant
594 905 733 953 ante
763 897 1235 955 ProtestantiSmi
1266 907 1464 957 ortum
1485 943 1501 972 .,
1532 898 1579 957 si
1614 898 1892 976 adjuncta
1917 921 2162 981 quaeque
2187 922 2385 960 rerum

233 988 423 1048 eidem
481 988 800 1064 favebant,
853 991 901 1048 si
949 991 1310 1052 validissima
1362 992 1603 1053 demum
1657 995 1934 1078 impulsio
1977 995 2111 1056 data
2168 996 2386 1079 ubique

223 1083 350 1163 jam
366 1084 557 1153 fuerat
576 1132 591 1161 a
619 1085 931 1147 evidenter
954 1099 1121 1169 patet
1144 1134 1159 1163 ,
1186 1110 1316 1148 eam
1342 1089 1721 1172 ingeniorum
1738 1090 2141 1152 evolutionem
2170 1099 2383 1172 sponte

232 1203 298 1241 ac
321 1184 645 1243 necessario
665 1185 912 1244 omnino
937 1185 1248 1265 contigisse
1270 1230 1286 1260 ,
1314 1185 1612 1268 planeque
1638 1209 1670 1246 a
1699 1188 2189 1248 Protestantismo
2212 1187 2385 1248 fuisse

230 1277 761 1361 independentem.

311 1374 457 1435 273.
511 1376 601 1435 Ad
656 1376 779 1458 3¹¹²,
816 1376 972 1458 ⁷Ne9.
1028 1379 1227 1437 Potius
1279 1379 1442 1438 enim
1489 1381 2008 1440 Protestantismus
2071 1403 2142 1440 ex
2178 1382 2383 1449 ‚nativa

228 1471 429 1532 indole
460 1494 564 1532 sua
586 1473 799 1534 iisdem
819 1474 1203 1534 incrementis
1230 1476 1487 1534 maxime
1515 1475 1705 1535 obfuit
1728 1520 1744 1551 7
1775 1488 1983 1558 utpote
2015 1478 2117 1558 qui
2140 1478 2380 1536 rationis

227 1571 614 1635 nihilismum
657 1569 731 1630 ab
783 1571 950 1629 initio
1000 1570 1458 1652 proclamaverit
1486 1617 1502 1641 ,
1563 1582 1632 1630 ut
1671 1571 1882 1652 saepius
1929 1571 2379 1653 aQnotavimuS‚

228 1677 288 1725 et
314 1663 649 1725 absolutum
696 1666 872 1726 fuerit
913 1676 1328 1761 contemptum
1359 1666 1652 1748 professus
1687 1668 1881 1726 omnis
1927 1666 2205 1726 humanae
2242 1666 2381 1749 phi-

226 1760 505 1843 losophiae
540 1763 649 1843 (2).
691 1761 861 1836 Quod
897 1763 945 1820 si
994 1772 1231 1843 postea,
1275 1782 1438 1821 secus
1480 1783 1546 1821 ac
1589 1762 1781 1843 prima
1822 1766 1944 1839 ejus
1990 1762 2171 1821 ferret
2207 1763 2376 1822 insti-

224 1954 436 2019 adeoque
451 1954 663 2021 uthujus
678 1953 962 2020 disciplina?
976 1955 1263 2020 reformator
1348 1954 1576 2004 limitibus
1600 1949 1718 2004 es'set
1745 1956 1989 2014 conclusa,
2009 1966 2147 2021 atque
2168 1956 2228 2004 ab
2249 1961 2378 2006 omni

224 2049 270 2088 et
295 2048 592 2088 restaurator
612 2039 861 2087 habendas
878 2041 944 2086 sit
954 2056 975 2100 ,-
1004 2056 1154 2103 quum
1172 2054 1262 2104 po-

222 2123 321 2171 tius
337 2122 576 2187 quidquid
605 2123 800 2187 dejure
829 2131 1020 2171 naturoe
1041 2122 1256 2187 profert,

222 2204 352 2253 nihil
378 2204 521 2252 aliud
548 2205 639 2266 sit,
674 2222 820 2269 quam
851 2214 983 2252 vetus
1004 2204 1257 2252 scholasti-

223 2302 390 2336 corum
414 2285 657 2336 doctrina.
674 2286 931 2335 Recensitis
952 2284 1124 2336 deinde
1144 2303 1259 2352 prae-

222 2370 374 2437 cipuis
403 2371 490 2419 hac
521 2371 579 2420 de
599 2389 646 2419 re
663 2369 897 2419 Grotianae
930 2371 1157 2419 doctrinae
1177 2388 1256 2419 ca-

220 2455 394 2520 pitibus
413 2493 426 2513 ‚
473 2455 711 2503 concludit
755 2471 770 2503 :
811 2453 935 2502 Hoec
979 2456 1150 2502 omnia
1199 2457 1258 2502 in

170 2566 173 2570 Α
216 2539 488 2605 fusioribus
503 2540 743 2605 excerptis
752 2568 768 2599 9
794 2555 902 2603 quoe
928 2555 988 2586 ea·
1015 2538 1258 2587 veteribus

221 2623 665 2688 recentioribusque
681 2621 983 2670 scholasticis
996 2639 1144 2687 supra
1160 2630 1257 2669 tra-

221 2705 467 2766 didimus,
490 2707 698 2771 reperiri
711 2712 937 2771 possunt.
961 2704 1096 2770 Apud
1113 2704 1252 2754 Joan.

219 2787 395 2837 Franc.
427 2789 616 2837 Finetti.
647 2787 698 2838 S.
722 2789 767 2838 J.
811 2788 885 2836 De
907 2789 1258 2854 principisju-

219 2873 292 2919 ris
310 2880 502 2919 naturoe
528 2881 575 2919 et
597 2873 817 2936 qentium
835 2907 851 2928 ,
884 2870 1051 2919 Venet.
1095 2867 1223 2936 1765
1239 2905 1252 2931 ,

220 2965 335 3005 tom.
366 2973 413 3015 1,
441 2956 523 3004 lib.
553 2972 570 3002 1
591 2992 606 3015 ‚
638 2971 743 3021 cap.
776 2952 829 3003 5.

286 3038 352 3101 (1)
391 3037 700 3096 Cfr.Finetti‚
721 3057 795 3102 op.
813 3048 856 3086 et
871 3037 958 3086 lib.
976 3039 1056 3086 cit.
1076 3054 1176 3101 cap.
1199 3037 1249 3096 3,

219 3122 346 3186 quod
385 3123 655 3171 inscribitur
687 3120 839 3170 Vana
867 3129 935 3169 est
966 3117 1252 3170 Protestan-

218 3205 343 3250 tium
365 3206 577 3269 jactatio
613 3205 670 3252 de
712 3207 991 3252 instaurata
1034 3203 1259 3252 illustra-'

219 3295 360 3350 taque
390 3296 434 3334 et
461 3287 527 3335 ad
539 3288 880 3353 perfectionem
894 3286 1130 3353 perducta
1153 3303 1185 3335 a
1202 3301 1252 3334 se

204 3370 346 3434 juris
386 3370 626 3419 naturalis
664 3371 904 3419 doctrina.
952 3369 1062 3419 Vid.
1107 3372 1249 3418 etiam

216 3470 352 3518 capp.
383 3454 693 3518 insequentia.
733 3451 856 3502 Sane
888 3469 943 3501 ex
984 3453 1248 3501 Protestan-

218 3539 338 3584 tium
375 3534 597 3584 doctrinis
631 3538 838 3584 manavit
869 3553 921 3584 ea
951 3537 1071 3602 juris
1111 3545 1247 3583 natu-

218 3635 318 3679 rae,
358 3619 657 3684 hominisque
693 3618 954 3666 officiorum
993 3619 1207 3666 tractatio
1232 3656 1245 3678 ‚

218 3718 273 3751 ac
298 3705 333 3750 si
363 3712 457 3750 tota
485 3701 692 3750 hominis
715 3699 966 3749 destinatio
991 3700 1133 3766 hujus
1151 3702 1252 3748 vitae

1347 2038 1650 2087 immortalite
1670 2041 1814 2087 animi
1830 2039 2138 2103 praescindere
2161 2038 2374 2100 deberet,

1347 2121 1395 2170 id
1418 2121 1544 2188 quod
1564 2124 1821 2187 praesertim
1836 2122 2153 2171 Puffendorfio
2171 2123 2378 2174 solemne

1345 2204 1434 2252 fuit
1461 2243 1474 2265 ‚
1517 2207 1686 2253 nimios
1727 2208 1775 2253 in
1815 2205 1907 2253 hoc
1942 2215 2185 2254 sectatores
2215 2217 2374 2256 nacto.

1346 2286 1465 2336 Item
1489 2286 1699 2336 absoluta
1721 2290 1912 2336 rationis
1936 2288 2148 2353 practicae
2175 2297 2377 2338 autono-

1343 2371 1476 2430 mia,
1522 2369 1621 2419 Deo
1671 2373 1864 2419 omnino
1907 2375 2103 2436 seposito
2126 2410 2139 2432 ‚
2190 2374 2375 2438 rejectio

1342 2451 1461 2516 leqis
1475 2461 1668 2501 aeternoe
1683 2456 1732 2500 in
1745 2453 1843 2501 Deo
1860 2492 1872 2513 ‚
1891 2454 2241 2503 immutabilitas
2254 2454 2375 2520 juris

1343 2521 1574 2584 naturalis
1589 2534 1793 2596 sublata,
1811 2536 2079 2602 officiorum
2088 2535 2374 2602 specialium

1342 2635 1456 2686 erga
1486 2618 1640 2668 Deum
1672 2622 1856 2684 negatio
1878 2658 1890 2679 ‚
1926 2637 1981 2668 ac
2010 2630 2075 2668 tot
2100 2620 2178 2668 alii
2199 2636 2374 2669 errores

1341 2704 1391 2749 in
1426 2701 1741 2766 singularibus
1761 2703 1878 2767 juris
1905 2712 2085 2750 naturae
2110 2704 2371 2767 praeceptis,

1340 2801 1498 2832 nonne
1530 2783 1695 2832 eodem
1724 2801 1776 2832 ex
1807 2784 1937 2833 fonte
1961 2785 2229 2833 fluxerunt?

1411 2867 1478 2930 (2)
1519 2866 1750 2915 Lutherus
1771 2884 1880 2915 sane
1903 2870 2055 2915 omnis
2071 2865 2368 2932 philosophias

1340 2967 1389 2999 se
1421 2950 1598 2998 hostem
1618 2987 1632 3006 ,
1665 2958 1716 2997 ut
1746 2950 1981 3010 vidimus,
2019 2949 2248 3014 professus
2280 2957 2365 2995 est.

1340 3033 1413 3080 En
1430 3033 1545 3098 quid
1564 3031 1621 3080 de
1636 3034 1737 3096 ipso
1750 3032 1920 3080 scribat
1935 3028 2368 3080 ErasmuszNonne

1338 3116 1583 3167 Lutherus
1605 3118 1828 3183 scripsit,
1848 3133 2032 3165 omnem
2049 3113 2366 3180 disciplinam

1335 3209 1438 3250 tam
1458 3202 1734 3266 practicam
1748 3216 1893 3265 qnam
1909 3196 2253 3265 speculativam
2270 3213 2368 3244 esse

1339 3284 1661 3332 damnatam?
1694 3282 1873 3330 Omnes
1892 3282 2121 3328 scientias
2150 3279 2367 3346 specula-

1335 3368 1463 3415 tivas
1497 3382 1595 3413 esse
1620 3373 1821 3431 peccata
1861 3372 1907 3411 et
1939 3367 2159 3411 errores?
2191 3362 2366 3412 Nonne

1336 3451 1404 3497 M
1405 3447 1693 3497 elanchtkon
1704 3444 1967 3510 aliquando
1979 3444 2230 3493 damnavit
2241 3444 2368 3493 scho-

1333 3529 1408 3578 las
1430 3529 1679 3597 publicas,
1708 3522 1836 3577 etc.?
1860 3528 2005 3593 Epist.
2036 3526 2129 3595 59,
2159 3528 2248 3576 lib.
2272 3528 2330 3575 31
2350 3563 2364 3586 ‚

1338 3631 1413 3678 ap.
1450 3612 1608 3661 Audin
1644 3629 1724 3676 op.
1762 3613 1843 3660 cit.
1887 3629 1988 3677 pag.
2030 3609 2143 3679 196.
2174 3609 2264 3675 Qui
2283 3611 2368 3657 ite-

1337 3715 1444 3746 rum
1460 3735 1474 3760 ‚
1496 3697 1644 3763 Epist.
1668 3694 1796 3745 1006
1809 3734 1822 3757 ,
1841 3697 1900 3745 ad
1913 3696 2200 3745 Bilibaldum
2216 3692 2370 3742 Pirck-
