<?xml version="1.0" encoding="UTF-8"?>
<!DOCTYPE html PUBLIC "-//W3C//DTD XHTML 1.0 Transitional//EN"
    "http://www.w3.org/TR/xhtml1/DTD/xhtml1-transitional.dtd">
<html xmlns="http://www.w3.org/1999/xhtml" xml:lang="en" lang="en">
 <head>
  <title>
</title>
<meta http-equiv="Content-Type" content="text/html;charset=utf-8" />
  <meta name='ocr-system' content='tesseract 3.04.00' />
  <meta name='ocr-capabilities' content='ocr_page ocr_carea ocr_par ocr_line ocrx_word'/>
</head>
<body>
  <div class='ocr_page' id='page_1' title='image "a603693809perruoft_0451.png"; bbox 0 0 2502 4134; ppageno 0'>
   <div class='ocr_carea' id='block_1_1' title="bbox 2097 120 2217 179">
    <p class='ocr_par' dir='ltr' id='par_1_1' title="bbox 2097 120 2217 179">
     <span class='ocr_line' id='line_1_1' title="bbox 2097 120 2217 179; baseline 0.008 -1"><span class='ocrx_word' id='word_1_1' title='bbox 2097 120 2217 179; x_wconf 78' lang='lat'>443</span> 
     </span>
    </p>
   </div>
   <div class='ocr_carea' id='block_1_2' title="bbox 318 141 2011 183">
    <p class='ocr_par' dir='ltr' id='par_1_2' title="bbox 318 141 2011 183">
     <span class='ocr_line' id='line_1_2' title="bbox 318 141 2011 183; baseline -0.001 -4"><span class='ocrx_word' id='word_1_2' title='bbox 318 141 475 182; x_wconf 77' lang='lat' dir='ltr'>PAR’r.</span> <span class='ocrx_word' id='word_1_3' title='bbox 522 143 608 179; x_wconf 88' lang='lat'>111.</span> <span class='ocrx_word' id='word_1_4' title='bbox 655 141 804 179; x_wconf 79' lang='lat' dir='ltr'>SECT.</span> <span class='ocrx_word' id='word_1_5' title='bbox 855 144 894 178; x_wconf 86' lang='lat'>1.</span> <span class='ocrx_word' id='word_1_6' title='bbox 941 143 1060 179; x_wconf 71' lang='lat' dir='ltr'>CAF.</span> <span class='ocrx_word' id='word_1_7' title='bbox 1109 146 1148 180; x_wconf 89' lang='lat'>1.</span> <span class='ocrx_word' id='word_1_8' title='bbox 1200 146 1266 181; x_wconf 83' lang='lat' dir='ltr'>DE</span> <span class='ocrx_word' id='word_1_9' title='bbox 1311 147 1439 182; x_wconf 70' lang='lat' dir='ltr'>Rs&#39;r.</span> <span class='ocrx_word' id='word_1_10' title='bbox 1492 145 1620 183; x_wconf 71' lang='lat' dir='ltr'>Alvr.</span> <span class='ocrx_word' id='word_1_11' title='bbox 1671 144 1780 180; x_wconf 75' lang='lat' dir='ltr'>ml).</span> <span class='ocrx_word' id='word_1_12' title='bbox 1830 142 2011 179; x_wconf 76' lang='lat' dir='ltr'>SPEGT.</span> 
     </span>
    </p>
   </div>
   <div class='ocr_carea' id='block_1_3' title="bbox 100 281 2274 1413">
    <p class='ocr_par' dir='ltr' id='par_1_3' title="bbox 103 281 2264 462">
     <span class='ocr_line' id='line_1_3' title="bbox 104 281 2264 364; baseline -0.001 -21"><span class='ocrx_word' id='word_1_13' title='bbox 104 283 402 343; x_wconf 79' lang='lat' dir='ltr'>evidentia</span> <span class='ocrx_word' id='word_1_14' title='bbox 425 283 607 364; x_wconf 82' lang='lat' dir='ltr'>possit</span> <span class='ocrx_word' id='word_1_15' title='bbox 636 305 755 344; x_wconf 89' lang='lat' dir='ltr'>esse</span> <span class='ocrx_word' id='word_1_16' title='bbox 781 284 880 347; x_wconf 41' lang='lat' dir='ltr'>,vel</span> <span class='ocrx_word' id='word_1_17' title='bbox 917 286 1306 362; x_wconf 81' lang='lat' dir='ltr'>immediata,</span> <span class='ocrx_word' id='word_1_18' title='bbox 1345 285 1564 346; x_wconf 89' lang='lat' dir='ltr'>scilicet</span> <span class='ocrx_word' id='word_1_19' title='bbox 1601 288 1925 360; x_wconf 82' lang='lat' dir='ltr'>intuitiva,</span> <span class='ocrx_word' id='word_1_20' title='bbox 1966 281 2062 344; x_wconf 85' lang='lat' dir='ltr'>vel</span> <span class='ocrx_word' id='word_1_21' title='bbox 2090 305 2216 342; x_wconf 85' lang='lat' dir='ltr'>me·</span> <span class='ocrx_word' id='word_1_22' title='bbox 2262 296 2264 298; x_wconf 78' lang='grc'>’</span> 
     </span>
     <span class='ocr_line' id='line_1_4' title="bbox 103 375 2213 462; baseline 0 -27"><span class='ocrx_word' id='word_1_23' title='bbox 103 379 308 451; x_wconf 68' lang='lat' dir='ltr'>diota,</span> <span class='ocrx_word' id='word_1_24' title='bbox 346 377 557 437; x_wconf 89' lang='lat' dir='ltr'>scilicet</span> <span class='ocrx_word' id='word_1_25' title='bbox 592 381 1087 456; x_wconf 78' lang='lat' dir='ltr'>demonstrativa,</span> <span class='ocrx_word' id='word_1_26' title='bbox 1129 381 1373 462; x_wconf 84' lang='lat' dir='ltr'>quaestio</span> <span class='ocrx_word' id='word_1_27' title='bbox 1413 380 1487 440; x_wconf 90' lang='lat' dir='ltr'>de</span> <span class='ocrx_word' id='word_1_28' title='bbox 1530 392 1777 461; x_wconf 89' lang='lat' dir='ltr'>utraque</span> <span class='ocrx_word' id='word_1_29' title='bbox 1820 377 2066 438; x_wconf 85' lang='lat' dir='ltr'>occurrit</span> <span class='ocrx_word' id='word_1_30' title='bbox 2103 375 2213 458; x_wconf 92' lang='lat'>(1).</span> 
     </span>
    </p>

    <p class='ocr_par' dir='ltr' id='par_1_4' title="bbox 100 472 2274 1413">
     <span class='ocr_line' id='line_1_5' title="bbox 187 472 2220 558; baseline 0 -28"><span class='ocrx_word' id='word_1_31' title='bbox 187 472 323 532; x_wconf 87' lang='lat'>156.</span> <span class='ocrx_word' id='word_1_32' title='bbox 372 475 512 532; x_wconf 90' lang='lat' dir='ltr'>Tota</span> <span class='ocrx_word' id='word_1_33' title='bbox 555 496 690 533; x_wconf 90' lang='lat' dir='ltr'>vero</span> <span class='ocrx_word' id='word_1_34' title='bbox 715 474 839 535; x_wconf 82' lang='lat' dir='ltr'>haec</span> <span class='ocrx_word' id='word_1_35' title='bbox 866 476 1107 557; x_wconf 84' lang='lat' dir='ltr'>quaestio</span> <span class='ocrx_word' id='word_1_36' title='bbox 1135 488 1270 558; x_wconf 85' lang='lat' dir='ltr'>post</span> <span class='ocrx_word' id='word_1_37' title='bbox 1301 476 1501 555; x_wconf 83' lang='lat' dir='ltr'>longas</span> <span class='ocrx_word' id='word_1_38' title='bbox 1536 475 1808 555; x_wconf 78' lang='lat' dir='ltr'><strong>ambages</strong></span> <span class='ocrx_word' id='word_1_39' title='bbox 1843 474 1953 533; x_wconf 88' lang='lat' dir='ltr'>hac</span> <span class='ocrx_word' id='word_1_40' title='bbox 1989 472 2220 533; x_wconf 90' lang='lat' dir='ltr'>conclu-</span> 
     </span>
     <span class='ocr_line' id='line_1_6' title="bbox 102 568 2218 650; baseline 0.001 -24"><span class='ocrx_word' id='word_1_41' title='bbox 102 568 263 627; x_wconf 82' lang='lat' dir='ltr'>sione</span> <span class='ocrx_word' id='word_1_42' title='bbox 307 568 629 629; x_wconf 80' lang='lat' dir='ltr'><strong>absolvitur</strong></span> <span class='ocrx_word' id='word_1_43' title='bbox 661 594 674 628; x_wconf 85' lang='lat'>:</span> <span class='ocrx_word' id='word_1_44' title='bbox 709 592 741 630; x_wconf 93' lang='lat' dir='ltr'>e</span> <span class='ocrx_word' id='word_1_45' title='bbox 771 570 890 629; x_wconf 89' lang='lat' dir='ltr'>sola</span> <span class='ocrx_word' id='word_1_46' title='bbox 918 576 1244 650; x_wconf 63' lang='lat' dir='ltr'>cognitione</span> <span class='ocrx_word' id='word_1_47' title='bbox 1267 573 1626 631; x_wconf 76' lang='lat' dir='ltr'><em>intellectiva</em></span> <span class='ocrx_word' id='word_1_48' title='bbox 1654 592 1755 630; x_wconf 90' lang='lat' dir='ltr'>seu</span> <span class='ocrx_word' id='word_1_49' title='bbox 1787 592 1859 630; x_wconf 82' lang='lat' dir='ltr'>ex</span> <span class='ocrx_word' id='word_1_50' title='bbox 1889 570 2218 637; x_wconf 82' lang='lat' dir='ltr'>evidentia,</span> 
     </span>
     <span class='ocr_line' id='line_1_7' title="bbox 102 656 2220 737; baseline -0 -15"><span class='ocrx_word' id='word_1_51' title='bbox 102 665 223 725; x_wconf 91' lang='lat' dir='ltr'>sive</span> <span class='ocrx_word' id='word_1_52' title='bbox 259 665 333 723; x_wconf 89' lang='lat' dir='ltr'>sit</span> <span class='ocrx_word' id='word_1_53' title='bbox 371 669 663 725; x_wconf 80' lang='lat' dir='ltr'>intuitiva</span> <span class='ocrx_word' id='word_1_54' title='bbox 703 667 826 725; x_wconf 89' lang='lat' dir='ltr'>sive</span> <span class='ocrx_word' id='word_1_55' title='bbox 865 667 940 724; x_wconf 89' lang='lat' dir='ltr'>sit</span> <span class='ocrx_word' id='word_1_56' title='bbox 978 656 1479 737; x_wconf 71' lang='lat' dir='ltr'>demonstrativa,</span> <span class='ocrx_word' id='word_1_57' title='bbox 1522 666 1752 725; x_wconf 89' lang='lat' dir='ltr'>nullum</span> <span class='ocrx_word' id='word_1_58' title='bbox 1798 665 2038 724; x_wconf 88' lang='lat' dir='ltr'>omnino</span> <span class='ocrx_word' id='word_1_59' title='bbox 2095 663 2220 722; x_wconf 81' lang='lat' dir='ltr'>dari</span> 
     </span>
     <span class='ocr_line' id='line_1_8' title="bbox 100 761 2219 841; baseline 0 -23"><span class='ocrx_word' id='word_1_60' title='bbox 100 781 266 837; x_wconf 88' lang='lat' dir='ltr'>posse</span> <span class='ocrx_word' id='word_1_61' title='bbox 293 771 479 819; x_wconf 81' lang='lat' dir='ltr'>tenere</span> <span class='ocrx_word' id='word_1_62' title='bbox 495 783 612 841; x_wconf 79' lang='lat' dir='ltr'>pro</span> <span class='ocrx_word' id='word_1_63' title='bbox 635 783 766 820; x_wconf 83' lang='lat' dir='ltr'>vero</span> <span class='ocrx_word' id='word_1_64' title='bbox 798 772 995 821; x_wconf 81' lang='lat' dir='ltr'>tutum</span> <span class='ocrx_word' id='word_1_65' title='bbox 1032 763 1055 841; x_wconf 94' lang='lat'>(</span> <span class='ocrx_word' id='word_1_66' title='bbox 1080 761 1494 821; x_wconf 77' lang='lat' dir='ltr'><strong>certitudinem</strong></span> <span class='ocrx_word' id='word_1_67' title='bbox 1523 764 1549 840; x_wconf 92' lang='lat'>)</span> <span class='ocrx_word' id='word_1_68' title='bbox 1580 783 1691 822; x_wconf 89' lang='lat' dir='ltr'>nec</span> <span class='ocrx_word' id='word_1_69' title='bbox 1715 763 2068 838; x_wconf 76' lang='lat' dir='ltr'>oby&#39;ectivum</span> <span class='ocrx_word' id='word_1_70' title='bbox 2099 779 2219 819; x_wconf 89' lang='lat' dir='ltr'>nec</span> 
     </span>
     <span class='ocr_line' id='line_1_9' title="bbox 104 853 2219 938; baseline 0 -27"><span class='ocrx_word' id='word_1_71' title='bbox 104 856 515 934; x_wconf 71' lang='lat' dir='ltr'>subjectivum.</span> <span class='ocrx_word' id='word_1_72' title='bbox 564 857 791 938; x_wconf 84' lang='lat' dir='ltr'>Quippe</span> <span class='ocrx_word' id='word_1_73' title='bbox 830 877 950 915; x_wconf 90' lang='lat' dir='ltr'>non</span> <span class='ocrx_word' id='word_1_74' title='bbox 994 856 1167 916; x_wconf 86' lang='lat' dir='ltr'>datur</span> <span class='ocrx_word' id='word_1_75' title='bbox 1199 857 1261 915; x_wconf 87' lang='lat'>10</span> <span class='ocrx_word' id='word_1_76' title='bbox 1288 855 1356 916; x_wconf 82' lang='lat' dir='ltr'>ex</span> <span class='ocrx_word' id='word_1_77' title='bbox 1397 857 1731 937; x_wconf 81' lang='lat' dir='ltr'>cognitione</span> <span class='ocrx_word' id='word_1_78' title='bbox 1769 877 1870 915; x_wconf 89' lang='lat' dir='ltr'>seu</span> <span class='ocrx_word' id='word_1_79' title='bbox 1901 853 2219 927; x_wconf 73' lang='lat' dir='ltr'>evidentia,</span> 
     </span>
     <span class='ocr_line' id='line_1_10' title="bbox 106 949 2224 1033; baseline 0 -25"><span class='ocrx_word' id='word_1_80' title='bbox 106 970 235 1030; x_wconf 83' lang='lat' dir='ltr'>quae</span> <span class='ocrx_word' id='word_1_81' title='bbox 271 949 345 1008; x_wconf 88' lang='lat' dir='ltr'>ab</span> <span class='ocrx_word' id='word_1_82' title='bbox 374 951 682 1010; x_wconf 84' lang='lat' dir='ltr'>intuitione</span> <span class='ocrx_word' id='word_1_83' title='bbox 706 949 965 1010; x_wconf 86' lang='lat' dir='ltr'>sensibili</span> <span class='ocrx_word' id='word_1_84' title='bbox 991 962 1231 1010; x_wconf 81' lang='lat' dir='ltr'>externa</span> <span class='ocrx_word' id='word_1_85' title='bbox 1270 951 1570 1033; x_wconf 76' lang='lat' dir='ltr'>procedit3</span> <span class='ocrx_word' id='word_1_86' title='bbox 1605 953 1674 1011; x_wconf 81' lang='lat'>20</span> <span class='ocrx_word' id='word_1_87' title='bbox 1700 973 1808 1010; x_wconf 88' lang='lat' dir='ltr'>nec</span> <span class='ocrx_word' id='word_1_88' title='bbox 1833 971 1903 1011; x_wconf 74' lang='lat' dir='ltr'>ex</span> <span class='ocrx_word' id='word_1_89' title='bbox 1930 949 2030 1010; x_wconf 80' lang='lat' dir='ltr'>illa</span> <span class='ocrx_word' id='word_1_90' title='bbox 2048 994 2066 1024; x_wconf 79' lang='lat'><strong>‚</strong></span> <span class='ocrx_word' id='word_1_91' title='bbox 2091 969 2224 1031; x_wconf 84' lang='lat' dir='ltr'>quae</span> 
     </span>
     <span class='ocr_line' id='line_1_11' title="bbox 104 1043 2223 1128; baseline 0.001 -27"><span class='ocrx_word' id='word_1_92' title='bbox 104 1043 178 1102; x_wconf 89' lang='lat' dir='ltr'>ab</span> <span class='ocrx_word' id='word_1_93' title='bbox 195 1046 505 1105; x_wconf 85' lang='lat' dir='ltr'>intuitione</span> <span class='ocrx_word' id='word_1_94' title='bbox 532 1045 792 1105; x_wconf 87' lang='lat' dir='ltr'>sensibili</span> <span class='ocrx_word' id='word_1_95' title='bbox 814 1046 1046 1105; x_wconf 86' lang='lat' dir='ltr'>interna</span> <span class='ocrx_word' id='word_1_96' title='bbox 1077 1046 1374 1122; x_wconf 77' lang='lat' dir='ltr'>dimanat3</span> <span class='ocrx_word' id='word_1_97' title='bbox 1407 1047 1471 1106; x_wconf 84' lang='lat'>3⁰</span> <span class='ocrx_word' id='word_1_98' title='bbox 1499 1068 1608 1108; x_wconf 90' lang='lat' dir='ltr'>nec</span> <span class='ocrx_word' id='word_1_99' title='bbox 1634 1069 1704 1107; x_wconf 86' lang='lat' dir='ltr'>ex</span> <span class='ocrx_word' id='word_1_100' title='bbox 1725 1046 1826 1106; x_wconf 86' lang='lat' dir='ltr'>illa</span> <span class='ocrx_word' id='word_1_101' title='bbox 1844 1092 1861 1122; x_wconf 73' lang='grc'><em>,</em></span> <span class='ocrx_word' id='word_1_102' title='bbox 1887 1068 2019 1128; x_wconf 83' lang='lat' dir='ltr'>quae</span> <span class='ocrx_word' id='word_1_103' title='bbox 2045 1067 2223 1105; x_wconf 83' lang='lat' dir='ltr'>exur-</span> 
     </span>
     <span class='ocr_line' id='line_1_12' title="bbox 103 1137 2222 1220; baseline -0.001 -20"><span class='ocrx_word' id='word_1_104' title='bbox 103 1144 187 1220; x_wconf 77' lang='lat' dir='ltr'>git</span> <span class='ocrx_word' id='word_1_105' title='bbox 222 1162 294 1200; x_wconf 80' lang='lat' dir='ltr'>ex</span> <span class='ocrx_word' id='word_1_106' title='bbox 323 1137 635 1201; x_wconf 84' lang='lat' dir='ltr'>intuitione</span> <span class='ocrx_word' id='word_1_107' title='bbox 667 1142 1119 1201; x_wconf 87' lang='lat' dir='ltr'>necessariarum</span> <span class='ocrx_word' id='word_1_108' title='bbox 1171 1142 1327 1202; x_wconf 87' lang='lat' dir='ltr'>inter</span> <span class='ocrx_word' id='word_1_109' title='bbox 1373 1142 1531 1202; x_wconf 86' lang='lat' dir='ltr'>ideas</span> <span class='ocrx_word' id='word_1_110' title='bbox 1576 1141 1965 1215; x_wconf 75' lang='lat' dir='ltr'>relationum3</span> <span class='ocrx_word' id='word_1_111' title='bbox 2011 1140 2079 1199; x_wconf 77' lang='lat'>40</span> <span class='ocrx_word' id='word_1_112' title='bbox 2113 1161 2222 1200; x_wconf 90' lang='lat' dir='ltr'>nec</span> 
     </span>
     <span class='ocr_line' id='line_1_13' title="bbox 105 1234 2274 1320; baseline 0.001 -27"><span class='ocrx_word' id='word_1_113' title='bbox 105 1234 343 1294; x_wconf 90' lang='lat' dir='ltr'>demum</span> <span class='ocrx_word' id='word_1_114' title='bbox 379 1235 609 1311; x_wconf 78' lang='lat' dir='ltr'>exilia,</span> <span class='ocrx_word' id='word_1_115' title='bbox 646 1257 777 1317; x_wconf 86' lang='lat' dir='ltr'>quae</span> <span class='ocrx_word' id='word_1_116' title='bbox 819 1235 1061 1317; x_wconf 89' lang='lat' dir='ltr'>profluit</span> <span class='ocrx_word' id='word_1_117' title='bbox 1086 1258 1171 1320; x_wconf 65' lang='lat' dir='ltr'>ex⁸</span> <span class='ocrx_word' id='word_1_118' title='bbox 1194 1237 1532 1317; x_wconf 80' lang='lat' dir='ltr'>testimonio</span> <span class='ocrx_word' id='word_1_119' title='bbox 1568 1238 1821 1319; x_wconf 81' lang='lat' dir='ltr'>propriae</span> <span class='ocrx_word' id='word_1_120' title='bbox 1855 1236 2223 1296; x_wconf 84' lang='lat' dir='ltr'>conscientiae</span> <span class='ocrx_word' id='word_1_121' title='bbox 2270 1261 2274 1265; x_wconf 90' lang='lat'>·</span> 
     </span>
     <span class='ocr_line' id='line_1_14' title="bbox 104 1321 2225 1413; baseline 0.001 -25"><span class='ocrx_word' id='word_1_122' title='bbox 104 1331 250 1389; x_wconf 90' lang='lat' dir='ltr'>circa</span> <span class='ocrx_word' id='word_1_123' title='bbox 297 1330 384 1390; x_wconf 90' lang='lat' dir='ltr'>sui</span> <span class='ocrx_word' id='word_1_124' title='bbox 424 1330 611 1412; x_wconf 85' lang='lat' dir='ltr'>ipsius</span> <span class='ocrx_word' id='word_1_125' title='bbox 638 1331 1044 1391; x_wconf 83' lang='lat' dir='ltr'>immediatam</span> <span class='ocrx_word' id='word_1_126' title='bbox 1081 1321 1455 1392; x_wconf 78' lang='lat' dir='ltr'>existentiam</span> <span class='ocrx_word' id='word_1_127' title='bbox 1492 1332 1604 1413; x_wconf 79' lang='lat'>(2).</span> <span class='ocrx_word' id='word_1_128' title='bbox 1649 1332 1816 1391; x_wconf 80' lang='lat' dir='ltr'>Ratio</span> <span class='ocrx_word' id='word_1_129' title='bbox 1864 1336 2032 1410; x_wconf 84' lang='lat' dir='ltr'>juxta</span> <span class='ocrx_word' id='word_1_130' title='bbox 2072 1333 2225 1391; x_wconf 85' lang='lat' dir='ltr'>Her-</span> 
     </span>
    </p>
   </div>
   <div class='ocr_carea' id='block_1_4' title="bbox 63 1630 1124 3669">
    <p class='ocr_par' dir='ltr' id='par_1_5' title="bbox 63 1630 1120 2108">
     <span class='ocr_line' id='line_1_15' title="bbox 63 1630 1118 1697; baseline 0.005 -21"><span class='ocrx_word' id='word_1_131' title='bbox 63 1659 65 1661; x_wconf 57' lang='lat'>&gt;</span> <span class='ocrx_word' id='word_1_132' title='bbox 101 1631 313 1677; x_wconf 86' lang='lat' dir='ltr'>sitionem</span> <span class='ocrx_word' id='word_1_133' title='bbox 339 1647 363 1676; x_wconf 88' lang='lat' dir='ltr'>a</span> <span class='ocrx_word' id='word_1_134' title='bbox 387 1630 655 1694; x_wconf 79' lang='lat' dir='ltr'>coqnitione</span> <span class='ocrx_word' id='word_1_135' title='bbox 678 1648 733 1680; x_wconf 87' lang='lat' dir='ltr'>ex</span> <span class='ocrx_word' id='word_1_136' title='bbox 758 1634 801 1680; x_wconf 79' lang='lat' dir='ltr'>vi</span> <span class='ocrx_word' id='word_1_137' title='bbox 810 1631 1090 1697; x_wconf 68' lang='lat' dir='ltr'>phantasia?</span> <span class='ocrx_word' id='word_1_138' title='bbox 1097 1651 1118 1691; x_wconf 80' lang='lat'>‚-</span> 
     </span>
     <span class='ocr_line' id='line_1_16' title="bbox 103 1709 1119 1780; baseline 0.005 -22"><span class='ocrx_word' id='word_1_139' title='bbox 103 1709 188 1759; x_wconf 86' lang='lat' dir='ltr'>sed</span> <span class='ocrx_word' id='word_1_140' title='bbox 209 1712 431 1775; x_wconf 87' lang='lat' dir='ltr'>quoniam</span> <span class='ocrx_word' id='word_1_141' title='bbox 450 1729 551 1759; x_wconf 91' lang='lat' dir='ltr'>eam</span> <span class='ocrx_word' id='word_1_142' title='bbox 569 1714 723 1760; x_wconf 82' lang='lat' dir='ltr'>statim</span> <span class='ocrx_word' id='word_1_143' title='bbox 738 1715 915 1779; x_wconf 86' lang='lat' dir='ltr'>rejicit,</span> <span class='ocrx_word' id='word_1_144' title='bbox 946 1716 1119 1780; x_wconf 85' lang='lat' dir='ltr'>quippe</span> 
     </span>
     <span class='ocr_line' id='line_1_17' title="bbox 103 1794 1118 1860; baseline 0.003 -19"><span class='ocrx_word' id='word_1_145' title='bbox 103 1794 283 1842; x_wconf 82' lang='lat' dir='ltr'>nullam</span> <span class='ocrx_word' id='word_1_146' title='bbox 304 1831 318 1854; x_wconf 87' lang='lat'><strong>,</strong></span> <span class='ocrx_word' id='word_1_147' title='bbox 349 1805 400 1842; x_wconf 89' lang='lat' dir='ltr'>ut</span> <span class='ocrx_word' id='word_1_148' title='bbox 425 1811 505 1859; x_wconf 88' lang='lat' dir='ltr'>per</span> <span class='ocrx_word' id='word_1_149' title='bbox 531 1812 580 1843; x_wconf 89' lang='lat' dir='ltr'>se</span> <span class='ocrx_word' id='word_1_150' title='bbox 613 1805 763 1860; x_wconf 81' lang='lat' dir='ltr'>patet,</span> <span class='ocrx_word' id='word_1_151' title='bbox 793 1797 1118 1846; x_wconf 79' lang='lat' dir='ltr'>certitudinem</span> 
     </span>
     <span class='ocr_line' id='line_1_18' title="bbox 107 1878 1119 1943; baseline 0.004 -20"><span class='ocrx_word' id='word_1_152' title='bbox 107 1894 259 1924; x_wconf 88' lang='lat' dir='ltr'>veram</span> <span class='ocrx_word' id='word_1_153' title='bbox 296 1878 480 1941; x_wconf 81' lang='lat' dir='ltr'>gignere</span> <span class='ocrx_word' id='word_1_154' title='bbox 514 1887 692 1941; x_wconf 88' lang='lat' dir='ltr'>potest,</span> <span class='ocrx_word' id='word_1_155' title='bbox 715 1895 818 1927; x_wconf 89' lang='lat' dir='ltr'>eam</span> <span class='ocrx_word' id='word_1_156' title='bbox 848 1889 1023 1943; x_wconf 87' lang='lat' dir='ltr'>partem</span> <span class='ocrx_word' id='word_1_157' title='bbox 1047 1881 1119 1927; x_wconf 91' lang='lat' dir='ltr'>in-</span> 
     </span>
     <span class='ocr_line' id='line_1_19' title="bbox 106 1960 1120 2025; baseline 0.003 -18"><span class='ocrx_word' id='word_1_158' title='bbox 106 1961 365 2025; x_wconf 88' lang='lat' dir='ltr'>quisitionis</span> <span class='ocrx_word' id='word_1_159' title='bbox 391 1962 663 2009; x_wconf 85' lang='lat' dir='ltr'>omittimus.</span> <span class='ocrx_word' id='word_1_160' title='bbox 679 1960 779 2010; x_wconf 82' lang='lat' dir='ltr'>cfr.</span> <span class='ocrx_word' id='word_1_161' title='bbox 806 1961 885 2018; x_wconf 84' lang='lat' dir='ltr'>hic</span> <span class='ocrx_word' id='word_1_162' title='bbox 901 1961 1120 2011; x_wconf 75' lang='lat' dir='ltr'>articulus</span> 
     </span>
     <span class='ocr_line' id='line_1_20' title="bbox 105 2040 605 2108; baseline 0.004 -20"><span class='ocrx_word' id='word_1_163' title='bbox 105 2051 258 2089; x_wconf 85' lang='lat' dir='ltr'>noster</span> <span class='ocrx_word' id='word_1_164' title='bbox 286 2057 313 2088; x_wconf 83' lang='lat'>2</span> <span class='ocrx_word' id='word_1_165' title='bbox 331 2077 346 2101; x_wconf 92' lang='lat'><strong>,</strong></span> <span class='ocrx_word' id='word_1_166' title='bbox 379 2057 485 2108; x_wconf 83' lang='lat' dir='ltr'>pag.</span> <span class='ocrx_word' id='word_1_167' title='bbox 524 2040 605 2090; x_wconf 82' lang='lat'>36.</span> 
     </span>
    </p>

    <p class='ocr_par' dir='ltr' id='par_1_6' title="bbox 101 2121 1124 3669">
     <span class='ocr_line' id='line_1_21' title="bbox 174 2121 1119 2190; baseline 0.005 -21"><span class='ocrx_word' id='word_1_168' title='bbox 174 2122 242 2187; x_wconf 88' lang='grc'>(1)</span> <span class='ocrx_word' id='word_1_169' title='bbox 277 2121 430 2188; x_wconf 79' lang='lat' dir='ltr'>Quam</span> <span class='ocrx_word' id='word_1_170' title='bbox 479 2142 563 2173; x_wconf 87' lang='lat' dir='ltr'>nos</span> <span class='ocrx_word' id='word_1_171' title='bbox 601 2125 799 2174; x_wconf 79' lang='lat' dir='ltr'>dicimus</span> <span class='ocrx_word' id='word_1_172' title='bbox 841 2124 1119 2190; x_wconf 71' lang='lat' dir='ltr'>intelliyen-</span> 
     </span>
     <span class='ocr_line' id='line_1_22' title="bbox 107 2206 1118 2267; baseline 0.006 -16"><span class='ocrx_word' id='word_1_173' title='bbox 107 2206 261 2267; x_wconf 79' lang='lat' dir='ltr'>tiam,</span> <span class='ocrx_word' id='word_1_174' title='bbox 305 2223 387 2254; x_wconf 87' lang='lat' dir='ltr'>seu</span> <span class='ocrx_word' id='word_1_175' title='bbox 411 2208 548 2254; x_wconf 82' lang='lat' dir='ltr'>etiam</span> <span class='ocrx_word' id='word_1_176' title='bbox 585 2206 874 2255; x_wconf 83' lang='lat' dir='ltr'>evidentiam</span> <span class='ocrx_word' id='word_1_177' title='bbox 908 2210 1006 2266; x_wconf 81' lang='lat' dir='ltr'>rei,</span> <span class='ocrx_word' id='word_1_178' title='bbox 1043 2208 1118 2256; x_wconf 90' lang='lat' dir='ltr'>di-</span> 
     </span>
     <span class='ocr_line' id='line_1_23' title="bbox 108 2285 1119 2355; baseline 0.003 -21"><span class='ocrx_word' id='word_1_179' title='bbox 108 2288 229 2335; x_wconf 86' lang='lat' dir='ltr'>citur</span> <span class='ocrx_word' id='word_1_180' title='bbox 258 2286 318 2335; x_wconf 88' lang='lat' dir='ltr'>ab</span> <span class='ocrx_word' id='word_1_181' title='bbox 345 2286 588 2336; x_wconf 84' lang='lat' dir='ltr'>Hermesio</span> <span class='ocrx_word' id='word_1_182' title='bbox 607 2285 868 2350; x_wconf 75' lang='lat' dir='ltr'>Einsicht,</span> <span class='ocrx_word' id='word_1_183' title='bbox 897 2300 1035 2355; x_wconf 85' lang='lat' dir='ltr'>atque</span> <span class='ocrx_word' id='word_1_184' title='bbox 1054 2291 1119 2337; x_wconf 86' lang='lat' dir='ltr'>ita</span> 
     </span>
     <span class='ocr_line' id='line_1_24' title="bbox 108 2367 1120 2435; baseline 0.003 -18"><span class='ocrx_word' id='word_1_185' title='bbox 108 2367 222 2417; x_wconf 88' lang='lat' dir='ltr'>alibi</span> <span class='ocrx_word' id='word_1_186' title='bbox 264 2386 367 2418; x_wconf 88' lang='lat' dir='ltr'>eam</span> <span class='ocrx_word' id='word_1_187' title='bbox 405 2370 603 2435; x_wconf 86' lang='lat' dir='ltr'>explicat</span> <span class='ocrx_word' id='word_1_188' title='bbox 638 2387 654 2418; x_wconf 75' lang='grc' dir='ltr'><strong><em>ε</em></strong></span> <span class='ocrx_word' id='word_1_189' title='bbox 698 2369 925 2419; x_wconf 80' lang='lat' dir='ltr'>Einsicht</span> <span class='ocrx_word' id='word_1_190' title='bbox 961 2379 1030 2419; x_wconf 89' lang='lat' dir='ltr'>est</span> <span class='ocrx_word' id='word_1_191' title='bbox 1063 2389 1120 2421; x_wconf 87' lang='lat' dir='ltr'>ea</span> 
     </span>
     <span class='ocr_line' id='line_1_25' title="bbox 107 2452 1119 2518; baseline 0.003 -20"><span class='ocrx_word' id='word_1_192' title='bbox 107 2452 315 2515; x_wconf 78' lang='lat' dir='ltr'>coquitio</span> <span class='ocrx_word' id='word_1_193' title='bbox 326 2491 344 2513; x_wconf 91' lang='lat'><em>,</em></span> <span class='ocrx_word' id='word_1_194' title='bbox 375 2469 469 2517; x_wconf 78' lang='lat' dir='ltr'>qua</span> <span class='ocrx_word' id='word_1_195' title='bbox 490 2454 815 2518; x_wconf 68' lang='lat' dir='ltr'>perspicimus</span> <span class='ocrx_word' id='word_1_196' title='bbox 841 2453 1119 2518; x_wconf 76' lang='lat' dir='ltr'>(einsehen)</span> 
     </span>
     <span class='ocr_line' id='line_1_26' title="bbox 107 2533 1118 2585; baseline 0.004 -5"><span class='ocrx_word' id='word_1_197' title='bbox 107 2533 438 2582; x_wconf 73' lang='lat' dir='ltr'>rectitudinem</span> <span class='ocrx_word' id='word_1_198' title='bbox 454 2542 542 2582; x_wconf 87' lang='lat' dir='ltr'>aut</span> <span class='ocrx_word' id='word_1_199' title='bbox 563 2551 662 2582; x_wconf 90' lang='lat' dir='ltr'>non</span> <span class='ocrx_word' id='word_1_200' title='bbox 677 2535 1007 2584; x_wconf 75' lang='lat' dir='ltr'>rectitudinem</span> <span class='ocrx_word' id='word_1_201' title='bbox 1023 2535 1118 2585; x_wconf 87' lang='lat' dir='ltr'>ali·</span> 
     </span>
     <span class='ocr_line' id='line_1_27' title="bbox 105 2614 1124 2681; baseline 0.006 -19"><span class='ocrx_word' id='word_1_202' title='bbox 105 2618 245 2681; x_wconf 85' lang='lat' dir='ltr'>cujus</span> <span class='ocrx_word' id='word_1_203' title='bbox 258 2614 453 2681; x_wconf 80' lang='lat' dir='ltr'>judicii</span> <span class='ocrx_word' id='word_1_204' title='bbox 467 2654 481 2677; x_wconf 89' lang='lat'>‚</span> <span class='ocrx_word' id='word_1_205' title='bbox 526 2625 681 2681; x_wconf 81' lang='lat' dir='ltr'>estque</span> <span class='ocrx_word' id='word_1_206' title='bbox 714 2616 790 2665; x_wconf 86' lang='lat' dir='ltr'>vel</span> <span class='ocrx_word' id='word_1_207' title='bbox 814 2617 1025 2666; x_wconf 88' lang='lat' dir='ltr'>mediata</span> <span class='ocrx_word' id='word_1_208' title='bbox 1047 2618 1124 2668; x_wconf 81' lang='lat' dir='ltr'>vel</span> 
     </span>
     <span class='ocr_line' id='line_1_28' title="bbox 105 2697 1119 2763; baseline 0.005 -20"><span class='ocrx_word' id='word_1_209' title='bbox 105 2697 416 2758; x_wconf 80' lang='lat' dir='ltr'>immediata,</span> <span class='ocrx_word' id='word_1_210' title='bbox 442 2699 610 2763; x_wconf 81' lang='lat' dir='ltr'>prouti</span> <span class='ocrx_word' id='word_1_211' title='bbox 634 2698 700 2747; x_wconf 90' lang='lat' dir='ltr'>ad</span> <span class='ocrx_word' id='word_1_212' title='bbox 719 2699 965 2748; x_wconf 84' lang='lat' dir='ltr'>sciendam</span> <span class='ocrx_word' id='word_1_213' title='bbox 982 2699 1119 2749; x_wconf 83' lang='lat' dir='ltr'>illam</span> 
     </span>
     <span class='ocr_line' id='line_1_29' title="bbox 106 2779 1120 2848; baseline 0.006 -22"><span class='ocrx_word' id='word_1_214' title='bbox 106 2780 437 2848; x_wconf 75' lang='lat' dir='ltr'>rectitudinem</span> <span class='ocrx_word' id='word_1_215' title='bbox 459 2779 535 2828; x_wconf 84' lang='lat' dir='ltr'>vel</span> <span class='ocrx_word' id='word_1_216' title='bbox 558 2797 657 2829; x_wconf 86' lang='lat' dir='ltr'>non</span> <span class='ocrx_word' id='word_1_217' title='bbox 684 2783 1020 2832; x_wconf 83' lang='lat' dir='ltr'>rectitudinem</span> <span class='ocrx_word' id='word_1_218' title='bbox 1046 2800 1120 2832; x_wconf 85' lang='lat' dir='ltr'>re-</span> 
     </span>
     <span class='ocr_line' id='line_1_30' title="bbox 103 2861 1118 2930; baseline 0.006 -22"><span class='ocrx_word' id='word_1_219' title='bbox 103 2862 317 2926; x_wconf 83' lang='lat' dir='ltr'>quiritur</span> <span class='ocrx_word' id='word_1_220' title='bbox 339 2861 479 2910; x_wconf 84' lang='lat' dir='ltr'>aliud</span> <span class='ocrx_word' id='word_1_221' title='bbox 509 2867 634 2911; x_wconf 85' lang='lat' dir='ltr'>scire</span> <span class='ocrx_word' id='word_1_222' title='bbox 656 2863 731 2912; x_wconf 83' lang='lat' dir='ltr'>vel</span> <span class='ocrx_word' id='word_1_223' title='bbox 752 2880 869 2914; x_wconf 87' lang='lat' dir='ltr'>non.</span> <span class='ocrx_word' id='word_1_224' title='bbox 899 2883 1002 2930; x_wconf 80' lang='lat' dir='ltr'>pag.</span> <span class='ocrx_word' id='word_1_225' title='bbox 1028 2866 1118 2915; x_wconf 86' lang='lat'>130</span> 
     </span>
     <span class='ocr_line' id='line_1_31' title="bbox 105 2942 1116 3006; baseline 0.003 -16"><span class='ocrx_word' id='word_1_226' title='bbox 105 2942 296 3006; x_wconf 90' lang='lat' dir='ltr'>(nota).</span> <span class='ocrx_word' id='word_1_227' title='bbox 334 2943 485 2992; x_wconf 87' lang='lat' dir='ltr'>Potest</span> <span class='ocrx_word' id='word_1_228' title='bbox 516 2945 594 2992; x_wconf 87' lang='lat' dir='ltr'>illa</span> <span class='ocrx_word' id='word_1_229' title='bbox 623 2945 811 2993; x_wconf 85' lang='lat' dir='ltr'>fortasse</span> <span class='ocrx_word' id='word_1_230' title='bbox 846 2945 905 2993; x_wconf 87' lang='lat' dir='ltr'>ad</span> <span class='ocrx_word' id='word_1_231' title='bbox 935 2945 1116 2993; x_wconf 84' lang='lat' dir='ltr'>claram</span> 
     </span>
     <span class='ocr_line' id='line_1_32' title="bbox 105 3024 1115 3077; baseline 0.007 -8"><span class='ocrx_word' id='word_1_232' title='bbox 105 3038 161 3070; x_wconf 91' lang='lat' dir='ltr'>ac</span> <span class='ocrx_word' id='word_1_233' title='bbox 185 3024 463 3074; x_wconf 70' lang='lat' dir='ltr'>distinctam</span> <span class='ocrx_word' id='word_1_234' title='bbox 489 3025 649 3074; x_wconf 87' lang='lat' dir='ltr'>ideam</span> <span class='ocrx_word' id='word_1_235' title='bbox 674 3025 864 3076; x_wconf 86' lang='lat' dir='ltr'>Cartesii</span> <span class='ocrx_word' id='word_1_236' title='bbox 888 3030 1115 3077; x_wconf 86' lang='lat' dir='ltr'>revocari.</span> 
     </span>
     <span class='ocr_line' id='line_1_33' title="bbox 106 3101 1118 3174; baseline 0.006 -22"><span class='ocrx_word' id='word_1_237' title='bbox 106 3101 344 3172; x_wconf 82' lang='lat' dir='ltr'>Quidquid.</span> <span class='ocrx_word' id='word_1_238' title='bbox 386 3110 445 3156; x_wconf 92' lang='lat' dir='ltr'>sit</span> <span class='ocrx_word' id='word_1_239' title='bbox 461 3146 474 3168; x_wconf 85' lang='lat'>,</span> <span class='ocrx_word' id='word_1_240' title='bbox 523 3126 606 3157; x_wconf 91' lang='lat' dir='ltr'>nos</span> <span class='ocrx_word' id='word_1_241' title='bbox 659 3108 988 3174; x_wconf 77' lang='lat' dir='ltr'>intelliqentioe</span> <span class='ocrx_word' id='word_1_242' title='bbox 1037 3120 1118 3158; x_wconf 88' lang='lat' dir='ltr'>aut</span> 
     </span>
     <span class='ocr_line' id='line_1_34' title="bbox 104 3185 1119 3256; baseline 0.01 -25"><span class='ocrx_word' id='word_1_243' title='bbox 104 3185 352 3237; x_wconf 76' lang='lat' dir='ltr'>evidentioe</span> <span class='ocrx_word' id='word_1_244' title='bbox 375 3190 566 3239; x_wconf 86' lang='lat' dir='ltr'>vocibus</span> <span class='ocrx_word' id='word_1_245' title='bbox 583 3209 685 3239; x_wconf 89' lang='lat' dir='ltr'>eam</span> <span class='ocrx_word' id='word_1_246' title='bbox 701 3194 1004 3256; x_wconf 80' lang='lat' dir='ltr'>exprimimus</span> <span class='ocrx_word' id='word_1_247' title='bbox 1017 3230 1030 3253; x_wconf 92' lang='lat'>,</span> <span class='ocrx_word' id='word_1_248' title='bbox 1051 3195 1119 3241; x_wconf 84' lang='lat' dir='ltr'>sic</span> 
     </span>
     <span class='ocr_line' id='line_1_35' title="bbox 107 3273 1116 3323; baseline 0.011 -11"><span class='ocrx_word' id='word_1_249' title='bbox 107 3276 261 3315; x_wconf 84' lang='lat' dir='ltr'>tamen</span> <span class='ocrx_word' id='word_1_250' title='bbox 286 3280 338 3318; x_wconf 90' lang='lat' dir='ltr'>ut</span> <span class='ocrx_word' id='word_1_251' title='bbox 364 3288 546 3321; x_wconf 88' lang='lat' dir='ltr'>sensum</span> <span class='ocrx_word' id='word_1_252' title='bbox 563 3273 786 3323; x_wconf 84' lang='lat' dir='ltr'>Hermesii</span> <span class='ocrx_word' id='word_1_253' title='bbox 803 3274 880 3323; x_wconf 88' lang='lat' dir='ltr'>hic</span> <span class='ocrx_word' id='word_1_254' title='bbox 896 3274 1116 3323; x_wconf 89' lang='lat' dir='ltr'>determi-</span> 
     </span>
     <span class='ocr_line' id='line_1_36' title="bbox 108 3351 1119 3405; baseline 0.01 -10"><span class='ocrx_word' id='word_1_255' title='bbox 108 3365 289 3400; x_wconf 86' lang='lat' dir='ltr'>nemus.</span> <span class='ocrx_word' id='word_1_256' title='bbox 318 3351 531 3404; x_wconf 86' lang='lat' dir='ltr'>Ceterum</span> <span class='ocrx_word' id='word_1_257' title='bbox 552 3373 607 3404; x_wconf 88' lang='lat' dir='ltr'>ex</span> <span class='ocrx_word' id='word_1_258' title='bbox 630 3355 913 3405; x_wconf 87' lang='lat' dir='ltr'>immediata</span> <span class='ocrx_word' id='word_1_259' title='bbox 937 3355 1119 3405; x_wconf 83' lang='lat' dir='ltr'>intelli-</span> 
     </span>
     <span class='ocr_line' id='line_1_37' title="bbox 101 3431 1118 3504; baseline 0.012 -29"><span class='ocrx_word' id='word_1_260' title='bbox 101 3431 265 3494; x_wconf 83' lang='lat' dir='ltr'>9entia</span> <span class='ocrx_word' id='word_1_261' title='bbox 300 3450 382 3481; x_wconf 86' lang='lat' dir='ltr'>nos</span> <span class='ocrx_word' id='word_1_262' title='bbox 414 3436 545 3501; x_wconf 84' lang='lat' dir='ltr'>juxta</span> <span class='ocrx_word' id='word_1_263' title='bbox 583 3438 871 3489; x_wconf 87' lang='lat' dir='ltr'>Hermesium</span> <span class='ocrx_word' id='word_1_264' title='bbox 902 3452 1118 3504; x_wconf 86' lang='lat' dir='ltr'>putamur</span> 
     </span>
     <span class='ocr_line' id='line_1_38' title="bbox 106 3519 1118 3586; baseline 0.011 -28"><span class='ocrx_word' id='word_1_265' title='bbox 106 3521 259 3560; x_wconf 87' lang='lat' dir='ltr'>tenere</span> <span class='ocrx_word' id='word_1_266' title='bbox 284 3531 367 3579; x_wconf 89' lang='lat' dir='ltr'>pro</span> <span class='ocrx_word' id='word_1_267' title='bbox 394 3519 518 3565; x_wconf 83' lang='lat' dir='ltr'>veris</span> <span class='ocrx_word' id='word_1_268' title='bbox 547 3524 830 3586; x_wconf 83' lang='lat' dir='ltr'>cognitiones</span> <span class='ocrx_word' id='word_1_269' title='bbox 859 3523 1118 3574; x_wconf 79' lang='lat' dir='ltr'>intuitivas</span> 
     </span>
     <span class='ocr_line' id='line_1_39' title="bbox 108 3594 1116 3669; baseline 0.013 -27"><span class='ocrx_word' id='word_1_270' title='bbox 108 3594 556 3663; x_wconf 76' lang='lat' dir='ltr'>(Auschauunqen)</span> <span class='ocrx_word' id='word_1_271' title='bbox 582 3611 681 3651; x_wconf 89' lang='lat' dir='ltr'>tum</span> <span class='ocrx_word' id='word_1_272' title='bbox 697 3620 728 3652; x_wconf 88' lang='lat' dir='ltr'>a</span> <span class='ocrx_word' id='word_1_273' title='bbox 746 3607 1031 3669; x_wconf 81' lang='lat' dir='ltr'>posteriori,</span> <span class='ocrx_word' id='word_1_274' title='bbox 1051 3610 1116 3655; x_wconf 86' lang='lat' dir='ltr'>uti</span> 
     </span>
    </p>
   </div>
   <div class='ocr_carea' id='block_1_5' title="bbox 1193 1632 2231 3673">
    <p class='ocr_par' dir='ltr' id='par_1_7' title="bbox 1193 1632 2231 2831">
     <span class='ocr_line' id='line_1_40' title="bbox 1200 1632 2222 1682; baseline -0.002 -1"><span class='ocrx_word' id='word_1_275' title='bbox 1200 1632 1474 1682; x_wconf 80' lang='lat' dir='ltr'>intuitiones</span> <span class='ocrx_word' id='word_1_276' title='bbox 1507 1648 1674 1680; x_wconf 78' lang='lat' dir='ltr'>sensus</span> <span class='ocrx_word' id='word_1_277' title='bbox 1714 1633 1903 1681; x_wconf 70' lang='lat' dir='ltr'>externi</span> <span class='ocrx_word' id='word_1_278' title='bbox 1934 1642 2015 1681; x_wconf 84' lang='lat' dir='ltr'>aut</span> <span class='ocrx_word' id='word_1_279' title='bbox 2051 1648 2222 1680; x_wconf 85' lang='lat' dir='ltr'>sensus</span> 
     </span>
     <span class='ocr_line' id='line_1_41' title="bbox 1198 1715 2228 1781; baseline 0.001 -19"><span class='ocrx_word' id='word_1_280' title='bbox 1198 1716 1397 1775; x_wconf 87' lang='lat' dir='ltr'>intimi,</span> <span class='ocrx_word' id='word_1_281' title='bbox 1431 1725 1531 1763; x_wconf 90' lang='lat' dir='ltr'>tum</span> <span class='ocrx_word' id='word_1_282' title='bbox 1571 1732 1602 1763; x_wconf 89' lang='lat' dir='ltr'>a</span> <span class='ocrx_word' id='word_1_283' title='bbox 1632 1716 1830 1781; x_wconf 81' lang='lat' dir='ltr'>priori,</span> <span class='ocrx_word' id='word_1_284' title='bbox 1869 1716 1940 1763; x_wconf 86' lang='lat' dir='ltr'>uti</span> <span class='ocrx_word' id='word_1_285' title='bbox 1979 1715 2228 1771; x_wconf 70' lang='lat' dir='ltr'>axiomata</span> 
     </span>
     <span class='ocr_line' id='line_1_42' title="bbox 1200 1794 2226 1863; baseline -0.003 -17"><span class='ocrx_word' id='word_1_286' title='bbox 1200 1799 1502 1862; x_wconf 83' lang='lat' dir='ltr'>geometrica,</span> <span class='ocrx_word' id='word_1_287' title='bbox 1552 1815 1656 1861; x_wconf 85' lang='lat' dir='ltr'>pag.</span> <span class='ocrx_word' id='word_1_288' title='bbox 1696 1794 1781 1863; x_wconf 85' lang='lat'>89.</span> <span class='ocrx_word' id='word_1_289' title='bbox 1821 1795 1995 1845; x_wconf 82' lang='lat' dir='ltr'>Contra</span> <span class='ocrx_word' id='word_1_290' title='bbox 2027 1814 2132 1844; x_wconf 88' lang='lat' dir='ltr'>vero</span> <span class='ocrx_word' id='word_1_291' title='bbox 2167 1811 2226 1844; x_wconf 88' lang='lat' dir='ltr'>ex</span> 
     </span>
     <span class='ocr_line' id='line_1_43' title="bbox 1200 1879 2228 1946; baseline -0.001 -18"><span class='ocrx_word' id='word_1_292' title='bbox 1200 1880 1419 1929; x_wconf 44' lang='lat' dir='ltr'>mediata&lt;</span> <span class='ocrx_word' id='word_1_293' title='bbox 1443 1879 1763 1946; x_wconf 60' lang='lat' dir='ltr'>intelligentia</span> <span class='ocrx_word' id='word_1_294' title='bbox 1803 1891 2022 1946; x_wconf 85' lang='lat' dir='ltr'>putamur</span> <span class='ocrx_word' id='word_1_295' title='bbox 2068 1888 2228 1928; x_wconf 86' lang='lat' dir='ltr'>tenere</span> 
     </span>
     <span class='ocr_line' id='line_1_44' title="bbox 1193 1961 2224 2028; baseline 0 -19"><span class='ocrx_word' id='word_1_296' title='bbox 1193 1979 1286 2028; x_wconf 83' lang='lat' dir='ltr'>pro</span> <span class='ocrx_word' id='word_1_297' title='bbox 1326 1963 1452 2010; x_wconf 84' lang='lat' dir='ltr'>veris</span> <span class='ocrx_word' id='word_1_298' title='bbox 1498 1961 1784 2010; x_wconf 79' lang='lat' dir='ltr'>theoremata</span> <span class='ocrx_word' id='word_1_299' title='bbox 1824 1964 2100 2027; x_wconf 87' lang='lat' dir='ltr'>geometrica</span> <span class='ocrx_word' id='word_1_300' title='bbox 2120 1999 2134 2022; x_wconf 88' lang='lat'><strong>‚</strong></span> <span class='ocrx_word' id='word_1_301' title='bbox 2175 1971 2224 2010; x_wconf 90' lang='lat' dir='ltr'>et</span> 
     </span>
     <span class='ocr_line' id='line_1_45' title="bbox 1202 2043 2231 2111; baseline -0.001 -19"><span class='ocrx_word' id='word_1_302' title='bbox 1202 2044 1434 2111; x_wconf 88' lang='lat' dir='ltr'>quidquid</span> <span class='ocrx_word' id='word_1_303' title='bbox 1457 2045 1851 2093; x_wconf 82' lang='lat' dir='ltr'>demonstratione</span> <span class='ocrx_word' id='word_1_304' title='bbox 1869 2044 2074 2110; x_wconf 85' lang='lat' dir='ltr'>indiget,</span> <span class='ocrx_word' id='word_1_305' title='bbox 2100 2043 2231 2092; x_wconf 83' lang='lat' dir='ltr'>unde</span> 
     </span>
     <span class='ocr_line' id='line_1_46' title="bbox 1201 2124 2226 2175; baseline -0.002 -2"><span class='ocrx_word' id='word_1_306' title='bbox 1201 2125 1538 2175; x_wconf 83' lang='lat' dir='ltr'>demonstratio</span> <span class='ocrx_word' id='word_1_307' title='bbox 1579 2125 1748 2174; x_wconf 84' lang='lat' dir='ltr'>dicitur</span> <span class='ocrx_word' id='word_1_308' title='bbox 1786 2125 2001 2174; x_wconf 80' lang='lat' dir='ltr'>medium</span> <span class='ocrx_word' id='word_1_309' title='bbox 2043 2124 2226 2173; x_wconf 84' lang='lat' dir='ltr'>intelli-</span> 
     </span>
     <span class='ocr_line' id='line_1_47' title="bbox 1198 2207 2228 2273; baseline 0.003 -19"><span class='ocrx_word' id='word_1_310' title='bbox 1198 2209 1373 2271; x_wconf 83' lang='lat' dir='ltr'>9entioe</span> <span class='ocrx_word' id='word_1_311' title='bbox 1398 2224 1481 2257; x_wconf 87' lang='lat' dir='ltr'>seu</span> <span class='ocrx_word' id='word_1_312' title='bbox 1506 2208 1786 2256; x_wconf 65' lang='lat' dir='ltr'>evidentius.</span> <span class='ocrx_word' id='word_1_313' title='bbox 1809 2207 1926 2256; x_wconf 82' lang='lat' dir='ltr'>Tota</span> <span class='ocrx_word' id='word_1_314' title='bbox 1956 2225 2092 2273; x_wconf 80' lang='lat' dir='ltr'>porro</span> <span class='ocrx_word' id='word_1_315' title='bbox 2126 2208 2228 2257; x_wconf 80' lang='lat' dir='ltr'>haee</span> 
     </span>
     <span class='ocr_line' id='line_1_48' title="bbox 1202 2290 2227 2357; baseline 0.002 -18"><span class='ocrx_word' id='word_1_316' title='bbox 1202 2291 1521 2356; x_wconf 82' lang='lat' dir='ltr'>psychologica</span> <span class='ocrx_word' id='word_1_317' title='bbox 1545 2290 1711 2340; x_wconf 82' lang='lat' dir='ltr'>divisio</span> <span class='ocrx_word' id='word_1_318' title='bbox 1737 2308 1792 2340; x_wconf 89' lang='lat' dir='ltr'>ex</span> <span class='ocrx_word' id='word_1_319' title='bbox 1821 2290 2227 2357; x_wconf 79' lang='lat' dir='ltr'>neo-philosophia</span> 
     </span>
     <span class='ocr_line' id='line_1_49' title="bbox 1202 2370 2230 2440; baseline 0.002 -20"><span class='ocrx_word' id='word_1_320' title='bbox 1202 2371 1434 2421; x_wconf 84' lang='lat' dir='ltr'>Kantiana</span> <span class='ocrx_word' id='word_1_321' title='bbox 1477 2383 1522 2420; x_wconf 89' lang='lat' dir='ltr'>et</span> <span class='ocrx_word' id='word_1_322' title='bbox 1565 2370 1806 2422; x_wconf 80' lang='lat' dir='ltr'>Fichtiana</span> <span class='ocrx_word' id='word_1_323' title='bbox 1845 2370 2091 2440; x_wconf 85' lang='lat' dir='ltr'>desumpta</span> <span class='ocrx_word' id='word_1_324' title='bbox 2139 2382 2230 2422; x_wconf 85' lang='lat' dir='ltr'>est.</span> 
     </span>
     <span class='ocr_line' id='line_1_50' title="bbox 1203 2453 2228 2519; baseline 0.002 -18"><span class='ocrx_word' id='word_1_325' title='bbox 1203 2453 1326 2502; x_wconf 91' lang='lat' dir='ltr'>Hinc</span> <span class='ocrx_word' id='word_1_326' title='bbox 1355 2456 1580 2502; x_wconf 84' lang='lat' dir='ltr'>axiomata</span> <span class='ocrx_word' id='word_1_327' title='bbox 1610 2453 1711 2519; x_wconf 90' lang='lat' dir='ltr'>ipsa</span> <span class='ocrx_word' id='word_1_328' title='bbox 1739 2457 2013 2519; x_wconf 83' lang='lat' dir='ltr'>geometrica</span> <span class='ocrx_word' id='word_1_329' title='bbox 2052 2473 2106 2504; x_wconf 88' lang='lat' dir='ltr'>ex</span> <span class='ocrx_word' id='word_1_330' title='bbox 2141 2471 2228 2503; x_wconf 87' lang='lat' dir='ltr'>ne-</span> 
     </span>
     <span class='ocr_line' id='line_1_51' title="bbox 1201 2536 2225 2604; baseline 0.002 -20"><span class='ocrx_word' id='word_1_331' title='bbox 1201 2537 1416 2584; x_wconf 86' lang='lat' dir='ltr'>cessitate</span> <span class='ocrx_word' id='word_1_332' title='bbox 1454 2553 1552 2583; x_wconf 93' lang='lat' dir='ltr'>non</span> <span class='ocrx_word' id='word_1_333' title='bbox 1583 2536 1881 2604; x_wconf 82' lang='lat' dir='ltr'>immediata,</span> <span class='ocrx_word' id='word_1_334' title='bbox 1921 2537 1999 2586; x_wconf 88' lang='lat' dir='ltr'>sed</span> <span class='ocrx_word' id='word_1_335' title='bbox 2041 2543 2225 2586; x_wconf 79' lang='lat' dir='ltr'>tantum</span> 
     </span>
     <span class='ocr_line' id='line_1_52' title="bbox 1203 2617 2223 2683; baseline 0.002 -17"><span class='ocrx_word' id='word_1_336' title='bbox 1203 2619 1447 2679; x_wconf 87' lang='lat' dir='ltr'>mediata,</span> <span class='ocrx_word' id='word_1_337' title='bbox 1493 2635 1575 2683; x_wconf 86' lang='lat' dir='ltr'>pro</span> <span class='ocrx_word' id='word_1_338' title='bbox 1615 2619 1733 2666; x_wconf 87' lang='lat' dir='ltr'>veris</span> <span class='ocrx_word' id='word_1_339' title='bbox 1775 2618 1939 2666; x_wconf 82' lang='lat' dir='ltr'>haberi</span> <span class='ocrx_word' id='word_1_340' title='bbox 1979 2617 2223 2669; x_wconf 88' lang='lat' dir='ltr'>deberent.</span> 
     </span>
     <span class='ocr_line' id='line_1_53' title="bbox 1202 2698 2226 2766; baseline 0 -17"><span class='ocrx_word' id='word_1_341' title='bbox 1202 2699 1303 2749; x_wconf 83' lang='lat' dir='ltr'>cfr.</span> <span class='ocrx_word' id='word_1_342' title='bbox 1334 2698 1781 2759; x_wconf 81' lang='lat' dir='ltr'>animadversiones,</span> <span class='ocrx_word' id='word_1_343' title='bbox 1808 2699 2142 2766; x_wconf 80' lang='lat' dir='ltr'>quasfecimus</span> <span class='ocrx_word' id='word_1_344' title='bbox 2167 2700 2226 2749; x_wconf 89' lang='lat' dir='ltr'>de</span> 
     </span>
     <span class='ocr_line' id='line_1_54' title="bbox 1202 2782 2052 2831; baseline 0.001 -2"><span class='ocrx_word' id='word_1_345' title='bbox 1202 2782 1291 2831; x_wconf 84' lang='lat' dir='ltr'>hac</span> <span class='ocrx_word' id='word_1_346' title='bbox 1320 2799 1368 2830; x_wconf 93' lang='lat' dir='ltr'>re</span> <span class='ocrx_word' id='word_1_347' title='bbox 1395 2782 1446 2830; x_wconf 90' lang='lat' dir='ltr'>in</span> <span class='ocrx_word' id='word_1_348' title='bbox 1477 2783 1611 2830; x_wconf 84' lang='lat' dir='ltr'>artic.</span> <span class='ocrx_word' id='word_1_349' title='bbox 1644 2791 1800 2829; x_wconf 88' lang='lat' dir='ltr'>nostro</span> <span class='ocrx_word' id='word_1_350' title='bbox 1828 2782 2052 2830; x_wconf 79' lang='lat' dir='ltr'>secundo.</span> 
     </span>
    </p>

    <p class='ocr_par' dir='ltr' id='par_1_8' title="bbox 1200 2862 2227 3673">
     <span class='ocr_line' id='line_1_55' title="bbox 1272 2862 2225 2930; baseline 0.002 -18"><span class='ocrx_word' id='word_1_351' title='bbox 1272 2865 1338 2928; x_wconf 79' lang='lat'>(2)</span> <span class='ocrx_word' id='word_1_352' title='bbox 1382 2862 1570 2924; x_wconf 87' lang='lat' dir='ltr'>Verbo,</span> <span class='ocrx_word' id='word_1_353' title='bbox 1592 2865 1654 2913; x_wconf 87' lang='lat' dir='ltr'>ait</span> <span class='ocrx_word' id='word_1_354' title='bbox 1678 2863 1944 2913; x_wconf 88' lang='lat' dir='ltr'>Hermesius</span> <span class='ocrx_word' id='word_1_355' title='bbox 1969 2865 2076 2930; x_wconf 89' lang='lat' dir='ltr'>(per</span> <span class='ocrx_word' id='word_1_356' title='bbox 2104 2865 2225 2914; x_wconf 83' lang='lat' dir='ltr'>hanc</span> 
     </span>
     <span class='ocr_line' id='line_1_56' title="bbox 1203 2948 2227 3013; baseline 0.001 -18"><span class='ocrx_word' id='word_1_357' title='bbox 1203 2949 1356 3012; x_wconf 86' lang='lat' dir='ltr'>viam)</span> <span class='ocrx_word' id='word_1_358' title='bbox 1376 2965 1462 2997; x_wconf 85' lang='lat' dir='ltr'>nos</span> <span class='ocrx_word' id='word_1_359' title='bbox 1483 2950 1739 3013; x_wconf 83' lang='lat' dir='ltr'>nequimus</span> <span class='ocrx_word' id='word_1_360' title='bbox 1760 2956 1859 2996; x_wconf 85' lang='lat' dir='ltr'>tuto</span> <span class='ocrx_word' id='word_1_361' title='bbox 1880 2948 2128 2997; x_wconf 79' lang='lat' dir='ltr'>admittere</span> <span class='ocrx_word' id='word_1_362' title='bbox 2150 2950 2227 2996; x_wconf 82' lang='lat' dir='ltr'>uti</span> 
     </span>
     <span class='ocr_line' id='line_1_57' title="bbox 1201 3030 2226 3096; baseline -0.001 -17"><span class='ocrx_word' id='word_1_363' title='bbox 1201 3030 1375 3079; x_wconf 85' lang='lat' dir='ltr'>realem</span> <span class='ocrx_word' id='word_1_364' title='bbox 1391 3066 1409 3089; x_wconf 94' lang='lat'><em>,</em></span> <span class='ocrx_word' id='word_1_365' title='bbox 1438 3048 1500 3079; x_wconf 85' lang='lat' dir='ltr'>ne</span> <span class='ocrx_word' id='word_1_366' title='bbox 1518 3031 1711 3096; x_wconf 81' lang='lat' dir='ltr'>quidem</span> <span class='ocrx_word' id='word_1_367' title='bbox 1728 3033 2033 3080; x_wconf 70' lang='lat' dir='ltr'>existentiam</span> <span class='ocrx_word' id='word_1_368' title='bbox 2052 3039 2226 3079; x_wconf 81' lang='lat' dir='ltr'>nostroe</span> 
     </span>
     <span class='ocr_line' id='line_1_58' title="bbox 1201 3113 2224 3171; baseline 0 -10"><span class='ocrx_word' id='word_1_369' title='bbox 1201 3113 1497 3162; x_wconf 70' lang='lat' dir='ltr'>immediatos</span> <span class='ocrx_word' id='word_1_370' title='bbox 1524 3115 1832 3163; x_wconf 69' lang='lat' dir='ltr'>conscientia»</span> <span class='ocrx_word' id='word_1_371' title='bbox 1850 3150 1864 3171; x_wconf 90' lang='lat'><em>,</em></span> <span class='ocrx_word' id='word_1_372' title='bbox 1895 3130 1983 3162; x_wconf 89' lang='lat' dir='ltr'>neo</span> <span class='ocrx_word' id='word_1_373' title='bbox 2007 3122 2224 3162; x_wconf 85' lang='lat' dir='ltr'>nostrum</span> 
     </span>
     <span class='ocr_line' id='line_1_59' title="bbox 1201 3194 2219 3260; baseline 0 -16"><span class='ocrx_word' id='word_1_374' title='bbox 1201 3196 1527 3244; x_wconf 83' lang='lat' dir='ltr'>necessarium</span> <span class='ocrx_word' id='word_1_375' title='bbox 1559 3196 1683 3254; x_wconf 79' lang='lat' dir='ltr'>scire</span> <span class='ocrx_word' id='word_1_376' title='bbox 1709 3203 1755 3243; x_wconf 90' lang='lat' dir='ltr'>et</span> <span class='ocrx_word' id='word_1_377' title='bbox 1779 3197 1985 3260; x_wconf 79' lang='lat' dir='ltr'>coqitare</span> <span class='ocrx_word' id='word_1_378' title='bbox 2013 3194 2070 3243; x_wconf 85' lang='lat' dir='ltr'>de</span> <span class='ocrx_word' id='word_1_379' title='bbox 2102 3194 2189 3244; x_wconf 84' lang='lat' dir='ltr'>illa</span> <span class='ocrx_word' id='word_1_380' title='bbox 2202 3231 2219 3256; x_wconf 92' lang='lat'><strong><em>,</em></strong></span> 
     </span>
     <span class='ocr_line' id='line_1_60' title="bbox 1200 3275 2225 3345; baseline 0 -18"><span class='ocrx_word' id='word_1_381' title='bbox 1200 3279 1318 3328; x_wconf 89' lang='lat' dir='ltr'>ibid.</span> <span class='ocrx_word' id='word_1_382' title='bbox 1337 3297 1442 3345; x_wconf 85' lang='lat' dir='ltr'>pag.</span> <span class='ocrx_word' id='word_1_383' title='bbox 1478 3278 1587 3328; x_wconf 86' lang='lat'>130.</span> <span class='ocrx_word' id='word_1_384' title='bbox 1612 3275 1662 3326; x_wconf 86' lang='lat' dir='ltr'>Si</span> <span class='ocrx_word' id='word_1_385' title='bbox 1691 3281 1795 3344; x_wconf 88' lang='lat' dir='ltr'>quis</span> <span class='ocrx_word' id='word_1_386' title='bbox 1821 3289 1924 3328; x_wconf 85' lang='lat' dir='ltr'>avet</span> <span class='ocrx_word' id='word_1_387' title='bbox 1952 3294 2225 3344; x_wconf 87' lang='lat' dir='ltr'>cognoscere</span> 
     </span>
     <span class='ocr_line' id='line_1_61' title="bbox 1201 3360 2222 3427; baseline 0 -18"><span class='ocrx_word' id='word_1_388' title='bbox 1201 3366 1354 3410; x_wconf 87' lang='lat' dir='ltr'>totum</span> <span class='ocrx_word' id='word_1_389' title='bbox 1389 3377 1651 3426; x_wconf 89' lang='lat' dir='ltr'>processum</span> <span class='ocrx_word' id='word_1_390' title='bbox 1672 3397 1686 3419; x_wconf 91' lang='lat'>‚</span> <span class='ocrx_word' id='word_1_391' title='bbox 1728 3379 1822 3427; x_wconf 89' lang='lat' dir='ltr'>quo</span> <span class='ocrx_word' id='word_1_392' title='bbox 1869 3360 2134 3411; x_wconf 84' lang='lat' dir='ltr'>Hermesius</span> <span class='ocrx_word' id='word_1_393' title='bbox 2163 3361 2222 3409; x_wconf 87' lang='lat' dir='ltr'>ad</span> 
     </span>
     <span class='ocr_line' id='line_1_62' title="bbox 1202 3441 2222 3505; baseline 0 -14"><span class='ocrx_word' id='word_1_394' title='bbox 1202 3441 1327 3492; x_wconf 87' lang='lat' dir='ltr'>hanc</span> <span class='ocrx_word' id='word_1_395' title='bbox 1369 3443 1714 3494; x_wconf 84' lang='lat' dir='ltr'>conclusionem</span> <span class='ocrx_word' id='word_1_396' title='bbox 1753 3444 1966 3505; x_wconf 83' lang='lat' dir='ltr'>devenit,</span> <span class='ocrx_word' id='word_1_397' title='bbox 2016 3442 2222 3492; x_wconf 85' lang='lat' dir='ltr'>consulat</span> 
     </span>
     <span class='ocr_line' id='line_1_63' title="bbox 1202 3525 2220 3576; baseline 0 -3"><span class='ocrx_word' id='word_1_398' title='bbox 1202 3527 1331 3575; x_wconf 84' lang='lat' dir='ltr'>artic.</span> <span class='ocrx_word' id='word_1_399' title='bbox 1370 3531 1582 3575; x_wconf 86' lang='lat' dir='ltr'>nostrum</span> <span class='ocrx_word' id='word_1_400' title='bbox 1616 3526 1874 3576; x_wconf 85' lang='lat' dir='ltr'>secundum</span> <span class='ocrx_word' id='word_1_401' title='bbox 1906 3527 1964 3576; x_wconf 91' lang='lat' dir='ltr'>de</span> <span class='ocrx_word' id='word_1_402' title='bbox 1995 3525 2220 3575; x_wconf 83' lang='lat' dir='ltr'>Hermesii</span> 
     </span>
     <span class='ocr_line' id='line_1_64' title="bbox 1203 3607 1508 3673; baseline 0.003 -18"><span class='ocrx_word' id='word_1_403' title='bbox 1203 3607 1508 3673; x_wconf 84' lang='lat' dir='ltr'>philosophia.</span> 
     </span>
    </p>
   </div>
   <div class='ocr_carea' id='block_1_6' title="bbox 1565 3684 1590 3708">
    <p class='ocr_par' dir='ltr' id='par_1_9' title="bbox 1565 3684 1590 3708">
     <span class='ocr_line' id='line_1_65' title="bbox 1565 3684 1590 3708; baseline 0 0"><span class='ocrx_word' id='word_1_404' title='bbox 1565 3684 1590 3708; x_wconf 71' lang='lat'><em>0</em></span> 
     </span>
    </p>
   </div>
  </div>
 </body>
</html>
