2502 4134
597 154 1611 299 TRACTATUS

406 474 557 559 DE
636 446 958 557 Locis
1034 465 1838 554 THEoLoeicls

770 724 985 794 PARS
1032 722 1448 793 SECUNDA.

583 955 655 996 DE
683 954 870 997 VERBO
897 953 993 996 nm
1020 951 1251 995 SCRIPTO
1277 951 1350 993 ΕΤ
1379 950 1636 993 ΤΒΔΒΙΤΟ.

134 1163 190 1220 1.
239 1162 300 1220 S1
337 1155 619 1233 Ecclesia,
657 1156 744 1215 uti
777 1153 1182 1231 ostendimuS‚
1224 1175 1292 1215 ea
1339 1152 1581 1214 societas
1619 1162 1748 1227 est,
1776 1152 1881 1212 cui
1914 1151 2179 1214 Christus

49 1260 203 1317 Deus
245 1254 423 1314 homo
459 1202 799 1336 plenissime
838 1251 1178 1332 depositum
1214 1248 1500 1309 doctrinae
1540 1268 1655 1308 suae
1690 1245 2087 1323 concredidit3
2131 1250 2182 1310 si

47 1349 311 1410 Ecclesiae
334 1360 423 1409 est
449 1369 481 1408 a
507 1347 739 1408 Christo
769 1347 1075 1421 instituta,
1109 1355 1175 1404 ut
1194 1345 1414 1426 jugiter
1432 1344 1723 1427 ΡοΡυΙο5,
1762 1342 1839 1404 ad
1863 1343 2043 1405 fidem
2069 1367 2180 1428 ope

48 1468 151 1506 sua
196 1446 320 1505 sive
362 1443 642 1504 adductos
681 1444 804 1503 sive
847 1440 1257 1515 adducendos,
1304 1430 1564 1499 indubiis
1612 1439 1950 1500 institueret
1997 1441 2183 1502 docu—
2235 1513 2240 1517 ⁹

49 1542 299 1615 menti33
333 1541 380 1599 si
413 1538 662 1599 Ecclesia
692 1538 1096 1620 deniquesuna
1124 1536 1448 1619 eademque
1472 1557 1706 1617 semper
1731 1535 1924 1596 extitit
1949 1548 2008 1596 et
2030 1534 2184 1597 exis·

50 1638 125 1696 tit
144 1682 159 1711 ,
198 1646 257 1697 et
288 1656 472 1717 usque
499 1634 576 1694 ad
610 1633 1181 1695 consummationem
1212 1632 1421 1707 seculi,
1449 1633 1512 1691 in
1537 1631 1861 1692 ministerio
1890 1630 1999 1691 sibi
2029 1653 2184 1692 com-

52 1733 231 1791 misso
261 1729 678 1812 adimplendo,
714 1730 969 1807 Christi,
1018 1734 1178 1808 cujus
1225 1751 1540 1811 personam
1578 1729 1860 1803 sustinet,
1907 1728 2058 1789 vices
2096 1740 2188 1789 est

54 1829 384 1912 praestitura
408 1873 426 1903 ,
475 1827 654 1910 plane
694 1821 1082 1909 'consequitur
1107 1871 1124 1900 ,
1171 1824 1441 1906 gentibus
1489 1823 1955 1907 quibuscumque
1982 1870 1999 1900 ,
2061 1826 2185 1887 sive

54 1924 348 1985 conversis
380 1925 501 1984 sive
529 1923 774 2006 posthac
813 1921 1226 1983 convertendis
1245 1967 1262 1996 ,
1297 1942 1421 1980 non
1452 1919 1611 1980 aliud
1637 1918 2017 1980 sentiendum
2052 1941 2186 1981 cre-

53 2019 434 2102 dendumque
470 2040 627 2093 esse,
666 2041 847 2101 quam
882 2016 1043 2126 quod
1075 2016 1283 2077 eadem
1316 2017 1456 2098 ipsis
1494 2016 1867 2099 proposuerit
1895 2016 2180 2092 Ecclesia,

50 2135 182 2195 quae
215 2116 384 2175 unice
428 2137 537 2197 pro
576 2113 746 2173 nobis
786 2114 1058 2196 proxima
1093 2124 1154 2173 et
1189 2112 1497 2195 adaequata
1535 2133 1659 2172 esse
1698 2122 1895 2194 potest
1929 2111 2180 2173 creden-

52 2208 262 2267 dorum
297 2209 496 2290 regula
533 2221 595 2270 et
633 2209 1016 2290 agendorum.

132 2304 192 2364 2.
243 2304 422 2362 Porro
469 2304 751 2378 Ecclesia,
802 2303 1305 2385 quemadmodum
1357 2304 1495 2366 viva
1546 2277 1692 2365 voce
1744 2324 1777 2362 a
1830 2303 2033 2365 divino
2078 2326 2184 2363 suo

54 2398 370 2458 Conditore
409 2409 585 2479 atque
619 2397 694 2456 ab
729 2398 1010 2457 interiore
1048 2399 1297 2479 Spiritus
1337 2399 1535 2456 Sancti
1567 2378 1766 2455 afflatu
1807 2419 2012 2457 omnes
2046 2399 2188 2458 fidei

54 2494 328 2555 veritates
374 2512 447 2551 ex
488 2493 615 2572 ipso
660 2492 895 2570 originis
939 2513 1058 2551 suae
1108 2502 1168 2551 et
1213 2491 1597 2550 institutionis
1641 2493 1866 2575 accepit
1907 2493 2183 2568 exordi0‚

30 2589 135 2653 esic
172 2585 405 2648 easdem
441 2585 694 2645 fideliter
735 2586 871 2649 viva
908 2606 1051 2648 voce
1090 2586 1432 2646 transmisit.
1477 2586 1994 2660 Quemadmodum
2025 2609 2188 2671 prae-

58 2694 216 2743 terea
252 2682 374 2741 haec
408 2681 533 2763 ipsa
563 2680 844 2757 Ecclesia,
884 2703 958 2742 ex
990 2703 1108 2765 quo
1146 2700 1270 2742 esse
1311 2681 1527 2763 coepit,
1561 2682 1683 2746 vita
1720 2683 1870 2745 vixit
1905 2683 2185 2745 interiore

59 2777 228 2851 fidei,
269 2777 392 2859 spei
429 2787 490 2836 et
519 2775 814 2836 charitatis
839 2823 856 2852 .,
893 2778 974 2836 sic
1008 2776 1278 2838 eamdem
1315 2778 1501 2839 vitam
1534 2779 1822 2839 exteriore
1858 2779 2184 2839 ministerio

51 2873 117 2932 iis
168 2872 442 2933 omnibus
495 2874 990 2947 communicavit,
1047 2895 1192 2956 quos
1241 2873 1471 2933 Christo
1520 2873 1805 2935 lucrifecit
1856 2897 1964 2957 per
2011 2874 2181 2937 verbi

53 2968 560 3050 praedicationem,
601 2989 665 3028 ac
703 2968 771 3029 in
809 2970 1005 3028 sinum
1045 2992 1218 3029 suum
1257 2971 1477 3053 recepit
1526 2971 2037 3030 Sacramentorum
2073 2971 2184 3030 ad-

55 3064 480 3125 ministratione
526 3064 768 3148 aliisque
824 3065 1194 3126 adminiculis
1224 3111 1240 3143 ,
1293 3065 1504 3150 quibus
1560 3065 1825 3126 Christus
1882 3067 2184 3127 constituit

57 3161 299 3238 gratiam
346 3183 510 3220 suam
569 3162 1032 3223 sanctificantem
1089 3183 1207 3221 una
1269 3182 1403 3222 cum
1455 3163 1813 3223 enumeratis
1865 3162 2183 3224 virtutibus

56 3252 384 3335 impertit-ig
433 3278 564 3339 quae
611 3268 822 3317 cuncta
873 3278 1083 3340 corpus
1134 3256 1247 3317 hoc
1294 3258 1644 3339 mysticum,
1701 3270 1769 3318 ut
1816 3258 1899 3318 ita
1948 3258 2139 3319 dicam
2163 3302 2181 3334 ,

59 3345 394 3411 informant.

147 3441 203 3502 3.
247 3446 502 3527 Ipsamet
529 3470 705 3531 porro
721 3448 937 3509 Christi
963 3447 1210 3511 Ecclesia
1238 3448 1410 3530 longe
1438 3449 1670 3533 lateque
1702 3449 2180 3527 diffundebatur,

66 3536 188 3597 vita
211 3537 582 3620 integerrima
605 3545 805 3605 vivens
819 3589 836 3620 ,
853 3567 957 3604 suo
972 3545 1221 3624 fungens
1237 3567 1481 3606 munere
1496 3592 1511 3620 ,
1532 3548 1812 3629 Martyres
1827 3547 2185 3627 Sanctosque

68 3633 135 3691 in
152 3630 381 3784 {ioelum
414 3642 821 3703 transmittens
841 3686 858 3717 .,
908 3641 1250 3724 priusquam
1285 3640 1511 3721 objecta
1550 3643 1686 3704 fidei
1721 3642 1884 3703 libris
1920 3642 2187 3702 commit-

204 3772 217 3784 .
270 3729 369 3787 lx.
1916 3740 1944 3795 1
