2502 4134
297 115 414 176 146

904 135 1099 175 'runc-1⁸.
1146 138 1214 174 nn
1259 136 1411 174 [oms
1454 118 1833 178 summeium.

294 282 383 342 sui
422 281 733 365 plusquam
766 303 875 362 par
909 293 999 341 est
1030 281 1407 362 indulgerent
1434 282 1498 341 in
1531 282 1827 345 catholicae
1861 284 2041 367 ipsius
2089 284 2223 346 fidei
2253 284 2439 346 detri-

296 388 587 438 mentum.
623 376 1139 450 Quemadmodum
1181 378 1378 453 enim,
1428 378 1475 437 si
1517 377 1764 440 flumina
1799 382 1955 440 intra
1997 382 2233 444 alveum
2269 404 2440 442 suum

294 475 713 534 contineantur
737 519 751 546 ,
792 472 962 534 valde
1005 485 1290 556 prosunt,
1330 494 1396 533 ac
1427 474 1674 557 publicis
1714 478 2075 560 privatisque
2119 477 2442 538 commodis

295 579 627 651 opportune
658 569 1024 644 inserviunt,
1064 580 1268 630 contra
1309 591 1484 645 ver0,
1524 571 1571 629 si
1607 583 1774 633 extra
1813 572 2049 635 alveum
2084 583 2439 655 erumpant,

298 664 624 726 alluviones
666 663 1061 748 undequaque
1105 666 1435 747 important
1480 677 1541 726 et
1580 669 1958 742 vastitatem,
2000 671 2082 730 ita
2126 669 2344 752 plane,
2396 668 2446 727 si

293 762 649 844 interpretes
685 762 828 821 sacri
871 784 1078 821 verum
1115 762 1426 844 Scripturae
1459 763 1731 844 spiritum
1761 767 2171 825 consectentur
2192 762 2340 847 ,qui
2374 786 2447 824 ex

294 879 468 918 sensu
503 856 765 916 Ecclesiae
794 867 1251 940 sanctorumque
1291 860 1533 916 Patrum
1575 858 1842 939 exurgit,
1880 858 2015 919 fidei
2049 882 2112 920 ac
2151 860 2446 940 religionis

297 974 532 1013 causam
583 951 1066 1034 promovebunt,
1121 953 1168 1011 si
1213 975 1375 1013 secus
1417 953 1702 1036 fecerint,
1753 956 2011 1014 maximo
2046 956 2241 1017 eidem
2274 968 2450 1017 erunt

296 1060 678 1110 nocumento·

384 1146 531 1205 225.
580 1145 858 1205 Ceterum
884 1156 1169 1226 praeterea
1193 1189 1210 1219 ,
1247 1166 1378 1225 quae
1418 1144 1493 1203 ad
1527 1145 1706 1205 fidem
1754 1167 2068 1228 moresque
2108 1147 2449 1230 pertinent,

299 1241 471 1324 plura
494 1252 664 1317 sunt,
687 1242 748 1299 in
774 1240 986 1323 quibus
1010 1251 1259 1323 possunt
1279 1239 1548 1300 catholici
1570 1242 1929 1322 expositores
1951 1243 2256 1322 ingenium
2279 1265 2450 1303 suum

300 1338 531 1399 naviter
579 1358 866 1397 exercere.
911 1337 1119 1395 Critica
1168 1335 1377 1410 enim,
1427 1335 1743 1418 philologia
1773 1383 1789 1412 ,
1836 1360 1968 1419 quae
2014 1340 2296 1419 supponit
2352 1350 2454 1398 aut

299 1433 548 1516 requirit
589 1434 970 1514 antiquarum
1014 1432 1286 1490 notitiam
1333 1430 1704 1510 linguarum,
1752 1431 2167 1513 chronologia,
2209 1456 2453 1516 geogra-

237 1589 255 1600 Ι
304 1529 481 1613 phia,
521 1529 763 1588 historia
793 1573 808 1599 ,
851 1526 1228 1608 archaeologia
1274 1524 1504 1608 aliaque
1548 1549 1701 1610 pene
1742 1527 2055 1588 innumera
2099 1520 2454 1588 latissimum

305 1625 591 1687 catholico
632 1635 891 1705 exegetae
930 1643 1209 1703 campum
1249 1621 1563 1704 aperiunt,
1609 1623 1672 1681 in
1719 1645 1836 1704 quo
1895 1644 2129 1705 semper
2173 1626 2455 1706 proficere

306 1722 512 1804 possit.
557 1719 710 1794 Quid
762 1740 903 1779 vero
950 1716 1268 1777 dicendum
1317 1717 1394 1776 de
1436 1716 1914 1798 inquisitionibus
1955 1719 2020 1777 in
2065 1719 2454 1802 multiplicem

309 1817 622 1898 Scripturae
674 1830 912 1874 sensum
946 1859 961 1887 ,
1017 1815 1083 1874 in
1138 1813 1207 1872 iis
1277 1835 1408 1895 quae
1457 1812 1769 1872 conferunt
1818 1812 1895 1872 ad
1941 1815 2294 1897 penitiorem
2345 1815 2456 1875 sibi

310 1913 596 1974 doctrinae
621 1911 965 1993 dogmaticae
991 1931 1055 1968 ac
1078 1908 1314 1968 moralis
1342 1909 1738 1988 cognitionem
1760 1910 2249 1992 comparandam,
2279 1922 2458 1993 atque

312 2008 388 2068 ad
416 2007 764 2090 ampliorem
791 2006 1030 2065 illorum
1062 2004 1328 2063 locorum
1362 2004 1852 2081 illustrationem,
1887 2005 2100 2086 quibus
2141 2006 2455 2065 christiana

317 2103 584 2163 doctrina
624 2102 894 2176 fulcitur,
937 2112 1113 2183 prout
1152 2099 1415 2161 Ecclesiae
1455 2102 1657 2160 Patres
1700 2112 1760 2160 et
1797 2101 2151 2182 interpretes
2188 2100 2458 2161 catholici

314 2199 517 2282 quovis
541 2210 808 2280 tempore
829 2198 1231 2280 praestiterunt
1248 2218 1355 2278 pro
1377 2197 1602 2277 ingenti
1620 2219 1736 2279 quo
1754 2219 1885 2278 erga
1904 2197 2250 2256 catholicam
2276 2197 2456 2258 fidem

315 2317 515 2356 amore
540 2294 930 2366 tenebantur,
961 2293 1096 2352 licet
1121 2291 1361 2375 plenam
1382 2293 1444 2351 in
1473 2292 1784 2353 Ecclesiam
1809 2291 2233 2371 subjectionem
2257 2294 2457 2353 animo

315 2403 491 2473 atque
514 2411 615 2451 ore
638 2387 1103 2473 profiterentur?

398 2488 544 2547 226.
593 2489 744 2546 Sane
775 2485 1134 2569 experientia
1160 2495 1423 2560 constat,
1465 2483 1627 2544 nulla
1661 2485 1865 2546 obesse
1900 2486 2127 2546 ratione
2151 2480 2456 2546 Tridenti-

319 2607 465 2644 num
505 2585 807 2645 decretum
845 2582 1139 2643 catholicis
1179 2582 1600 2664 interpretibus
1636 2582 1862 2643 biblicae
1911 2580 2218 2663 exegeseos
2261 2585 2458 2645 incre-

324 2692 543 2741 mento,
568 2682 723 2754 Quot
746 2681 904 2739 enim
931 2679 1005 2738 ab
1028 2678 1125 2737 illa
1150 2678 1288 2736 inde
1309 2689 1483 2739 aetate
1509 2679 1573 2737 in
1601 2677 1845 2738 Ecclesia
1869 2677 2148 2738 catholica
2173 2679 2459 2763 interpre-

326 2788 416 2837 tes
438 2789 614 2860 atque
635 2788 886 2856 exegetae
906 2774 1226 2834 doctissimi
1249 2773 1499 2833 floruere
1516 2819 1530 2848 ,
1554 2775 1653 2836 vix
1675 2784 1742 2831 ut
1765 2773 2062 2833 numerari
2084 2775 2309 2856 possint
2329 2775 2457 2857 (l)?

399 2999 468 3064 (1)
504 2998 685 3046 Horum
710 3012 875 3044 census
898 2993 1042 3041 videri
1064 3002 1210 3056 potest
1229 2992 1352 3058 apud

332 3080 513 3131 Calmet
532 3118 546 3141 ,
580 3080 660 3145 qui
691 3081 740 3126 in
771 3095 850 3125 sua
867 3073 1165 3124 Bibliotheca
1187 3090 1351 3129 sacra,

333 3181 474 3231 quam
504 3163 724 3227 praemisit
754 3159 980 3208 volumini
1002 3159 1149 3223 primo
1173 3155 1356 3205 Diotio-

332 3248 470 3297 narii
486 3246 734 3302 historici,
771 3255 855 3294 etc.
875 3241 1039 3292 Sacrae
1057 3237 1097 3289 S
1099 3242 1350 3306 cripturoe‚

332 3348 493 3382 omnes
520 3334 727 3378 recenset
747 3331 1015 3391 interpretes
1033 3323 1285 3374 catholicos
1308 3334 1353 3372 et

332 3420 633 3480 protestantes
661 3447 674 3469 ,
723 3412 809 3475 qui
857 3407 955 3456 sive
997 3409 1046 3455 in
1089 3407 1353 3455 universam

332 3497 614 3561 Scripturam
635 3527 650 3555 ‚
681 3494 776 3540 sive
806 3494 857 3539 in
881 3490 1090 3558 singulos
1117 3491 1354 3556 utriusque

333 3577 613 3627 Testamenti
634 3573 776 3622 libros
793 3611 807 3633 ,
838 3583 917 3621 aut
946 3572 1164 3638 speciales
1192 3590 1352 3621 eorum

331 3673 480 3728 partes
523 3658 853 3709 commentaria
893 3674 1040 3722 usque
1081 3656 1138 3705 ad
1170 3666 1354 3706 aetatem

1436 2996 1536 3059 ejus
1569 2992 1829 3042 ediderant.
1869 2991 1934 3040 Ex
1974 2993 2064 3042 hoc
2105 2997 2310 3062 catalogo
2327 3034 2341 3056 ‚
2382 3002 2458 3046 cui

1436 3093 1534 3123 non
1559 3077 1756 3122 minima
1783 3075 1879 3123 fieri
1908 3086 2057 3141 posset
2083 3077 2255 3126 additio
2274 3116 2287 3138 ,
2325 3080 2458 3128 colli-

1437 3163 1619 3225 gimus,
1647 3175 1734 3206 nec
1761 3176 1957 3206 numero
1983 3176 2069 3207 nec
2096 3163 2360 3224 praestantia
2381 3180 2458 3210 ca·

1438 3238 1631 3290 tholicos
1661 3243 1931 3306 interpretes
1957 3244 2317 3306 protestantibus
2342 3246 2461 3294 infe-

1436 3326 1576 3373 riores
1619 3341 1717 3372 esse
1734 3359 1748 3381 ‚
1795 3326 1890 3372 imo
1935 3335 2132 3391 utroque
2174 3326 2309 3392 longe
2345 3330 2455 3376 istos

1436 3422 1648 3470 superare
1664 3441 1678 3464 ‚
1699 3407 1878 3454 etiamsi
1908 3406 1971 3454 ab
1995 3417 2128 3456 aetate
2146 3407 2340 3458 Concilii
2358 3410 2461 3459 Tri-

1436 3490 1615 3537 dentini
1638 3506 1714 3537 eos
1742 3506 2079 3541 recenseamus.
2099 3491 2358 3542 Nathanael
2375 3492 2459 3542 So-

1435 3570 1624 3630 wellas,
1644 3574 1695 3619 in
1707 3570 2012 3621 Bibliotheca
2039 3576 2327 3641 scriptorum
2341 3572 2453 3625 Soc.

1440 3653 1588 3717 Jesu,
1607 3672 1747 3721 quam
1763 3656 1976 3721 perduxit
1988 3658 2208 3725 usquead
2220 3653 2458 3722 aih-1675,
