<?xml version="1.0" encoding="UTF-8"?>
<!DOCTYPE html PUBLIC "-//W3C//DTD XHTML 1.0 Transitional//EN"
    "http://www.w3.org/TR/xhtml1/DTD/xhtml1-transitional.dtd">
<html xmlns="http://www.w3.org/1999/xhtml" xml:lang="en" lang="en">
 <head>
  <title>
</title>
<meta http-equiv="Content-Type" content="text/html;charset=utf-8" />
  <meta name='ocr-system' content='tesseract 3.04.00' />
  <meta name='ocr-capabilities' content='ocr_page ocr_carea ocr_par ocr_line ocrx_word'/>
</head>
<body>
  <div class='ocr_page' id='page_1' title='image "a603693809perruoft_0506.png"; bbox 0 0 2502 4134; ppageno 0'>
   <div class='ocr_carea' id='block_1_1' title="bbox 300 156 1829 219">
    <p class='ocr_par' dir='ltr' id='par_1_1' title="bbox 300 156 1829 219">
     <span class='ocr_line' id='line_1_1' title="bbox 300 156 1829 219; baseline 0.003 -4"><span class='ocrx_word' id='word_1_1' title='bbox 300 156 422 216; x_wconf 81' lang='grc'><strong>498</strong></span> <span class='ocrx_word' id='word_1_2' title='bbox 897 176 1092 215; x_wconf 61' lang='lat' dir='ltr'><strong>macr.</strong></span> <span class='ocrx_word' id='word_1_3' title='bbox 1143 176 1212 214; x_wconf 83' lang='lat' dir='ltr'><strong>nn</strong></span> <span class='ocrx_word' id='word_1_4' title='bbox 1256 176 1410 215; x_wconf 58' lang='lat' dir='ltr'><strong>»oms</strong></span> <span class='ocrx_word' id='word_1_5' title='bbox 1453 178 1829 219; x_wconf 69' lang='grc' dir='ltr'><strong>τιιιιοιοαιοιε.</strong></span> 
     </span>
    </p>
   </div>
   <div class='ocr_carea' id='block_1_2' title="bbox 296 335 2447 708">
    <p class='ocr_par' dir='ltr' id='par_1_2' title="bbox 296 335 2447 708">
     <span class='ocr_line' id='line_1_2' title="bbox 301 335 2447 428; baseline 0.001 -29"><span class='ocrx_word' id='word_1_6' title='bbox 301 340 526 399; x_wconf 90' lang='lat' dir='ltr'><strong>tionem</strong></span> <span class='ocrx_word' id='word_1_7' title='bbox 567 335 910 398; x_wconf 87' lang='lat' dir='ltr'><strong>intuitivam</strong></span> <span class='ocrx_word' id='word_1_8' title='bbox 956 336 1137 418; x_wconf 90' lang='lat' dir='ltr'><strong>ipsius</strong></span> <span class='ocrx_word' id='word_1_9' title='bbox 1181 336 1327 412; x_wconf 76' lang='lat' dir='ltr'><strong>Dei,</strong></span> <span class='ocrx_word' id='word_1_10' title='bbox 1373 358 1553 419; x_wconf 87' lang='lat' dir='ltr'><strong>quam</strong></span> <span class='ocrx_word' id='word_1_11' title='bbox 1596 337 1661 396; x_wconf 91' lang='lat' dir='ltr'><strong>in</strong></span> <span class='ocrx_word' id='word_1_12' title='bbox 1704 341 1930 420; x_wconf 70' lang='lat' dir='ltr'><strong>patria,</strong></span> <span class='ocrx_word' id='word_1_13' title='bbox 1978 346 2064 403; x_wconf 89' lang='lat' dir='ltr'><strong>uti</strong></span> <span class='ocrx_word' id='word_1_14' title='bbox 2106 364 2447 428; x_wconf 76' lang='lat' dir='ltr'><strong>speramuS‚</strong></span> 
     </span>
     <span class='ocr_line' id='line_1_3' title="bbox 300 431 2447 515; baseline 0.001 -20"><span class='ocrx_word' id='word_1_15' title='bbox 300 453 729 515; x_wconf 83' lang='lat' dir='ltr'><strong>consequemur</strong></span> <span class='ocrx_word' id='word_1_16' title='bbox 754 431 867 513; x_wconf 92' lang='lat'><strong>(1).</strong></span> <span class='ocrx_word' id='word_1_17' title='bbox 899 432 1083 512; x_wconf 84' lang='lat' dir='ltr'><strong>Igitur</strong></span> <span class='ocrx_word' id='word_1_18' title='bbox 1103 432 1218 491; x_wconf 90' lang='lat' dir='ltr'><strong>nisi</strong></span> <span class='ocrx_word' id='word_1_19' title='bbox 1247 432 1495 493; x_wconf 87' lang='lat' dir='ltr'><strong>velimus</strong></span> <span class='ocrx_word' id='word_1_20' title='bbox 1530 432 1871 514; x_wconf 81' lang='lat' dir='ltr'><strong>Angelicum</strong></span> <span class='ocrx_word' id='word_1_21' title='bbox 1901 437 2212 500; x_wconf 90' lang='lat' dir='ltr'><strong>Doctorem</strong></span> <span class='ocrx_word' id='word_1_22' title='bbox 2250 460 2447 500; x_wconf 90' lang='lat' dir='ltr'><strong>secum</strong></span> 
     </span>
     <span class='ocr_line' id='line_1_4' title="bbox 296 527 2442 612; baseline 0.001 -22"><span class='ocrx_word' id='word_1_23' title='bbox 296 533 490 612; x_wconf 90' lang='lat' dir='ltr'><strong>ipsum</strong></span> <span class='ocrx_word' id='word_1_24' title='bbox 538 528 909 589; x_wconf 82' lang='lat' dir='ltr'><strong>committere</strong></span> <span class='ocrx_word' id='word_1_25' title='bbox 930 574 946 599; x_wconf 72' lang='lat'>,</span> <span class='ocrx_word' id='word_1_26' title='bbox 973 530 1035 588; x_wconf 90' lang='lat' dir='ltr'><strong>in</strong></span> <span class='ocrx_word' id='word_1_27' title='bbox 1067 527 1274 589; x_wconf 90' lang='lat' dir='ltr'><strong>eadem</strong></span> <span class='ocrx_word' id='word_1_28' title='bbox 1301 540 1360 589; x_wconf 87' lang='lat' dir='ltr'><strong>et</strong></span> <span class='ocrx_word' id='word_1_29' title='bbox 1377 530 1573 611; x_wconf 90' lang='lat' dir='ltr'><strong>ipsum</strong></span> <span class='ocrx_word' id='word_1_30' title='bbox 1603 531 1898 590; x_wconf 88' lang='lat' dir='ltr'><strong>sententia</strong></span> <span class='ocrx_word' id='word_1_31' title='bbox 1918 531 2095 596; x_wconf 85' lang='lat' dir='ltr'><strong>fuisse</strong></span> <span class='ocrx_word' id='word_1_32' title='bbox 2116 580 2132 611; x_wconf 79' lang='grc'><strong>.,</strong></span> <span class='ocrx_word' id='word_1_33' title='bbox 2153 536 2442 597; x_wconf 83' lang='lat' dir='ltr'><strong>fateamur</strong></span> 
     </span>
     <span class='ocr_line' id='line_1_5' title="bbox 301 626 2201 708; baseline 0.002 -22"><span class='ocrx_word' id='word_1_34' title='bbox 301 647 539 688; x_wconf 89' lang='lat' dir='ltr'><strong>necesse</strong></span> <span class='ocrx_word' id='word_1_35' title='bbox 574 640 662 688; x_wconf 88' lang='lat' dir='ltr'><strong>est</strong></span> <span class='ocrx_word' id='word_1_36' title='bbox 684 626 795 708; x_wconf 78' lang='lat'><strong>(2).</strong></span> <span class='ocrx_word' id='word_1_37' title='bbox 2200 631 2201 635; x_wconf 69' lang='grc'>’</span> 
     </span>
    </p>
   </div>
   <div class='ocr_carea' id='block_1_3' title="bbox 1121 794 1635 858">
    <p class='ocr_par' dir='ltr' id='par_1_3' title="bbox 1121 794 1635 858">
     <span class='ocr_line' id='line_1_6' title="bbox 1121 794 1635 858; baseline 0 -9"><span class='ocrx_word' id='word_1_38' title='bbox 1121 794 1518 851; x_wconf 88' lang='lat' dir='ltr'><strong>ARTICULUS</strong></span> <span class='ocrx_word' id='word_1_39' title='bbox 1563 797 1635 858; x_wconf 69' lang='lat'><strong>11.</strong></span> 
     </span>
    </p>
   </div>
   <div class='ocr_carea' id='block_1_4' title="bbox 463 964 2265 1050">
    <p class='ocr_par' dir='ltr' id='par_1_4' title="bbox 463 964 2265 1050">
     <span class='ocr_line' id='line_1_7' title="bbox 463 964 2265 1050; baseline 0.002 -24"><span class='ocrx_word' id='word_1_40' title='bbox 463 969 550 1027; x_wconf 84' lang='lat' dir='ltr'><strong>De</strong></span> <span class='ocrx_word' id='word_1_41' title='bbox 578 964 740 1050; x_wconf 69' lang='lat' dir='ltr'><strong>nemu</strong></span> <span class='ocrx_word' id='word_1_42' title='bbox 775 989 849 1027; x_wconf 80' lang='lat' dir='ltr'><strong>ac</strong></span> <span class='ocrx_word' id='word_1_43' title='bbox 873 978 1090 1028; x_wconf 76' lang='lat' dir='ltr'><strong>mutua</strong></span> <span class='ocrx_word' id='word_1_44' title='bbox 1124 970 1409 1027; x_wconf 74' lang='lat' dir='ltr'><strong>relatione</strong></span> <span class='ocrx_word' id='word_1_45' title='bbox 1429 969 1609 1047; x_wconf 82' lang='lat' dir='ltr'><strong>fidem</strong></span> <span class='ocrx_word' id='word_1_46' title='bbox 1644 974 1810 1028; x_wconf 75' lang='lat' dir='ltr'><strong>inter</strong></span> <span class='ocrx_word' id='word_1_47' title='bbox 1841 991 1914 1028; x_wconf 82' lang='lat' dir='ltr'><strong>ae</strong></span> <span class='ocrx_word' id='word_1_48' title='bbox 1943 974 2265 1030; x_wconf 73' lang='lat' dir='ltr'><strong>ratio-nem.</strong></span> 
     </span>
    </p>
   </div>
   <div class='ocr_carea' id='block_1_5' title="bbox 288 1157 2454 2592">
    <p class='ocr_par' dir='ltr' id='par_1_5' title="bbox 288 1157 2454 2592">
     <span class='ocr_line' id='line_1_8' title="bbox 371 1157 2451 1240; baseline 0.002 -23"><span class='ocrx_word' id='word_1_49' title='bbox 371 1158 515 1218; x_wconf 79' lang='lat'><strong>234.</strong></span> <span class='ocrx_word' id='word_1_50' title='bbox 566 1159 716 1217; x_wconf 86' lang='lat' dir='ltr'><strong>Satis</strong></span> <span class='ocrx_word' id='word_1_51' title='bbox 759 1179 867 1240; x_wconf 90' lang='lat' dir='ltr'><strong>pro</strong></span> <span class='ocrx_word' id='word_1_52' title='bbox 907 1178 971 1217; x_wconf 88' lang='lat' dir='ltr'><strong>re</strong></span> <span class='ocrx_word' id='word_1_53' title='bbox 1016 1170 1219 1218; x_wconf 87' lang='lat' dir='ltr'><strong>nostra</strong></span> <span class='ocrx_word' id='word_1_54' title='bbox 1270 1168 1548 1218; x_wconf 88' lang='lat' dir='ltr'><strong>naturam</strong></span> <span class='ocrx_word' id='word_1_55' title='bbox 1596 1170 1656 1218; x_wconf 91' lang='lat' dir='ltr'><strong>et</strong></span> <span class='ocrx_word' id='word_1_56' title='bbox 1700 1157 2075 1223; x_wconf 88' lang='lat' dir='ltr'><strong>constitutiva</strong></span> <span class='ocrx_word' id='word_1_57' title='bbox 2113 1159 2251 1220; x_wconf 86' lang='lat' dir='ltr'><strong>fidei</strong></span> <span class='ocrx_word' id='word_1_58' title='bbox 2287 1161 2349 1220; x_wconf 91' lang='lat' dir='ltr'><strong>in</strong></span> <span class='ocrx_word' id='word_1_59' title='bbox 2389 1183 2451 1222; x_wconf 88' lang='lat' dir='ltr'><strong>se</strong></span> 
     </span>
     <span class='ocr_line' id='line_1_9' title="bbox 293 1253 2454 1339; baseline 0 -23"><span class='ocrx_word' id='word_1_60' title='bbox 293 1266 555 1339; x_wconf 90' lang='lat' dir='ltr'><strong>spectata</strong></span> <span class='ocrx_word' id='word_1_61' title='bbox 588 1254 900 1314; x_wconf 88' lang='lat' dir='ltr'><strong>enucleare</strong></span> <span class='ocrx_word' id='word_1_62' title='bbox 930 1256 1277 1336; x_wconf 74' lang='lat' dir='ltr'><strong>sategimus3</strong></span> <span class='ocrx_word' id='word_1_63' title='bbox 1318 1275 1479 1313; x_wconf 89' lang='lat' dir='ltr'><strong>nunc</strong></span> <span class='ocrx_word' id='word_1_64' title='bbox 1498 1299 1515 1331; x_wconf 87' lang='lat'>‚</span> <span class='ocrx_word' id='word_1_65' title='bbox 1554 1253 1853 1336; x_wconf 91' lang='lat' dir='ltr'><strong>quomodo</strong></span> <span class='ocrx_word' id='word_1_66' title='bbox 1902 1254 2046 1315; x_wconf 89' lang='lat' dir='ltr'><strong>fides</strong></span> <span class='ocrx_word' id='word_1_67' title='bbox 2073 1256 2198 1338; x_wconf 89' lang='lat' dir='ltr'><strong>ipsa</strong></span> <span class='ocrx_word' id='word_1_68' title='bbox 2230 1257 2294 1315; x_wconf 92' lang='lat' dir='ltr'><strong>in</strong></span> <span class='ocrx_word' id='word_1_69' title='bbox 2319 1269 2454 1317; x_wconf 88' lang='lat' dir='ltr'><strong>actu</strong></span> 
     </span>
     <span class='ocr_line' id='line_1_10' title="bbox 293 1350 2447 1433; baseline 0 -21"><span class='ocrx_word' id='word_1_70' title='bbox 293 1350 573 1412; x_wconf 89' lang='lat' dir='ltr'><strong>credendi</strong></span> <span class='ocrx_word' id='word_1_71' title='bbox 609 1355 852 1433; x_wconf 87' lang='lat' dir='ltr'><strong>ejusque</strong></span> <span class='ocrx_word' id='word_1_72' title='bbox 880 1350 1122 1431; x_wconf 90' lang='lat' dir='ltr'><strong>objectis</strong></span> <span class='ocrx_word' id='word_1_73' title='bbox 1147 1351 1225 1411; x_wconf 88' lang='lat' dir='ltr'><strong>ad</strong></span> <span class='ocrx_word' id='word_1_74' title='bbox 1244 1352 1536 1411; x_wconf 88' lang='lat' dir='ltr'><strong>rationem</strong></span> <span class='ocrx_word' id='word_1_75' title='bbox 1565 1373 1627 1410; x_wconf 91' lang='lat' dir='ltr'><strong>se</strong></span> <span class='ocrx_word' id='word_1_76' title='bbox 1652 1350 1870 1411; x_wconf 86' lang='lat' dir='ltr'><strong>habeat</strong></span> <span class='ocrx_word' id='word_1_77' title='bbox 1892 1397 1908 1424; x_wconf 86' lang='lat'><strong>.,</strong></span> <span class='ocrx_word' id='word_1_78' title='bbox 1944 1352 2447 1433; x_wconf 80' lang='lat' dir='ltr'><strong>investigandum.</strong></span> 
     </span>
     <span class='ocr_line' id='line_1_11' title="bbox 291 1446 2450 1530; baseline 0 -23"><span class='ocrx_word' id='word_1_79' title='bbox 291 1448 494 1508; x_wconf 90' lang='lat' dir='ltr'><strong>Plures</strong></span> <span class='ocrx_word' id='word_1_80' title='bbox 531 1447 595 1506; x_wconf 91' lang='lat' dir='ltr'><strong>in</strong></span> <span class='ocrx_word' id='word_1_81' title='bbox 640 1447 751 1507; x_wconf 87' lang='lat' dir='ltr'><strong>hoc</strong></span> <span class='ocrx_word' id='word_1_82' title='bbox 791 1449 955 1508; x_wconf 88' lang='lat' dir='ltr'><strong>enim</strong></span> <span class='ocrx_word' id='word_1_83' title='bbox 994 1469 1219 1508; x_wconf 85' lang='lat' dir='ltr'><strong>errores</strong></span> <span class='ocrx_word' id='word_1_84' title='bbox 1266 1446 1621 1529; x_wconf 79' lang='lat' dir='ltr'><strong>profligandi</strong></span> <span class='ocrx_word' id='word_1_85' title='bbox 1664 1459 1824 1509; x_wconf 89' lang='lat' dir='ltr'><strong>sunt.</strong></span> <span class='ocrx_word' id='word_1_86' title='bbox 1867 1449 2019 1507; x_wconf 89' lang='lat' dir='ltr'><strong>Nam</strong></span> <span class='ocrx_word' id='word_1_87' title='bbox 2053 1460 2450 1530; x_wconf 78' lang='lat' dir='ltr'><strong>praeterquam</strong></span> 
     </span>
     <span class='ocr_line' id='line_1_12' title="bbox 295 1541 2444 1626; baseline 0 -23"><span class='ocrx_word' id='word_1_88' title='bbox 295 1544 455 1626; x_wconf 91' lang='lat' dir='ltr'><strong>quod</strong></span> <span class='ocrx_word' id='word_1_89' title='bbox 497 1542 785 1604; x_wconf 92' lang='lat' dir='ltr'><strong>increduli</strong></span> <span class='ocrx_word' id='word_1_90' title='bbox 818 1566 1058 1619; x_wconf 75' lang='lat' dir='ltr'><strong>omneS‚</strong></span> <span class='ocrx_word' id='word_1_91' title='bbox 1085 1542 1579 1625; x_wconf 89' lang='lat' dir='ltr'><strong>philosophorum</strong></span> <span class='ocrx_word' id='word_1_92' title='bbox 1614 1541 1725 1600; x_wconf 91' lang='lat' dir='ltr'><strong>sibi</strong></span> <span class='ocrx_word' id='word_1_93' title='bbox 1765 1563 1988 1602; x_wconf 90' lang='lat' dir='ltr'><strong>nomen</strong></span> <span class='ocrx_word' id='word_1_94' title='bbox 2019 1543 2444 1619; x_wconf 65' lang='lat' dir='ltr'><strong>adsciscenteS,</strong></span> 
     </span>
     <span class='ocr_line' id='line_1_13' title="bbox 294 1638 2448 1723; baseline 0 -24"><span class='ocrx_word' id='word_1_95' title='bbox 294 1642 499 1723; x_wconf 85' lang='lat' dir='ltr'><strong>quavis</strong></span> <span class='ocrx_word' id='word_1_96' title='bbox 536 1651 741 1714; x_wconf 69' lang='lat' dir='ltr'><strong>aetate,</strong></span> <span class='ocrx_word' id='word_1_97' title='bbox 779 1660 844 1699; x_wconf 91' lang='lat' dir='ltr'><strong>ac</strong></span> <span class='ocrx_word' id='word_1_98' title='bbox 894 1641 1222 1700; x_wconf 82' lang='lat' dir='ltr'><strong>recentiore</strong></span> <span class='ocrx_word' id='word_1_99' title='bbox 1264 1640 1444 1698; x_wconf 90' lang='lat' dir='ltr'><strong>etiam</strong></span> <span class='ocrx_word' id='word_1_100' title='bbox 1479 1650 1680 1696; x_wconf 86' lang='lat' dir='ltr'><strong>nostra</strong></span> <span class='ocrx_word' id='word_1_101' title='bbox 1721 1638 2086 1720; x_wconf 81' lang='lat' dir='ltr'><strong>proclamare</strong></span> <span class='ocrx_word' id='word_1_102' title='bbox 2122 1638 2284 1700; x_wconf 88' lang='lat' dir='ltr'><strong>haud</strong></span> <span class='ocrx_word' id='word_1_103' title='bbox 2313 1640 2448 1699; x_wconf 91' lang='lat' dir='ltr'><strong>des—</strong></span> 
     </span>
     <span class='ocr_line' id='line_1_14' title="bbox 296 1733 2449 1811; baseline 0 -17"><span class='ocrx_word' id='word_1_104' title='bbox 296 1738 528 1796; x_wconf 87' lang='lat' dir='ltr'><strong>titerint</strong></span> <span class='ocrx_word' id='word_1_105' title='bbox 552 1782 567 1811; x_wconf 65' lang='grc'><em>,</em></span> <span class='ocrx_word' id='word_1_106' title='bbox 598 1735 852 1795; x_wconf 84' lang='lat' dir='ltr'><strong>admissa</strong></span> <span class='ocrx_word' id='word_1_107' title='bbox 880 1735 995 1794; x_wconf 91' lang='lat' dir='ltr'><strong>fide</strong></span> <span class='ocrx_word' id='word_1_108' title='bbox 1018 1782 1033 1809; x_wconf 85' lang='lat'><strong>.‚</strong></span> <span class='ocrx_word' id='word_1_109' title='bbox 1068 1747 1267 1794; x_wconf 87' lang='lat' dir='ltr'><strong>actum</strong></span> <span class='ocrx_word' id='word_1_110' title='bbox 1292 1745 1352 1793; x_wconf 90' lang='lat' dir='ltr'><strong>et</strong></span> <span class='ocrx_word' id='word_1_111' title='bbox 1374 1733 1811 1793; x_wconf 89' lang='lat' dir='ltr'><strong>conclamatum</strong></span> <span class='ocrx_word' id='word_1_112' title='bbox 1837 1734 1910 1793; x_wconf 91' lang='lat' dir='ltr'><strong>de</strong></span> <span class='ocrx_word' id='word_1_113' title='bbox 1940 1735 2171 1794; x_wconf 88' lang='lat' dir='ltr'><strong>ratione</strong></span> <span class='ocrx_word' id='word_1_114' title='bbox 2192 1735 2449 1795; x_wconf 87' lang='lat' dir='ltr'><strong>hominis</strong></span> 
     </span>
     <span class='ocr_line' id='line_1_15' title="bbox 292 1823 2449 1913; baseline -0.001 -20"><span class='ocrx_word' id='word_1_115' title='bbox 292 1854 419 1893; x_wconf 89' lang='lat' dir='ltr'><strong>esse</strong></span> <span class='ocrx_word' id='word_1_116' title='bbox 443 1879 459 1901; x_wconf 78' lang='grc'>,</span> <span class='ocrx_word' id='word_1_117' title='bbox 496 1831 658 1891; x_wconf 89' lang='lat' dir='ltr'><strong>haud</strong></span> <span class='ocrx_word' id='word_1_118' title='bbox 695 1853 904 1913; x_wconf 89' lang='lat' dir='ltr'><strong>parum</strong></span> <span class='ocrx_word' id='word_1_119' title='bbox 929 1823 1020 1890; x_wconf 86' lang='lat' dir='ltr'><strong>est</strong></span> <span class='ocrx_word' id='word_1_120' title='bbox 1062 1830 1430 1912; x_wconf 89' lang='lat' dir='ltr'><strong>disputatum</strong></span> <span class='ocrx_word' id='word_1_121' title='bbox 1452 1875 1468 1904; x_wconf 60' lang='lat' dir='ltr'>a</span> <span class='ocrx_word' id='word_1_122' title='bbox 1520 1840 1724 1888; x_wconf 90' lang='lat' dir='ltr'><strong>utrum</strong></span> <span class='ocrx_word' id='word_1_123' title='bbox 1759 1828 1910 1897; x_wconf 63' lang='lat' dir='ltr'><strong>‚fides</strong></span> <span class='ocrx_word' id='word_1_124' title='bbox 1940 1828 2165 1911; x_wconf 90' lang='lat' dir='ltr'><strong>aliquid</strong></span> <span class='ocrx_word' id='word_1_125' title='bbox 2201 1830 2449 1891; x_wconf 87' lang='lat' dir='ltr'><strong>creden·</strong></span> 
     </span>
     <span class='ocr_line' id='line_1_16' title="bbox 289 1923 2449 2011; baseline -0.001 -23"><span class='ocrx_word' id='word_1_126' title='bbox 289 1928 430 1988; x_wconf 89' lang='lat' dir='ltr'><strong>dum</strong></span> <span class='ocrx_word' id='word_1_127' title='bbox 457 1974 473 2003; x_wconf 64' lang='grc'><em>,</em></span> <span class='ocrx_word' id='word_1_128' title='bbox 514 1927 676 2011; x_wconf 90' lang='lat' dir='ltr'><strong>quod</strong></span> <span class='ocrx_word' id='word_1_129' title='bbox 705 1927 919 1988; x_wconf 89' lang='lat' dir='ltr'><strong>nativis</strong></span> <span class='ocrx_word' id='word_1_130' title='bbox 956 1927 1200 1986; x_wconf 88' lang='lat' dir='ltr'><strong>rationis</strong></span> <span class='ocrx_word' id='word_1_131' title='bbox 1249 1925 1432 2008; x_wconf 89' lang='lat' dir='ltr'><strong>ipsius</strong></span> <span class='ocrx_word' id='word_1_132' title='bbox 1466 1923 1771 2008; x_wconf 88' lang='lat' dir='ltr'><strong>principiis</strong></span> <span class='ocrx_word' id='word_1_133' title='bbox 1806 1924 2127 1986; x_wconf 86' lang='lat' dir='ltr'><strong>adversans</strong></span> <span class='ocrx_word' id='word_1_134' title='bbox 2159 1926 2272 2001; x_wconf 70' lang='lat' dir='ltr'><strong>sit,</strong></span> <span class='ocrx_word' id='word_1_135' title='bbox 2313 1949 2449 2009; x_wconf 89' lang='lat' dir='ltr'><strong>pro·</strong></span> 
     </span>
     <span class='ocr_line' id='line_1_17' title="bbox 292 2022 2444 2108; baseline -0.001 -24"><span class='ocrx_word' id='word_1_136' title='bbox 292 2046 516 2108; x_wconf 88' lang='lat' dir='ltr'><strong>ponere</strong></span> <span class='ocrx_word' id='word_1_137' title='bbox 537 2036 714 2106; x_wconf 85' lang='lat' dir='ltr'><strong>queat</strong></span> <span class='ocrx_word' id='word_1_138' title='bbox 732 2071 747 2098; x_wconf 71' lang='grc'><em>,</em></span> <span class='ocrx_word' id='word_1_139' title='bbox 775 2034 875 2082; x_wconf 88' lang='lat' dir='ltr'><strong>aut</strong></span> <span class='ocrx_word' id='word_1_140' title='bbox 896 2044 1101 2083; x_wconf 87' lang='lat' dir='ltr'><strong>revera</strong></span> <span class='ocrx_word' id='word_1_141' title='bbox 1127 2032 1444 2105; x_wconf 89' lang='lat' dir='ltr'><strong>proponat.</strong></span> <span class='ocrx_word' id='word_1_142' title='bbox 1473 2022 1508 2080; x_wconf 86' lang='lat' dir='ltr'><strong>J</strong></span> <span class='ocrx_word' id='word_1_143' title='bbox 1512 2043 1608 2079; x_wconf 85' lang='lat' dir='ltr'><strong>am</strong></span> <span class='ocrx_word' id='word_1_144' title='bbox 1627 2043 1805 2103; x_wconf 89' lang='lat' dir='ltr'><strong>supra</strong></span> <span class='ocrx_word' id='word_1_145' title='bbox 1826 2023 2444 2097; x_wconf 70' lang='lat' dir='ltr'><strong>cominemoravimu8‚</strong></span> 
     </span>
     <span class='ocr_line' id='line_1_18' title="bbox 291 2117 2448 2203; baseline -0.001 -23"><span class='ocrx_word' id='word_1_146' title='bbox 291 2120 454 2180; x_wconf 89' lang='lat' dir='ltr'><strong>haud</strong></span> <span class='ocrx_word' id='word_1_147' title='bbox 491 2141 709 2203; x_wconf 87' lang='lat' dir='ltr'><strong>paucos</strong></span> <span class='ocrx_word' id='word_1_148' title='bbox 743 2142 775 2180; x_wconf 95' lang='lat' dir='ltr'><strong>e</strong></span> <span class='ocrx_word' id='word_1_149' title='bbox 814 2118 1313 2203; x_wconf 82' lang='lat' dir='ltr'><strong>protestantibus,</strong></span> <span class='ocrx_word' id='word_1_150' title='bbox 1349 2117 1604 2177; x_wconf 87' lang='lat' dir='ltr'><strong>Luthero</strong></span> <span class='ocrx_word' id='word_1_151' title='bbox 1631 2118 1778 2177; x_wconf 87' lang='lat' dir='ltr'><strong>duce</strong></span> <span class='ocrx_word' id='word_1_152' title='bbox 1799 2164 1815 2190; x_wconf 70' lang='grc'>,</span> <span class='ocrx_word' id='word_1_153' title='bbox 1850 2118 1914 2176; x_wconf 88' lang='lat' dir='ltr'><strong>in</strong></span> <span class='ocrx_word' id='word_1_154' title='bbox 1946 2139 2013 2178; x_wconf 85' lang='lat' dir='ltr'><strong>ea</strong></span> <span class='ocrx_word' id='word_1_155' title='bbox 2042 2118 2272 2179; x_wconf 85' lang='lat' dir='ltr'><strong>stetisse</strong></span> <span class='ocrx_word' id='word_1_156' title='bbox 2305 2141 2448 2179; x_wconf 90' lang='lat' dir='ltr'><strong>sen-</strong></span> 
     </span>
     <span class='ocr_line' id='line_1_19' title="bbox 293 2212 2446 2300; baseline -0.001 -23"><span class='ocrx_word' id='word_1_157' title='bbox 293 2219 476 2278; x_wconf 83' lang='lat' dir='ltr'><strong>tentia</strong></span> <span class='ocrx_word' id='word_1_158' title='bbox 500 2264 515 2294; x_wconf 71' lang='grc'><em>,</em></span> <span class='ocrx_word' id='word_1_159' title='bbox 543 2217 702 2300; x_wconf 90' lang='lat' dir='ltr'><strong>quod</strong></span> <span class='ocrx_word' id='word_1_160' title='bbox 719 2218 874 2277; x_wconf 89' lang='lat' dir='ltr'><strong>inter</strong></span> <span class='ocrx_word' id='word_1_161' title='bbox 890 2217 1070 2276; x_wconf 89' lang='lat' dir='ltr'><strong>fidem</strong></span> <span class='ocrx_word' id='word_1_162' title='bbox 1093 2227 1152 2275; x_wconf 87' lang='lat' dir='ltr'><strong>et</strong></span> <span class='ocrx_word' id='word_1_163' title='bbox 1169 2215 1479 2277; x_wconf 89' lang='lat' dir='ltr'><strong>scientiam</strong></span> <span class='ocrx_word' id='word_1_164' title='bbox 1501 2260 1515 2289; x_wconf 65' lang='grc'><em>,</em></span> <span class='ocrx_word' id='word_1_165' title='bbox 1546 2213 1906 2295; x_wconf 83' lang='lat' dir='ltr'><strong>theologiam</strong></span> <span class='ocrx_word' id='word_1_166' title='bbox 1929 2225 1988 2274; x_wconf 91' lang='lat' dir='ltr'><strong>et</strong></span> <span class='ocrx_word' id='word_1_167' title='bbox 2007 2212 2446 2298; x_wconf 85' lang='lat' dir='ltr'><strong>philosophiam</strong></span> 
     </span>
     <span class='ocr_line' id='line_1_20' title="bbox 288 2310 2449 2396; baseline -0.002 -22"><span class='ocrx_word' id='word_1_168' title='bbox 288 2314 519 2375; x_wconf 86' lang='lat' dir='ltr'><strong>bellum</strong></span> <span class='ocrx_word' id='word_1_169' title='bbox 546 2315 795 2374; x_wconf 79' lang='lat' dir='ltr'><strong>existere</strong></span> <span class='ocrx_word' id='word_1_170' title='bbox 821 2324 1094 2396; x_wconf 88' lang='lat' dir='ltr'><strong>oporteat</strong></span> <span class='ocrx_word' id='word_1_171' title='bbox 1114 2358 1129 2386; x_wconf 77' lang='lat'><strong>.,</strong></span> <span class='ocrx_word' id='word_1_172' title='bbox 1165 2333 1230 2370; x_wconf 85' lang='lat' dir='ltr'><strong>ac</strong></span> <span class='ocrx_word' id='word_1_173' title='bbox 1251 2311 1477 2393; x_wconf 87' lang='lat' dir='ltr'><strong>aliquid</strong></span> <span class='ocrx_word' id='word_1_174' title='bbox 1506 2312 1704 2393; x_wconf 87' lang='lat' dir='ltr'><strong>utique</strong></span> <span class='ocrx_word' id='word_1_175' title='bbox 1727 2310 1856 2369; x_wconf 86' lang='lat' dir='ltr'><strong>dari</strong></span> <span class='ocrx_word' id='word_1_176' title='bbox 1878 2312 2189 2392; x_wconf 66' lang='lat' dir='ltr'><strong>theologice</strong></span> <span class='ocrx_word' id='word_1_177' title='bbox 2217 2332 2449 2383; x_wconf 88' lang='lat' dir='ltr'><strong>verum,</strong></span> 
     </span>
     <span class='ocr_line' id='line_1_21' title="bbox 290 2405 2446 2495; baseline -0.002 -24"><span class='ocrx_word' id='word_1_178' title='bbox 290 2412 450 2495; x_wconf 88' lang='lat' dir='ltr'><strong>quod</strong></span> <span class='ocrx_word' id='word_1_179' title='bbox 489 2411 893 2492; x_wconf 73' lang='lat' dir='ltr'><strong>philosophice</strong></span> <span class='ocrx_word' id='word_1_180' title='bbox 936 2408 1152 2468; x_wconf 88' lang='lat' dir='ltr'><strong>falsum</strong></span> <span class='ocrx_word' id='word_1_181' title='bbox 1183 2409 1257 2467; x_wconf 88' lang='lat' dir='ltr'><strong>sit</strong></span> <span class='ocrx_word' id='word_1_182' title='bbox 1278 2454 1293 2483; x_wconf 71' lang='grc'><em>,</em></span> <span class='ocrx_word' id='word_1_183' title='bbox 1335 2419 1395 2467; x_wconf 90' lang='lat' dir='ltr'><strong>et</strong></span> <span class='ocrx_word' id='word_1_184' title='bbox 1424 2430 1455 2467; x_wconf 94' lang='lat' dir='ltr'><strong>e</strong></span> <span class='ocrx_word' id='word_1_185' title='bbox 1485 2419 1689 2467; x_wconf 86' lang='lat' dir='ltr'><strong>contra</strong></span> <span class='ocrx_word' id='word_1_186' title='bbox 1719 2407 1842 2487; x_wconf 71' lang='lat'><strong>(3);</strong></span> <span class='ocrx_word' id='word_1_187' title='bbox 1886 2406 2218 2490; x_wconf 87' lang='lat' dir='ltr'><strong>quinimmo</strong></span> <span class='ocrx_word' id='word_1_188' title='bbox 2247 2405 2446 2489; x_wconf 87' lang='lat' dir='ltr'><strong>plures</strong></span> 
     </span>
     <span class='ocr_line' id='line_1_22' title="bbox 288 2504 2443 2592; baseline -0.003 -23"><span class='ocrx_word' id='word_1_189' title='bbox 288 2531 355 2569; x_wconf 91' lang='lat' dir='ltr'><strong>eo</strong></span> <span class='ocrx_word' id='word_1_190' title='bbox 399 2519 839 2592; x_wconf 50' lang='lat' dir='ltr'><strong>pervenerunt.</strong></span> <span class='ocrx_word' id='word_1_191' title='bbox 900 2518 964 2565; x_wconf 89' lang='lat' dir='ltr'><strong>ut</strong></span> <span class='ocrx_word' id='word_1_192' title='bbox 1007 2505 1154 2584; x_wconf 86' lang='lat' dir='ltr'><strong>illud</strong></span> <span class='ocrx_word' id='word_1_193' title='bbox 1205 2504 1552 2565; x_wconf 88' lang='lat' dir='ltr'><strong>Tertulliani</strong></span> <span class='ocrx_word' id='word_1_194' title='bbox 1604 2506 1813 2576; x_wconf 80' lang='lat' dir='ltr'><strong>oredo,</strong></span> <span class='ocrx_word' id='word_1_195' title='bbox 1857 2507 2005 2585; x_wconf 78' lang='lat' dir='ltr'><strong>quia</strong></span> <span class='ocrx_word' id='word_1_196' title='bbox 2054 2505 2443 2579; x_wconf 71' lang='lat' dir='ltr'><strong>absurdum,</strong></span> 
     </span>
    </p>
   </div>
   <div class='ocr_carea' id='block_1_6' title="bbox 244 2711 2502 3775">
    <p class='ocr_par' dir='ltr' id='par_1_6' title="bbox 244 2711 2444 3114">
     <span class='ocr_line' id='line_1_23' title="bbox 291 2711 2444 2782; baseline -0.004 -16"><span class='ocrx_word' id='word_1_197' title='bbox 291 2726 387 2775; x_wconf 75' lang='lat' dir='ltr'><strong>est,</strong></span> <span class='ocrx_word' id='word_1_198' title='bbox 421 2715 548 2782; x_wconf 80' lang='lat' dir='ltr'><strong>quod</strong></span> <span class='ocrx_word' id='word_1_199' title='bbox 576 2731 675 2764; x_wconf 80' lang='lat' dir='ltr'><strong>non</strong></span> <span class='ocrx_word' id='word_1_200' title='bbox 705 2713 877 2761; x_wconf 77' lang='lat' dir='ltr'><strong>habuit</strong></span> <span class='ocrx_word' id='word_1_201' title='bbox 907 2715 979 2760; x_wconf 73' lang='lat' dir='ltr'><strong>sic</strong></span> <span class='ocrx_word' id='word_1_202' title='bbox 1016 2711 1325 2777; x_wconf 72' lang='lat' dir='ltr'><strong>manifestam</strong></span> <span class='ocrx_word' id='word_1_203' title='bbox 1414 2711 1560 2761; x_wconf 78' lang='lat' dir='ltr'><strong>altior</strong></span> <span class='ocrx_word' id='word_1_204' title='bbox 1592 2727 1738 2776; x_wconf 81' lang='lat' dir='ltr'><strong>quam</strong></span> <span class='ocrx_word' id='word_1_205' title='bbox 1767 2719 1933 2759; x_wconf 74' lang='lat' dir='ltr'><strong>nostra</strong></span> <span class='ocrx_word' id='word_1_206' title='bbox 1950 2749 1964 2768; x_wconf 92' lang='lat'><em>‚</em></span> <span class='ocrx_word' id='word_1_207' title='bbox 1999 2728 2095 2777; x_wconf 79' lang='lat' dir='ltr'><strong>per</strong></span> <span class='ocrx_word' id='word_1_208' title='bbox 2114 2728 2260 2776; x_wconf 77' lang='lat' dir='ltr'><strong>quam</strong></span> <span class='ocrx_word' id='word_1_209' title='bbox 2286 2711 2444 2775; x_wconf 63' lang='grc' dir='ltr'><em>Μαρία</em></span> 
     </span>
     <span class='ocr_line' id='line_1_24' title="bbox 244 2791 2440 2865; baseline -0.005 -16"><span class='ocrx_word' id='word_1_210' title='bbox 244 2855 246 2857; x_wconf 51' lang='grc'><strong>,</strong></span> <span class='ocrx_word' id='word_1_211' title='bbox 291 2801 640 2865; x_wconf 72' lang='lat' dir='ltr'><strong>coquitionem,</strong></span> <span class='ocrx_word' id='word_1_212' title='bbox 691 2814 788 2861; x_wconf 76' lang='lat' dir='ltr'><strong>qua</strong></span> <span class='ocrx_word' id='word_1_213' title='bbox 827 2794 1158 2844; x_wconf 66' lang='lat' dir='ltr'><strong>excluderetur</strong></span> <span class='ocrx_word' id='word_1_214' title='bbox 1199 2796 1327 2843; x_wconf 74' lang='lat' dir='ltr'><strong>ratio</strong></span> <span class='ocrx_word' id='word_1_215' title='bbox 1414 2793 1471 2842; x_wconf 84' lang='lat' dir='ltr'><strong>de</strong></span> <span class='ocrx_word' id='word_1_216' title='bbox 1505 2796 1781 2859; x_wconf 73' lang='lat' dir='ltr'><strong>propinquo</strong></span> <span class='ocrx_word' id='word_1_217' title='bbox 1829 2794 2104 2842; x_wconf 74' lang='lat' dir='ltr'><strong>accedentes</strong></span> <span class='ocrx_word' id='word_1_218' title='bbox 2148 2793 2215 2841; x_wconf 83' lang='lat' dir='ltr'><strong>ad</strong></span> <span class='ocrx_word' id='word_1_219' title='bbox 2245 2791 2440 2850; x_wconf 78' lang='lat' dir='ltr'><strong>Deum,</strong></span> 
     </span>
     <span class='ocr_line' id='line_1_25' title="bbox 287 2873 2444 2947; baseline -0.004 -17"><span class='ocrx_word' id='word_1_220' title='bbox 287 2882 425 2947; x_wconf 83' lang='lat' dir='ltr'><strong>fidei.</strong></span> <span class='ocrx_word' id='word_1_221' title='bbox 469 2880 613 2931; x_wconf 77' lang='lat' dir='ltr'><strong>Unde</strong></span> <span class='ocrx_word' id='word_1_222' title='bbox 641 2880 768 2945; x_wconf 83' lang='lat' dir='ltr'><strong>quod</strong></span> <span class='ocrx_word' id='word_1_223' title='bbox 799 2895 901 2926; x_wconf 79' lang='lat' dir='ltr'><strong>non</strong></span> <span class='ocrx_word' id='word_1_224' title='bbox 938 2877 1109 2926; x_wconf 79' lang='lat' dir='ltr'><strong>habuit</strong></span> <span class='ocrx_word' id='word_1_225' title='bbox 1142 2877 1288 2940; x_wconf 81' lang='lat' dir='ltr'><strong>fidem</strong></span> <span class='ocrx_word' id='word_1_226' title='bbox 1310 2915 1323 2937; x_wconf 90' lang='lat'>‚</span> <span class='ocrx_word' id='word_1_227' title='bbox 1405 2877 1555 2943; x_wconf 77' lang='lat' dir='ltr'><strong>plura</strong></span> <span class='ocrx_word' id='word_1_228' title='bbox 1582 2877 1835 2941; x_wconf 52' lang='lat' dir='ltr'><strong>manifeste</strong></span> <span class='ocrx_word' id='word_1_229' title='bbox 1863 2882 2371 2942; x_wconf 73' lang='lat' dir='ltr'><strong>coqnoscerepoterant</strong></span> <span class='ocrx_word' id='word_1_230' title='bbox 2386 2873 2444 2922; x_wconf 87' lang='lat' dir='ltr'><strong>de</strong></span> 
     </span>
     <span class='ocr_line' id='line_1_26' title="bbox 293 2958 2441 3030; baseline -0.006 -15"><span class='ocrx_word' id='word_1_231' title='bbox 293 2967 380 3016; x_wconf 74' lang='lat' dir='ltr'><strong>hoc</strong></span> <span class='ocrx_word' id='word_1_232' title='bbox 398 2982 500 3015; x_wconf 68' lang='lat' dir='ltr'><strong>esse</strong></span> <span class='ocrx_word' id='word_1_233' title='bbox 519 2982 619 3013; x_wconf 78' lang='lat' dir='ltr'><strong>non</strong></span> <span class='ocrx_word' id='word_1_234' title='bbox 639 2965 824 3030; x_wconf 78' lang='lat' dir='ltr'><strong>potuit,</strong></span> <span class='ocrx_word' id='word_1_235' title='bbox 852 2964 959 3011; x_wconf 71' lang='lat' dir='ltr'><strong>nisi</strong></span> <span class='ocrx_word' id='word_1_236' title='bbox 987 2964 1105 3027; x_wconf 77' lang='lat' dir='ltr'><strong>quia</strong></span> <span class='ocrx_word' id='word_1_237' title='bbox 1125 2963 1328 3027; x_wconf 71' lang='lat' dir='ltr'><strong>penitus</strong></span> <span class='ocrx_word' id='word_1_238' title='bbox 1413 2960 1599 3008; x_wconf 74' lang='lat' dir='ltr'><strong>divinis</strong></span> <span class='ocrx_word' id='word_1_239' title='bbox 1631 2959 1875 3026; x_wconf 73' lang='lat' dir='ltr'><strong>effectibus</strong></span> <span class='ocrx_word' id='word_1_240' title='bbox 1912 2968 1958 3007; x_wconf 77' lang='lat' dir='ltr'><strong>ee</strong></span> <span class='ocrx_word' id='word_1_241' title='bbox 1989 2958 2231 3024; x_wconf 70' lang='lat' dir='ltr'><strong>mysteriis</strong></span> <span class='ocrx_word' id='word_1_242' title='bbox 2248 2993 2262 3014; x_wconf 86' lang='lat'>,</span> <span class='ocrx_word' id='word_1_243' title='bbox 2294 2974 2441 3021; x_wconf 77' lang='lat' dir='ltr'><strong>quam</strong></span> 
     </span>
     <span class='ocr_line' id='line_1_27' title="bbox 293 3045 1804 3114; baseline -0.006 -15"><span class='ocrx_word' id='word_1_244' title='bbox 293 3052 340 3099; x_wconf 81' lang='lat' dir='ltr'><strong>ei</strong></span> <span class='ocrx_word' id='word_1_245' title='bbox 363 3051 714 3114; x_wconf 33' lang='lat' dir='ltr'><strong>eratviqnocum.</strong></span> <span class='ocrx_word' id='word_1_246' title='bbox 737 3047 817 3108; x_wconf 78' lang='lat' dir='ltr'><strong>id,</strong></span> <span class='ocrx_word' id='word_1_247' title='bbox 839 3046 895 3093; x_wconf 87' lang='lat' dir='ltr'><strong>de</strong></span> <span class='ocrx_word' id='word_1_248' title='bbox 923 3062 1015 3110; x_wconf 81' lang='lat' dir='ltr'><strong>quo</strong></span> <span class='ocrx_word' id='word_1_249' title='bbox 1045 3054 1115 3093; x_wconf 80' lang='lat' dir='ltr'><strong>est</strong></span> <span class='ocrx_word' id='word_1_250' title='bbox 1139 3045 1294 3109; x_wconf 58' lang='lat' dir='ltr'><strong>fides)</strong></span> <span class='ocrx_word' id='word_1_251' title='bbox 1412 3059 1500 3091; x_wconf 76' lang='lat' dir='ltr'><strong>nos</strong></span> <span class='ocrx_word' id='word_1_252' title='bbox 1520 3058 1804 3108; x_wconf 72' lang='lat' dir='ltr'><strong>possumus.</strong></span> 
     </span>
    </p>

    <p class='ocr_par' dir='ltr' id='par_1_7' title="bbox 292 3124 2502 3775">
     <span class='ocr_line' id='line_1_28' title="bbox 366 3124 2434 3199; baseline -0.004 -18"><span class='ocrx_word' id='word_1_253' title='bbox 366 3134 433 3199; x_wconf 82' lang='lat' dir='ltr'><strong>(l)</strong></span> <span class='ocrx_word' id='word_1_254' title='bbox 468 3133 588 3181; x_wconf 85' lang='lat' dir='ltr'><strong>lbid.</strong></span> <span class='ocrx_word' id='word_1_255' title='bbox 614 3136 665 3181; x_wconf 90' lang='lat' dir='ltr'><strong>in</strong></span> <span class='ocrx_word' id='word_1_256' title='bbox 694 3150 818 3197; x_wconf 85' lang='lat' dir='ltr'><strong>resp.</strong></span> <span class='ocrx_word' id='word_1_257' title='bbox 848 3131 906 3179; x_wconf 85' lang='lat' dir='ltr'><strong>ad</strong></span> <span class='ocrx_word' id='word_1_258' title='bbox 939 3148 952 3178; x_wconf 88' lang='grc' dir='ltr'><strong>ι</strong></span> <span class='ocrx_word' id='word_1_259' title='bbox 981 3131 1177 3180; x_wconf 68' lang='lat' dir='ltr'><strong>:Potest</strong></span> <span class='ocrx_word' id='word_1_260' title='bbox 1199 3130 1326 3185; x_wconf 73' lang='lat' dir='ltr'><strong><em>dici,</em></strong></span> <span class='ocrx_word' id='word_1_261' title='bbox 1483 3125 1546 3190; x_wconf 74' lang='lat'><strong>(2)</strong></span> <span class='ocrx_word' id='word_1_262' title='bbox 1590 3124 1688 3174; x_wconf 85' lang='lat' dir='ltr'><strong>Csr.</strong></span> <span class='ocrx_word' id='word_1_263' title='bbox 1717 3125 1989 3183; x_wconf 84' lang='lat' dir='ltr'><strong>Salmeron,</strong></span> <span class='ocrx_word' id='word_1_264' title='bbox 2014 3125 2063 3170; x_wconf 84' lang='lat' dir='ltr'><strong>in</strong></span> <span class='ocrx_word' id='word_1_265' title='bbox 2084 3138 2189 3188; x_wconf 81' lang='lat' dir='ltr'><strong>cap.</strong></span> <span class='ocrx_word' id='word_1_266' title='bbox 2210 3139 2277 3170; x_wconf 75' lang='lat' dir='ltr'><strong>xi.</strong></span> <span class='ocrx_word' id='word_1_267' title='bbox 2298 3125 2434 3188; x_wconf 85' lang='lat' dir='ltr'><strong>epist.</strong></span> 
     </span>
     <span class='ocr_line' id='line_1_29' title="bbox 296 3204 2502 3283; baseline -0.004 -19"><span class='ocrx_word' id='word_1_268' title='bbox 296 3219 481 3283; x_wconf 85' lang='lat' dir='ltr'><strong>inquit,</strong></span> <span class='ocrx_word' id='word_1_269' title='bbox 517 3215 644 3281; x_wconf 78' lang='lat' dir='ltr'><strong>quod</strong></span> <span class='ocrx_word' id='word_1_270' title='bbox 672 3213 1040 3280; x_wconf 78' lang='lat' dir='ltr'><strong>contemplatio,</strong></span> <span class='ocrx_word' id='word_1_271' title='bbox 1072 3230 1180 3278; x_wconf 59' lang='grc' dir='ltr'><strong>φατ’</strong></span> <span class='ocrx_word' id='word_1_272' title='bbox 1206 3211 1328 3260; x_wconf 74' lang='lat' dir='ltr'><strong>tollit</strong></span> <span class='ocrx_word' id='word_1_273' title='bbox 1413 3208 1473 3257; x_wconf 86' lang='lat' dir='ltr'><strong>ad</strong></span> <span class='ocrx_word' id='word_1_274' title='bbox 1505 3207 1653 3265; x_wconf 66' lang='lat' dir='ltr'><strong>Hebr.</strong></span> <span class='ocrx_word' id='word_1_275' title='bbox 1695 3210 1804 3258; x_wconf 82' lang='lat' dir='ltr'><strong>diss.</strong></span> <span class='ocrx_word' id='word_1_276' title='bbox 1842 3223 1939 3266; x_wconf 83' lang='lat'><strong>20,</strong></span> <span class='ocrx_word' id='word_1_277' title='bbox 1974 3204 2035 3254; x_wconf 85' lang='lat' dir='ltr'><strong>ad</strong></span> <span class='ocrx_word' id='word_1_278' title='bbox 2079 3221 2136 3253; x_wconf 90' lang='grc' dir='ltr'><strong>ιο</strong></span> <span class='ocrx_word' id='word_1_279' title='bbox 2167 3205 2287 3255; x_wconf 90' lang='lat' dir='ltr'><strong>dub.</strong></span> <span class='ocrx_word' id='word_1_280' title='bbox 2327 3223 2437 3271; x_wconf 89' lang='lat' dir='ltr'><strong>opp.</strong></span> <span class='ocrx_word' id='word_1_281' title='bbox 2500 3244 2502 3247; x_wconf 78' lang='lat'><strong>.</strong></span> 
     </span>
     <span class='ocr_line' id='line_1_30' title="bbox 295 3286 2502 3363; baseline -0.005 -15"><span class='ocrx_word' id='word_1_282' title='bbox 295 3302 534 3349; x_wconf 78' lang='lat' dir='ltr'><strong>rationem</strong></span> <span class='ocrx_word' id='word_1_283' title='bbox 565 3299 713 3363; x_wconf 81' lang='lat' dir='ltr'><strong>fidei,</strong></span> <span class='ocrx_word' id='word_1_284' title='bbox 756 3307 825 3346; x_wconf 78' lang='lat' dir='ltr'><strong>est</strong></span> <span class='ocrx_word' id='word_1_285' title='bbox 864 3295 1201 3363; x_wconf 65' lang='lat' dir='ltr'><strong>coratemplatio</strong></span> <span class='ocrx_word' id='word_1_286' title='bbox 1231 3312 1325 3361; x_wconf 80' lang='lat' dir='ltr'><strong>pa·</strong></span> <span class='ocrx_word' id='word_1_287' title='bbox 1414 3303 1526 3342; x_wconf 83' lang='lat' dir='ltr'><strong>tom.</strong></span> <span class='ocrx_word' id='word_1_288' title='bbox 1558 3310 1634 3353; x_wconf 76' lang='lat' dir='ltr'><strong>xi,</strong></span> <span class='ocrx_word' id='word_1_289' title='bbox 1672 3311 1776 3358; x_wconf 84' lang='lat' dir='ltr'><strong>pag.</strong></span> <span class='ocrx_word' id='word_1_290' title='bbox 1813 3286 1941 3357; x_wconf 67' lang='lat'><strong>7643</strong></span> <span class='ocrx_word' id='word_1_291' title='bbox 1981 3299 2025 3337; x_wconf 86' lang='lat' dir='ltr'><strong>et</strong></span> <span class='ocrx_word' id='word_1_292' title='bbox 2061 3287 2197 3355; x_wconf 86' lang='lat' dir='ltr'><strong>Greg.</strong></span> <span class='ocrx_word' id='word_1_293' title='bbox 2237 3288 2310 3338; x_wconf 89' lang='lat' dir='ltr'><strong>De</strong></span> <span class='ocrx_word' id='word_1_294' title='bbox 2343 3289 2436 3338; x_wconf 86' lang='lat' dir='ltr'><strong>Va·</strong></span> <span class='ocrx_word' id='word_1_295' title='bbox 2497 3317 2502 3362; x_wconf 56' lang='lat'><strong>⁴.</strong></span> 
     </span>
     <span class='ocr_line' id='line_1_31' title="bbox 296 3370 2502 3446; baseline -0.005 -16"><span class='ocrx_word' id='word_1_296' title='bbox 296 3383 436 3442; x_wconf 76' lang='lat' dir='ltr'><strong>trioe,</strong></span> <span class='ocrx_word' id='word_1_297' title='bbox 475 3397 572 3445; x_wconf 80' lang='lat' dir='ltr'><strong>qua</strong></span> <span class='ocrx_word' id='word_1_298' title='bbox 606 3379 993 3446; x_wconf 75' lang='lat' dir='ltr'><strong>supernaturalis</strong></span> <span class='ocrx_word' id='word_1_299' title='bbox 1027 3380 1206 3426; x_wconf 68' lang='lat' dir='ltr'><strong>veritas</strong></span> <span class='ocrx_word' id='word_1_300' title='bbox 1234 3394 1324 3443; x_wconf 81' lang='lat' dir='ltr'><strong>per</strong></span> <span class='ocrx_word' id='word_1_301' title='bbox 1406 3378 1550 3425; x_wconf 86' lang='lat' dir='ltr'><strong>lentia</strong></span> <span class='ocrx_word' id='word_1_302' title='bbox 1572 3413 1584 3435; x_wconf 93' lang='lat'>,</span> <span class='ocrx_word' id='word_1_303' title='bbox 1631 3375 1803 3438; x_wconf 83' lang='lat' dir='ltr'><strong>disput.</strong></span> <span class='ocrx_word' id='word_1_304' title='bbox 1838 3389 1885 3430; x_wconf 90' lang='lat'><strong>1,</strong></span> <span class='ocrx_word' id='word_1_305' title='bbox 1910 3370 1990 3419; x_wconf 88' lang='lat' dir='ltr'><strong>De</strong></span> <span class='ocrx_word' id='word_1_306' title='bbox 2011 3371 2141 3435; x_wconf 81' lang='lat' dir='ltr'><strong>fide,</strong></span> <span class='ocrx_word' id='word_1_307' title='bbox 2181 3382 2345 3439; x_wconf 82' lang='lat' dir='ltr'><strong>quaest.</strong></span> <span class='ocrx_word' id='word_1_308' title='bbox 2380 3389 2396 3420; x_wconf 90' lang='grc' dir='ltr'><strong>ι</strong></span> <span class='ocrx_word' id='word_1_309' title='bbox 2422 3409 2435 3432; x_wconf 91' lang='grc'><em>,</em></span> <span class='ocrx_word' id='word_1_310' title='bbox 2495 3391 2502 3445; x_wconf 51' lang='lat'>3</span> 
     </span>
     <span class='ocr_line' id='line_1_32' title="bbox 296 3452 2502 3524; baseline -0.005 -11"><span class='ocrx_word' id='word_1_311' title='bbox 296 3465 552 3513; x_wconf 69' lang='lat' dir='ltr'><strong>essentiam</strong></span> <span class='ocrx_word' id='word_1_312' title='bbox 593 3463 803 3512; x_wconf 76' lang='lat' dir='ltr'><strong>videtur.</strong></span> <span class='ocrx_word' id='word_1_313' title='bbox 837 3461 987 3510; x_wconf 78' lang='lat' dir='ltr'><strong>Hanc</strong></span> <span class='ocrx_word' id='word_1_314' title='bbox 1023 3469 1185 3509; x_wconf 80' lang='lat' dir='ltr'><strong>autem</strong></span> <span class='ocrx_word' id='word_1_315' title='bbox 1203 3477 1318 3510; x_wconf 78' lang='lat' dir='ltr'><strong>con·</strong></span> <span class='ocrx_word' id='word_1_316' title='bbox 1405 3469 1578 3524; x_wconf 82' lang='lat' dir='ltr'><strong>puncto</strong></span> <span class='ocrx_word' id='word_1_317' title='bbox 1600 3455 1660 3519; x_wconf 74' lang='grc'><strong>4,</strong></span> <span class='ocrx_word' id='word_1_318' title='bbox 1694 3455 1799 3523; x_wconf 50' lang='lat' dir='ltr'><strong>§Q</strong></span> <span class='ocrx_word' id='word_1_319' title='bbox 1830 3472 1941 3520; x_wconf 85' lang='lat' dir='ltr'><strong>opp.</strong></span> <span class='ocrx_word' id='word_1_320' title='bbox 1964 3455 2071 3503; x_wconf 83' lang='lat' dir='ltr'><strong>edit.</strong></span> <span class='ocrx_word' id='word_1_321' title='bbox 2101 3453 2254 3520; x_wconf 85' lang='lat' dir='ltr'><strong>Lugd.</strong></span> <span class='ocrx_word' id='word_1_322' title='bbox 2282 3452 2437 3516; x_wconf 83' lang='lat'><strong>1603,</strong></span> <span class='ocrx_word' id='word_1_323' title='bbox 2497 3467 2502 3516; x_wconf 76' lang='lat' dir='ltr'>j</span> 
     </span>
     <span class='ocr_line' id='line_1_33' title="bbox 295 3534 2502 3614; baseline -0.005 -17"><span class='ocrx_word' id='word_1_324' title='bbox 295 3545 647 3614; x_wconf 75' lang='lat' dir='ltr'><strong>templationem</strong></span> <span class='ocrx_word' id='word_1_325' title='bbox 665 3562 764 3593; x_wconf 78' lang='lat' dir='ltr'><strong>non</strong></span> <span class='ocrx_word' id='word_1_326' title='bbox 785 3545 956 3594; x_wconf 75' lang='lat' dir='ltr'><strong>habuit</strong></span> <span class='ocrx_word' id='word_1_327' title='bbox 971 3543 1188 3609; x_wconf 73' lang='lat' dir='ltr'><strong>Anqelns</strong></span> <span class='ocrx_word' id='word_1_328' title='bbox 1208 3553 1320 3591; x_wconf 79' lang='lat' dir='ltr'><strong>ante</strong></span> <span class='ocrx_word' id='word_1_329' title='bbox 1404 3553 1519 3591; x_wconf 85' lang='lat' dir='ltr'><strong>tom.</strong></span> <span class='ocrx_word' id='word_1_330' title='bbox 1555 3557 1605 3588; x_wconf 91' lang='grc' dir='ltr'><strong>ιιι</strong></span> <span class='ocrx_word' id='word_1_331' title='bbox 1627 3577 1640 3600; x_wconf 94' lang='grc'>,</span> <span class='ocrx_word' id='word_1_332' title='bbox 1673 3557 1777 3605; x_wconf 84' lang='lat' dir='ltr'><strong>pag.</strong></span> <span class='ocrx_word' id='word_1_333' title='bbox 1804 3534 1872 3586; x_wconf 85' lang='lat'><strong>68</strong></span> <span class='ocrx_word' id='word_1_334' title='bbox 1900 3548 1945 3586; x_wconf 88' lang='lat' dir='ltr'><strong>et</strong></span> <span class='ocrx_word' id='word_1_335' title='bbox 1979 3554 2110 3604; x_wconf 82' lang='lat' dir='ltr'><strong>seqq.</strong></span> <span class='ocrx_word' id='word_1_336' title='bbox 2500 3534 2502 3536; x_wconf 59' lang='grc'>’</span> 
     </span>
     <span class='ocr_line' id='line_1_34' title="bbox 294 3620 2341 3694; baseline -0.005 -16"><span class='ocrx_word' id='word_1_337' title='bbox 294 3630 712 3694; x_wconf 76' lang='lat' dir='ltr'><strong>confirmationem</strong></span> <span class='ocrx_word' id='word_1_338' title='bbox 733 3664 749 3687; x_wconf 91' lang='lat'>‚</span> <span class='ocrx_word' id='word_1_339' title='bbox 788 3644 875 3676; x_wconf 77' lang='lat' dir='ltr'><strong>nec</strong></span> <span class='ocrx_word' id='word_1_340' title='bbox 903 3628 1040 3676; x_wconf 78' lang='lat' dir='ltr'><strong>homo</strong></span> <span class='ocrx_word' id='word_1_341' title='bbox 1067 3634 1180 3674; x_wconf 76' lang='lat' dir='ltr'><strong>ame</strong></span> <span class='ocrx_word' id='word_1_342' title='bbox 1198 3642 1316 3692; x_wconf 77' lang='lat' dir='ltr'><strong>pec·</strong></span> <span class='ocrx_word' id='word_1_343' title='bbox 1474 3620 1539 3685; x_wconf 89' lang='grc'><strong>(3)</strong></span> <span class='ocrx_word' id='word_1_344' title='bbox 1579 3621 1677 3671; x_wconf 80' lang='lat' dir='ltr'><strong>Cfr.</strong></span> <span class='ocrx_word' id='word_1_345' title='bbox 1702 3639 1838 3671; x_wconf 85' lang='lat' dir='ltr'><strong>num.</strong></span> <span class='ocrx_word' id='word_1_346' title='bbox 1866 3637 1900 3687; x_wconf 91' lang='lat'>9</span> <span class='ocrx_word' id='word_1_347' title='bbox 1927 3621 2068 3686; x_wconf 87' lang='lat' dir='ltr'><strong>hujus</strong></span> <span class='ocrx_word' id='word_1_348' title='bbox 2099 3620 2238 3684; x_wconf 84' lang='lat' dir='ltr'><strong>partis</strong></span> <span class='ocrx_word' id='word_1_349' title='bbox 2268 3635 2341 3667; x_wconf 90' lang='grc' dir='ltr'><strong>ιιι.</strong></span> 
     </span>
     <span class='ocr_line' id='line_1_35' title="bbox 292 3708 1318 3775; baseline -0.008 -13"><span class='ocrx_word' id='word_1_350' title='bbox 292 3723 492 3774; x_wconf 73' lang='lat' dir='ltr'><strong>catum5</strong></span> <span class='ocrx_word' id='word_1_351' title='bbox 532 3709 616 3759; x_wconf 76' lang='lat' dir='ltr'><strong>sed</strong></span> <span class='ocrx_word' id='word_1_352' title='bbox 648 3726 810 3759; x_wconf 79' lang='lat' dir='ltr'><strong>eorum</strong></span> <span class='ocrx_word' id='word_1_353' title='bbox 847 3708 1178 3775; x_wconf 74' lang='lat' dir='ltr'><strong>contemplatio</strong></span> <span class='ocrx_word' id='word_1_354' title='bbox 1215 3718 1318 3755; x_wconf 76' lang='lat' dir='ltr'><strong>erat</strong></span> 
     </span>
    </p>
   </div>
  </div>
 </body>
</html>
