2502 4134
294 154 408 213 100
891 178 1091 215 macr.
1140 180 1209 215 nn
1253 178 1401 217 touls
1444 181 1826 221 nummulum.

371 321 595 395 Quibus
624 322 957 382 >constitutis
982 369 996 393 ,
1030 322 1319 383 nonnulla
1351 324 1424 384 de
1455 328 1744 406 exegetica
1778 326 2100 387 Bibliorum
2130 348 2428 388 sacrorum

286 419 775 500 interpretatione
808 417 1096 497 subjicere
1134 418 1458 501 praestabit.

370 516 436 572 In
470 512 614 572 duos
649 513 897 596 proinde
923 514 1198 575 articulos
1231 526 1407 595 caput
1441 514 1552 576 hoc
1575 517 1995 601 dispertiemur
2022 523 2194 597 juxta
2227 517 2429 601 dupli-

285 629 415 668 cem
436 652 450 680 ‚
480 629 658 689 quam
685 610 1074 691 praemisimus
1096 655 1111 676 ,
1139 629 1438 672 sacrarum
1460 612 1898 694 Scripturarum
1922 612 2426 694 interpretationis

285 714 612 763 notionem,

1121 897 1513 950 ARTICULUS
1555 899 1601 951 I.

488 1072 580 1130 De
607 1092 924 1131 sacrarum
952 1075 1327 1130 Litterarum
1355 1075 1849 1151 interpretatione
1874 1074 2234 1153 dogmatica.

370 1318 505 1379 154.
554 1317 855 1400 Quidquid
910 1318 971 1375 in
1018 1317 1193 1376 sacris
1258 1317 1490 1376 Litteris
1549 1318 1886 1377 continetur
1918 1364 1933 1392 ,
1987 1319 2248 1401 profecto
2302 1320 2438 1380 fidei

282 1426 497 1476 nostrae
522 1414 818 1493 objectum
848 1423 936 1472 est
956 1457 974 1488 ,
1006 1412 1116 1471 hoc
1145 1413 1274 1495 ipso
1299 1411 1459 1495 quod
1484 1411 1766 1473 divinitus
1799 1413 1876 1473 sit
1903 1414 2276 1496 inspiratum.
2308 1418 2437 1490 Quo

282 1534 457 1573 sensu
492 1512 617 1594 ipsa
645 1511 954 1592 Scripturae
986 1530 1159 1568 saerae
1192 1509 1534 1585 existentia,
1571 1511 1659 1568 uti
1694 1509 2063 1570 ostendimus
2085 1555 2100 1584 ‚
2134 1510 2270 1570 fidei
2294 1511 2439 1570 arti—

281 1608 445 1667 culus
491 1619 578 1666 est
633 1607 705 1664 ab
750 1604 1026 1665 omnibus
1085 1605 1334 1663 omnino
1389 1604 1743 1664 credendus,
1809 1607 2027 1664 Verum
2080 1627 2215 1664 cum
2279 1628 2438 1666 sacra

280 1705 615 1786 Scriptura,
671 1724 743 1762 ex
793 1701 1000 1773 dictis3
1044 1700 1119 1759 sit
1158 1699 1356 1781 regula
1399 1700 1536 1760 fidei
1582 1700 1842 1783 partialis
1882 1712 1942 1760 et
1986 1701 2151 1777 som,
2208 1724 2277 1762 ex
2321 1725 2438 1785 quo

280 1800 554 1879 dogmata
590 1797 901 1880 peculiaria
926 1796 1065 1856 fidei
1092 1818 1304 1876 magna
1329 1795 1539 1856 saltem
1563 1818 1637 1857 ex
1662 1808 1832 1879 parte
1867 1796 2212 1859 derivantur
2235 1844 2251 1870 .,
2283 1798 2437 1858 diffi-

282 1895 469 1955 cultas
503 1895 675 1952 nobis
710 1895 898 1952 oritur
930 1892 1091 1951 haud
1120 1894 1325 1973 exigua
1364 1894 1426 1951 in
1468 1914 1646 1952 sensu
1690 1892 2022 1974 detegendo
2056 1905 2115 1954 et
2156 1893 2440 1954 determi-

279 1990 482 2050 nando
521 1990 752 2048 illorum
788 2000 1060 2048 textuum
1081 2034 1097 2064 ‚
1131 2009 1204 2047 ex
1236 2011 1352 2070 quo
1384 1989 1693 2071 peculiaris
1731 2011 1982 2072 quaeque
2020 1991 2236 2050 veritas
2258 2037 2274 2066 ,
2316 1992 2440 2050 sive

280 2086 355 2145 ad
397 2086 574 2146 fidem
611 2088 734 2146 sive
770 2084 846 2144 ad
882 2106 1075 2144 mores
1122 2086 1463 2167 pertinenS‚
1503 2085 1747 2166 pendet.
1791 2084 1973 2167 quue
2022 2085 2334 2167 multiplici
2366 2108 2440 2146 ex

280 2183 470 2265 capite
491 2227 507 2256 7
540 2183 624 2241 uti
662 2202 798 2241 mox
827 2181 1188 2242 ostendemis
1204 2225 1225 2253 ,
1262 2182 1566 2263 contingat
1594 2192 1849 2263 oportet.
1886 2185 2200 2265 Scripturae
2235 2183 2395 2243 enim
2417 2231 2433 2260 ,

279 2291 675 2362 praeterquam
710 2277 868 2360 quod
895 2278 956 2336 in
983 2277 1250 2358 pluribus
1287 2277 1549 2339 obscurae
1584 2291 1724 2338 sunt
1756 2300 1822 2338 ac
1851 2277 2102 2338 difficilis
2141 2281 2440 2363 interpre-

281 2375 521 2434 tationis
543 2419 557 2448 ‚
595 2375 871 2456 nuspiam
906 2394 1180 2454 expresse
1215 2372 1387 2433 nobis
1423 2374 1761 2456 symbolum
1797 2373 2082 2435 exhibent
2106 2387 2206 2436 aut
2236 2376 2438 2457 singu·-

280 2471 474 2530 larum
513 2470 835 2531 veritatum
872 2470 1198 2551 catalogum
1237 2469 1696 2532 credendarum.
1741 2472 1968 2532 Exinde
2002 2473 2297 2531 enascitur
2327 2493 2440 2532 ne-

282 2570 520 2629 cessitas
561 2567 801 2648 alicujus
826 2568 1168 2651 interpretis
1192 2567 1513 2628 infallibilis
1533 2614 1548 2644 ,
1578 2569 1823 2631 visibilis
1842 2615 1857 2644 ‚
1888 2569 2139 2630 viventis
2161 2614 2177 2643 ,
2204 2567 2441 2650 publica

282 2665 631 2723 auctoritate
662 2685 727 2723 ac
756 2663 1164 2743 jurisdictione
1198 2664 1509 2739 instructi,
1547 2667 1646 2746 qui
1677 2686 1801 2724 non
1835 2663 2027 2723 solum
2065 2663 2285 2747 absque
2316 2665 2438 2724 for-

283 2759 509 2819 midine
566 2762 777 2820 erroris
819 2781 928 2819 nos
973 2772 1162 2820 certos
1199 2781 1263 2818 ac
1310 2780 1540 2839 securos
1594 2772 1772 2842 queat
1814 2760 2040 2820 efficere
2080 2760 2154 2821 de
2196 2761 2437 2843 singulis

283 2855 632 2920 veritatibus
655 2857 717 2915 in
746 2878 812 2916 ea
841 2857 1143 2938 Scriptura
1173 2856 1466 2915 contentis
1487 2902 1502 2926 η
1542 2855 1644 2915 sed
1670 2856 1772 2938 qui
1798 2869 2078 2939 praeterea
2118 2880 2324 2919 omnes
2349 2880 2443 2919 co-

280 2974 418 3033 gere
451 2953 606 3035 potis
640 2953 716 3011 sit
747 2951 822 3010 ad
852 2973 946 3011 eas
981 2953 1229 3010 firmiter
1260 2950 1584 3012 credendas
1618 2953 2115 3037 profitendasque.
2144 2954 2438 3034 Ejusmodi

281 3069 460 3129 porro
494 3049 906 3131 interpretatio
945 3069 1010 3107 ea
1048 3048 1292 3107 demum
1326 3059 1449 3121 est‚
1483 3069 1660 3129 quam
1693 3048 2086 3128 dogmaticam
2124 3072 2438 3134 nuncupa-

288 3143 482 3202 vimus
506 3189 521 3218 ,
553 3166 849 3227 quamque
880 3167 912 3203 a
943 3142 1064 3202 sola
1105 3143 1356 3203 Ecclesia
1379 3143 1627 3225 proferri
1662 3166 1830 3225 posse
1868 3145 2281 3206 contendimus
2307 3190 2322 3221 ,
2357 3147 2439 3205 ita

291 3249 358 3296 ut
371 3282 395 3311 ,
419 3238 528 3298 hac
556 3238 785 3298 sublata
801 3286 816 3314 ,
844 3251 1042 3299 actum
1068 3262 1306 3321 prorsus
1330 3239 1402 3299 de
1425 3239 1540 3299 fide
1566 3240 1664 3298 sit.
1694 3242 1827 3300 Haec
1852 3253 2053 3301 autem
2078 3253 2143 3301 ut
2164 3262 2271 3323 per
2294 3263 2434 3325 par—

286 3342 373 3393 tes
397 3334 738 3397 evincamus
758 3381 773 3411 7
801 3336 1178 3418 insequentes
1211 3337 1525 3396 statuimus
1555 3337 1981 3418 propositiones
2012 3360 2024 3394 :
