2502 4134
2137 129 2217 190 75

422 164 581 202 PAR‘r.
626 163 690 199 11.
740 161 865 199 CAP.
912 160 976 199 11.
1021 159 1089 196 DE
1132 157 1308 197 mvm.
1352 156 1484 194 CAN.
1532 155 1672 194 uun.
1719 154 1921 192 INSPIR.

111 307 272 388 prius
300 302 374 364 ab
402 303 645 389 Ecclesia
673 302 940 362 certiores
967 300 1101 360 facti
1129 319 1384 360 essemus
1423 297 1498 356 de
1543 297 1742 360 divina
1767 295 2084 356 Bibliorum
2113 315 2219 352 au·-

113 401 378 460 ctoritate
394 445 410 474 ⁷
438 398 669 458 nullum
688 402 812 476 jam
834 395 1123 455 haberent
1151 393 1404 456 valorem
1430 393 1838 475 promissiones
1859 393 1996 473 ipsae
2022 390 2085 448 in
2105 388 2218 448 illis

111 506 401 555 contentae
416 539 432 568 ,
453 492 514 553 id
533 492 689 574 quod
708 514 778 552 ex
797 494 1049 552 Bibliois
1069 487 1438 550 societatibus
1462 488 1811 568 nuncupatis
1836 485 1985 545 clare
2002 484 2186 566 liquet
2201 529 2217 558 ,

110 610 273 670 ᾳυω,
318 589 593 670 quoniam
633 587 757 646 sine
794 587 1134 644 auctoritate
1176 605 1241 643 ac
1277 584 1401 642 sine
1444 582 1717 640 missione
1760 581 1918 662 apud
1954 578 2220 639 infideles

110 684 290 744 Biblia
332 683 706 756 diffundunt,
745 681 970 740 nullam
1010 680 1183 762 plane
1222 678 1398 737 fidem
1437 677 1752 737 inveniunt
1792 674 1905 755 (l).
2127 736 2132 742 ,

195 779 329 838 118.
383 778 470 838 Ad
511 778 617 851 3¹¹1,
665 779 821 837 Dz'st.
876 778 943 835 In
990 775 1193 834 ordine
1232 772 1460 834 essendi
1493 794 1594 831 seu
1634 769 1952 831 existentiae
1976 812 1993 843 ,
2031 789 2224 837 eonc.,·

111 875 173 933 in
218 873 421 933 ordine
470 870 888 952 cognoscendi,
938 893 1066 951 neq.
1111 869 1326 929 Eadem
1378 867 1662 949 siquidem
1713 884 1943 946 semper
1996 861 2227 923 oberrat

111 970 327 1030 chorda
378 957 838 1039 adversariorum
877 964 1328 1045 argumentandi
1369 963 1518 1021 ratio
1541 1008 1557 1037 ,
1600 962 1745 1021 dum
1784 960 1905 1020 haec
1939 958 2057 1017 duo
2091 980 2228 1040 per-

112 1066 381 1123 miscent.
409 1064 576 1121 Certe
601 1064 755 1119 Deus
777 1060 938 1141 prior
961 1070 1050 1117 est
1077 1058 1140 1116 in
1169 1056 1472 1130 existendo
1494 1077 1671 1136 quam
1703 1077 1810 1114 nos
1845 1066 1904 1114 et
1938 1053 2224 1128 mundus3

113 1170 375 1218 attamen
408 1178 552 1215 num
587 1176 693 1212 nos
726 1155 888 1235 prius
927 1174 1048 1211 non
1085 1151 1483 1231 cognoscimus
1521 1149 1910 1231 nosmetipsos
1951 1160 2012 1208 et
2054 1170 2229 1207 mun-

113 1253 251 1312 dum
289 1272 465 1332 quam
507 1248 740 1309 Deum?
783 1248 847 1307 ld
889 1246 1147 1328 profecto
1184 1244 1534 1320 adversarii,
1574 1243 1922 1326 quibuscum
1960 1244 2182 1324 agimus
2208 1290 2223 1319 .,

110 1347 387 1406 acerrime
412 1344 779 1404 contendunt
811 1355 871 1403 et
899 1354 1306 1426 propugnant,
1334 1353 1394 1401 et
1419 1342 1655 1423 quidem
1673 1386 1688 1414 ‚
1716 1352 1784 1400 ut
1816 1363 1921 1400 nos
1955 1341 2065 1422 ipsi
2091 1361 2231 1422 pro·

110 1442 346 1500 fitemur
366 1485 383 1514 ‚
422 1440 667 1512 merit03
707 1437 1188 1520 quandoquidem
1219 1459 1292 1496 ex
1323 1436 1532 1495 effectu
1555 1480 1572 1511 ‚
1608 1435 1930 1515 eujusmodi
1955 1447 2230 1495 creaturae

110 1546 280 1609 sunt,
341 1533 415 1593 ad
460 1555 691 1593 causam
720 1579 737 1609 .,
794 1517 1014 1615 nempe
1062 1535 1396 1592 Creatorem
1445 1533 1709 1591 omnium
1762 1532 2232 1613 cognoscendum

110 1629 479 1709 assurgimus.
519 1629 832 1689 Retineant
878 1650 1013 1708 ergo
1061 1627 1376 1688 adversarii
1424 1629 1845 1702 necessariam,
1893 1650 2072 1710 quam
2107 1628 2231 1710 ipsa

110 1723 475 1806 philosophia
513 1723 693 1783 tradit
719 1769 735 1799 .,
775 1723 1212 1783 distinctionem
1245 1723 1404 1783 inter
1440 1723 1713 1784 ordinem
1740 1726 2128 1804 ontoloqieum
2167 1746 2232 1784 ac

111 1818 375 1878 ordinem
389 1821 868 1899 psycholoyz'eum
885 1863 909 1892 ,
945 1831 1003 1878 et
1037 1830 1180 1878 tunc
1216 1819 1278 1877 in
1314 1840 1382 1878 eo
1401 1863 1417 1893 ‚
1456 1819 1612 1901 quod
1642 1841 1748 1878 nos
1778 1819 2188 1879 contendimus
2207 1863 2224 1894 .,

110 1913 196 1971 nil
223 1913 670 1996 deprehendent
688 1960 703 1986 ,
741 1915 898 1996 quod
925 1936 1059 1974 cum
1087 1915 1334 1974 veritate
1352 1960 1369 1990 a
1401 1915 1521 1975 sive
1558 1914 1737 1996 logica
1757 1916 1890 1989 ‘sive
1917 1915 2188 1974 historica
2208 1960 2224 1990 ⁷

114 2010 334 2091 optime
363 2032 483 2070 non
512 2011 817 2072 cohaereat.

199 2105 336 2163 119.
366 2105 451 2164 Ad
475 2105 582 2180 4¹¹¹,
608 2107 782 2187 Ney„
800 2129 870 2167 ex
893 2105 1084 2180 dictis,
1109 2106 1390 2184 ejusmodi
1408 2106 1691 2189 sequelas.
1709 2105 2051 2188 Symbolum
2071 2106 2229 2166 enim

115 2198 493 2277 apostolicum
534 2201 802 2260 ordinem
839 2203 1170 2283 geneticum
1205 2213 1265 2261 et
1295 2202 1639 2262 historicum
1668 2202 1907 2262 exhibet
1929 2247 1945 2277 .,
1986 2203 2235 2262 minime

115 2312 254 2352 vero
287 2294 554 2353 ordinem
592 2297 966 2377 cognitioniS‚
1000 2297 1073 2356 de
1103 2319 1219 2378 quo
1254 2297 1552 2379 loquimur
1568 2298 1684 2380 (2)
1731 2300 2005 2358 Ceterum
2037 2320 2143 2358 nos
2170 2310 2230 2358 et

181 2551 245 2614 (l)
285 2552 382 2600 Hac
413 2554 470 2602 de
503 2571 637 2602 causa
670 2556 882 2604 infideles
903 2593 915 2614 ‚
956 2555 1127 2622 quibus

112 2631 273 2681 biblici
307 2633 648 2699 Scripturarum
692 2654 924 2685 sacrarum
972 2655 1128 2686 exem-

113 2712 255 2772 plaria
289 2716 588 2781 dispensant,
620 2721 715 2767 imo
744 2719 1008 2767 obtrudunt
1027 2757 1040 2778 ,
1077 2737 1127 2767 ea

115 2794 403 2860 despiciunt,
446 2801 672 2860 irrident,
707 2803 1039 2850 commercium
1070 2801 1127 2850 de

118 2878 182 2924 eis
197 2878 373 2927 faciunt
388 2917 401 2938 ‚
424 2883 751 2930 communibus
767 2883 926 2931 usibus
944 2921 956 2943 ‚
976 2882 1129 2948 profa-

115 2959 186 3006 nis
202 2995 215 3018 ‚
239 2963 332 3009 imo
348 2964 559 3026 turpibus
576 2974 618 3012 et
639 2964 863 3013 obscoe'nis
882 2983 933 3013 ea
948 2967 1130 3029 impen-

118 3038 251 3089 dunt.
277 3042 373 3091 Csr.
403 3062 504 3109 quae
530 3048 795 3110 scripsimus
822 3049 871 3094 in
901 3058 1032 3096 tract.
1050 3046 1130 3095 De

118 3135 225 3169 vera
240 3123 372 3188 reliq.
391 3137 508 3190 part.
531 3144 584 3186 11,
604 3145 736 3192 prop.
760 3147 814 3188 x,
832 3139 867 3178 t.
886 3146 921 3187 1,
938 3147 987 3194 p.
1005 3125 1126 3176 316.

130 3222 132 3225 ’
186 3204 250 3267 (2)
290 3206 419 3255 Hanc
438 3210 582 3273 ipsam
612 3211 930 3260 difficultatem
950 3249 962 3271 ‚
986 3230 1128 3276 quam

119 3293 240 3346 urget
268 3285 445 3339 Baltzer
464 3329 477 3350 ‚
504 3297 601 3358 jam
637 3306 935 3359 proposuerat
963 3295 1127 3343 iisdem

118 3377 233 3423 pene
257 3369 402 3419 verbis
422 3376 628 3423 minister
651 3375 870 3425 Claudius
897 3377 1121 3425 calvinia-

118 3458 207 3490 nus
223 3443 467 3501 Boesuetio.
488 3455 558 3503 En
580 3446 764 3505 Claudii
785 3459 1094 3524 objectionem
1108 3495 1121 3519 ‚

116 3533 163 3571 et
188 3534 523 3590 responsionem
552 3538 774 3589 Bossuetii
795 3558 808 3590 ε
832 3544 915 3592 Μ.
939 3541 1124 3591 Claude

116 3620 236 3653 nous
250 3607 322 3655 die
335 3626 422 3673 que
433 3631 560 3678 pour
571 3623 806 3671 autori-ser
820 3622 866 3671 la
886 3623 1095 3672 methodo
1104 3658 1119 3686 ,

1199 2571 1300 2620 par
1335 2554 1534 2620 laquelle
1565 2571 1686 2603 nous
1719 2556 1736 2616 (
1763 2555 2079 2621 cathpliques)
2111 2558 2230 2620 pre·

1208 2637 1409 2686 tendons
1427 2646 1590 2686 mettre
1607 2637 1654 2685 la
1667 2638 1745 2703 sbi
1756 2638 1812 2686 de
1826 2622 2032 2703 I'E'ylise
2050 2655 2231 2686 comme

1209 2718 1249 2766 le
1272 2718 1550 2783 fondement
1583 2720 1640 2767 de
1664 2727 1766 2768 tout
1798 2719 1838 2767 le
1870 2728 2018 2779 reste,
2053 2719 2096 2767 il
2112 2720 2231 2784 fau-

1208 2800 1340 2848 drait
1366 2801 1487 2848 dam
1511 2800 1552 2848 le
1574 2800 1794 2865 Symbole
1824 2809 1988 2849 mettre
2009 2801 2054 2850 la
2077 2800 2154 2866 soi
2174 2801 2231 2847 de

1207 2881 1411 2946 I'Eylise
1439 2900 1618 2931 comme
1648 2883 1689 2932 le
1716 2883 2000 2949 fondement
2033 2882 2090 2930 de
2131 2890 2231 2930 tout

1210 2964 1255 3012 le
1283 2973 1441 3026 reste5
1472 2960 1511 3012 il
1533 2966 1759 3030 faudrait
1790 2966 1912 3013 dans
1944 2965 1985 3013 le
2012 2963 2231 3029 Symbole

1209 3049 1348 3095 avoir
1381 3034 1647 3096 commence
1683 3065 1783 3114 par
1819 3047 1923 3094 dire
1957 3065 1974 3094 .·
2010 3046 2072 3094 Je
2105 3048 2231 3094 crois

1212 3127 1446 3192 l’quise‚
1490 3146 1556 3177 au
1595 3129 1693 3177 lieu
1729 3130 1869 3194 qu’on
1903 3147 1936 3194 y
1968 3145 2232 3177 commence

1202 3227 1300 3276 par
1323 3211 1430 3258 dire
1465 3229 1482 3259 .·
1503 3208 1562 3259 Je
1592 3213 1716 3258 crois
1746 3228 1807 3259 en
1843 3211 1979 3259 Dieu
2008 3211 2049 3259 le
2073 3208 2226 3272 Pero,

1210 3304 1254 3343 et
1292 3312 1350 3343 en
1384 3294 1752 3357 Jews-Christ,
1793 3303 1838 3343 et
1872 3313 1939 3342 au
1962 3294 2231 3344 Saint-Es-

1201 3381 1323 3444 prit.
1366 3377 1436 3429 Et
1481 3379 1518 3426 il
1559 3396 1630 3427 ne>
1665 3396 1807 3445 sonqe
1850 3397 1942 3445 pas
1991 3397 2079 3444 que
2124 3379 2233 3426 c’est

1207 3458 1410 3525 I’quise
1445 3460 1708 3510 elle-meme
1739 3464 1826 3527 qui
1860 3478 1981 3510 nous
2015 3459 2233 3527 apprend

1207 3549 1306 3591 tout
1340 3543 1381 3591 le
1414 3541 1674 3608 Symbole,·
1714 3544 1827 3593 o’eat
1865 3560 1952 3592 sur
1982 3560 2037 3591 sa
2061 3541 2231 3609 parole

1207 3641 1298 3688 que
1317 3641 1438 3674 nous
1467 3626 1629 3674 disens
1660 3643 1677 3670 .·
1703 3625 1764 3675 Je
1790 3628 1914 3675 crois
1937 3642 1998 3673 en
2030 3622 2160 3674 Dieu
2188 3623 2229 3671 le
