2502 4134
273 89 390 151 354

904 104 1098 144 Tnac'r.
1146 107 1213 142 DE
1257 105 1407 144 mols
1458 106 1837 146 THEOLOGICIS.

356 265 457 326 34.
505 264 570 322 5⁰
608 263 771 321 Hanc
810 260 1150 319 absoluta-m
1187 258 1600 319 certitudinem
1636 283 1804 342 posse
1847 263 1910 322 in
1945 260 2233 346 aliquibus
2272 262 2397 323 dari

272 363 337 422 in
365 362 576 421 ordine
601 359 957 437 eoym’tionis
979 376 1078 415 seu
1099 355 1510 435 psycholoqiee
1527 353 1999 436 independenter
2033 379 2098 417 ac
2118 362 2398 439 praecise,

274 469 341 517 ut
385 452 596 514 scholae
644 450 936 513 vocabulis
977 462 1146 526 utar,
1182 453 1361 511 etiam
1401 447 1476 508 ab
1511 449 1635 532 ipsa
1675 450 1779 510 Dei
1812 453 2139 532 cognitione
2178 453 2402 536 Deique

273 549 621 618 veracitate,
661 547 930 630 quamvis
959 547 1023 605 in
1061 546 1272 605 ordine
1311 546 1543 605 essendi
1570 567 1669 606 seu
1709 549 2024 628 ontoloyico
2050 570 2081 607 a
2113 552 2234 610 Deo
2263 560 2399 609 ente

274 643 597 704 necessario
632 655 810 725 atque
845 631 1111 702 absoluto
1147 640 1343 699 omnia
1377 641 1533 700 entia
1567 642 1890 701 necessario
1919 642 2235 724 pendeant.
2273 646 2401 705 Hu-

267 760 447 799 mana
490 738 708 820 quippe
748 738 895 797 ratio
918 784 934 810 ,
976 738 1123 796 sicut
1161 736 1448 819 quidquid
1486 736 1646 796 aliud
1670 748 1760 797 est
1793 736 1941 798 entis
1974 738 2360 820 contingentis
2383 786 2398 815 ,

259 845 426 894 >certe
468 856 590 893 non
622 835 896 894 existeret
936 834 1282 914 ontoloyice,
1328 831 1440 891 nisi
1475 835 1629 892 Deus
1669 842 1852 907 esset3
1898 831 2037 909 sed,
2081 831 2223 892 dum
2253 855 2404 915 psy-

270 932 558 1012 choloyice
593 931 918 1010 cognoscit,
961 951 1078 988 non
1119 939 1314 1011 posset
1356 927 1450 988 vel
1485 930 1674 989 Deum
1718 929 1912 1012 ipsum
1952 939 2020 987 ut
2056 929 2405 990 existentem

272 1047 338 1086 ac
379 1048 648 1107 veracem
683 1037 841 1086 certo
875 1046 1217 1105 cognoscere
1251 1046 1315 1083 ac
1350 1035 1552 1084 tenere
1574 1071 1589 1100 ,
1625 1025 1741 1084 nisi
1766 1023 2031 1084 absoluta
2054 1024 2406 1086 certitudine

273 1143 398 1184 sese
428 1123 616 1205 ipsam
646 1123 894 1182 existere
926 1122 1099 1181 sciret
1129 1120 1243 1202 (l).

270 1233 275 1242 ·
355 1217 456 1277 35.
507 1219 572 1277 60
623 1220 856 1278 Nexum
911 1217 1080 1276 illum
1108 1262 1125 1291 .,
1191 1216 1265 1276 de
1326 1238 1442 1299 quo
1499 1226 1806 1299 tantopere
1870 1217 2415 1278 transcendentales

274 1333 470 1373 secum
511 1324 777 1389 certant,
824 1315 982 1372 inter
1018 1311 1346 1390 subjectum
1383 1324 1441 1372 et
1485 1311 1775 1390 objectum
1800 1358 1817 1387 ,
1861 1313 1923 1372 in
1968 1314 2089 1395 ipsa
2141 1313 2407 1373 sensibili

274 1429 340 1467 ac
365 1407 733 1489 intelligente
757 1406 1015 1467 hominis
1051 1418 1261 1466 natura
1293 1407 1562 1480 fundari,
1600 1407 2076 1490 quandoquidem
2111 1409 2404 1469 humanus

276 1503 505 1562 animus
538 1525 609 1563 ex
647 1502 896 1585 duplici,
935 1524 1113 1584 quem
1143 1501 1323 1562 habet
1347 1548 1362 1577 ,
1405 1502 1802 1582 cognitionum
1832 1502 2069 1579 ordine,
2110 1505 2407 1587 empyrico

275 1608 451 1681 atque
481 1596 687 1672 ideali,
714 1597 858 1658 dum
890 1599 1148 1680 seipsum
1170 1598 1351 1657 sentit
1372 1618 1437 1658 ac
1462 1598 1741 1680 percipit,
1766 1600 1833 1658 fit
1862 1600 2184 1659 necessario
2216 1612 2405 1660 certus

279 1860 474 1927 proinde
516 1858 773 1907 absolutam
813 1858 1139 1907 certitudinem
1176 1858 1292 1907 dari.

278 1942 389 1992 Esto
407 1944 532 1991 enim
548 1978 562 2002 ,
586 1940 711 2007 quod
726 1941 931 1988 hominis
949 1942 1065 1988 ratio
1086 1939 1301 1989 humana

282 2027 376 2085 sit,
414 2041 467 2072 ac
494 2022 688 2088 proinde
717 2021 946 2087 fallibilis
964 2057 980 2083 ,
1015 2040 1130 2070 num
1164 2039 1303 2089 prop-

281 2115 405 2155 terea
455 2105 525 2153 nil
563 2104 872 2153 infallibiliter
923 2098 1091 2169 poterit
1136 2121 1305 2168 cogno-

283 2205 406 2237 scere
419 2191 443 2236 ⁴?
461 2186 586 2235 Num
599 2223 613 2246 ‚
634 2196 683 2234 ut
705 2187 870 2252 loquar
887 2203 996 2234 cum
1014 2186 1076 2241 D.
1093 2186 1273 2234 Thoma
1286 2222 1301 2250 ,

281 2271 448 2318 divini
475 2268 676 2316 luminis
706 2269 1066 2333 impressionem
1099 2285 1194 2316 non
1221 2269 1306 2317 ha-

283 2349 398 2402 bet?
433 2351 492 2399 Et
530 2368 631 2418 quae
668 2351 769 2399 baec
803 2361 920 2401 esset
955 2353 1227 2417 impressio,
1268 2354 1304 2400 si

287 2433 359 2483 nil
384 2435 496 2483 certi
528 2431 739 2482 absolute
763 2444 913 2498 posset
944 2450 1214 2500 cognoscere
1229 2468 1244 2497 ,
1269 2436 1306 2482 si

287 2534 349 2566 ne
376 2515 566 2582 quidem
595 2533 643 2564 se
663 2519 854 2565 existere
872 2554 886 2574 ,
910 2533 958 2565 se
976 2518 1210 2582 percipere
1228 2515 1308 2565 ab·

290 2597 437 2645 solute
470 2596 561 2645 hac
594 2597 869 2645 certitudine
903 2599 1076 2645 sciret?
1111 2596 1183 2644 Ad
1208 2614 1306 2646 rem

291 2676 671 2726 Malebranchius
690 2715 703 2736 ,
735 2695 875 2744 quem
895 2679 1144 2726 adversarii
1167 2679 1309 2727 veluti

292 2768 452 2816 testem
477 2777 574 2808 non
606 2762 816 2827 rejicient
842 2776 856 2810 ε
888 2758 959 2808 De
990 2759 1038 2808 Ιὰ
1061 2760 1101 2808 il
1122 2769 1190 2809 est
1210 2762 1309 2809 evi-

294 2839 408 2888 dent
424 2840 543 2905 qu'il
565 2858 599 2906 y
627 2858 656 2888 a
674 2840 743 2890 du
762 2842 873 2891 urai
891 2849 935 2890 et
955 2841 1024 2889 du
1044 2841 1172 2906 faux
1178 2877 1305 2893 ......

293 2929 339 2969 et
372 2920 472 2969 cela
500 2922 531 2971 ὰ
558 2920 741 2987 l'eqard
769 2923 826 2972 de
852 2930 1001 2972 toules
1031 2923 1096 2971 les
1122 2924 1308 2974 intelli-

294 3019 477 3067 qences.
511 3003 619 3070 Que
651 3022 702 3053 ee
731 3007 820 3071 qui
849 3014 917 3054 est
944 3007 1055 3054 urai
1077 3006 1108 3055 ὰ
1133 3006 1312 3072 Ζ’ἑ9ανι1

298 3082 356 3131 de
399 3083 648 3147 l'lzomme,
695 3096 764 3135 est
807 3089 919 3136 vrai
959 3089 990 3137 ὰ
1029 3086 1211 3153 l'eqard
1254 3089 1311 3138 de

297 3162 473 3229 l'A‘nqe
502 3177 546 3216 et
581 3169 612 3216 ὰ
647 3168 824 3234 l’eqard
866 3169 924 3218 de
969 3170 1102 3218 Dieu
1139 3172 1307 3222 meme-⁷

308 3245 479 3294 Traite
508 3248 565 3296 de
594 3250 792 3308 morale,
814 3269 962 3317 prem.
986 3262 1102 3317 part.
1122 3268 1230 3316 pag.
1249 3252 1307 3316 5,

299 3325 436 3393 Lyon
473 3343 614 3396 1707.

373 3409 438 3473 (1)
476 3409 578 3457 Dei
607 3414 841 3462 veracitas
871 3423 915 3462 et
941 3415 1220 3478 existentia,
1259 3429 1310 3467 ut

279 3545 282 3548 ‚
305 3490 447 3555 probe
476 3491 665 3541 adnotat
692 3493 968 3557 Baldinotti,
1000 3498 1228 3562 verisona
1244 3508 1319 3547 est<

302 3579 348 3619 et
373 3588 520 3622 eausa
544 3590 682 3623 omne
702 3592 866 3626 verum
888 3578 1308 3645 comprehendens,

1385 1874 1484 1906 non
1498 1866 1567 1908 est
1581 1861 1872 1925 cognitionis
1887 1859 2114 1909 humanm
2130 1862 2409 1923 criterium,-

1387 1958 1467 2005 op.
1495 1944 1576 1990 cit.
1595 1960 1701 2008 pag.
1727 1941 1845 2008 214.
1866 1943 2110 2009 Duplicem
2135 1944 2264 1993 huuc
2283 1944 2411 1993 ordi-

1386 2040 1495 2071 nem
1509 2059 1523 2084 ,
1553 2022 1743 2072 essendi
1764 2042 1819 2074 ac
1838 2025 2177 2090 eoynooeendi,
2202 2028 2410 2092 apprime

1386 2123 1565 2171 semper
1612 2107 1864 2157 distinxere
1907 2108 2165 2157 scholastici
2216 2126 2399 2159 omnes.

1387 2187 1519 2237 Certe
1557 2191 1595 2237 si
1627 2191 1907 2254 principium
1943 2192 2315 2242 contradictionis
2348 2210 2402 2242 ac

1387 2270 1666 2319 evidentiam
1684 2289 1739 2320 ex
1755 2271 1839 2320 Dei
1859 2276 2100 2322 veracitate
2122 2274 2372 2340 probemus
2385 2313 2398 2335 ,

1389 2350 1624 2400 undenam
1653 2361 1935 2414 statuemus,
1972 2354 2121 2404 Deum
2149 2373 2246 2405 esse
2274 2373 2402 2406 vera-

1390 2429 1528 2481 cem?
1556 2434 1630 2481 An
1645 2437 1754 2501 quia
1770 2426 2004 2486 evidenter
2027 2439 2299 2503 percipimus
2319 2438 2403 2487 ab·

1390 2512 1587 2563 solutam
1615 2515 1813 2582 oppositi
1840 2517 2290 2583 impossibilitatem?
2321 2522 2402 2570 At·-

1392 2598 1473 2662 qui
1502 2598 1579 2646 hic
1602 2609 1719 2648 esset
1745 2599 1965 2648 diallelus
1992 2601 2070 2651 ille
2097 2619 2178 2652 seu
2202 2603 2402 2652 circulus

1390 2674 1612 2737 vitiosus,
1642 2679 1693 2725 in
1717 2696 1856 2744 quem
1878 2679 2141 2730 Gassendus
2157 2719 2171 2742 ‚
2202 2682 2399 2749 aliique,

1391 2774 1445 2806 ac
1476 2761 1708 2808 recentius
1742 2763 1882 2811 etiam
1926 2763 2074 2812 Biihle
2094 2801 2107 2823 ,
2146 2763 2400 2813 Cartesium

1389 2840 1606 2889 incidisse
1631 2844 1991 2895 contendebant.
2013 2844 2287 2911 Quanquam
2309 2844 2397 2893 im-

1392 2924 1557 2971 merito
1577 2923 1626 2970 id
1646 2925 1964 2989 opponebatur
1978 2925 2209 2986 Cartesio,
2229 2930 2406 2993 quippe

1388 3006 1473 3071 ¹qui
1505 3022 1748 3071 nunquam
1787 3007 2114 3057 certitudinem
2152 3011 2400 3058 existentiae

1393 3105 1515 3147 suae,
1546 3105 1600 3136 ac
1631 3089 1895 3140 intuitivam
1929 3090 2206 3139 evidentiam
2231 3109 2285 3139 ex
2317 3092 2403 3142 Dei

1393 3171 1637 3219 veracitate
1663 3170 1951 3237 probandam
1982 3171 2144 3232 duxit,
2167 3172 2223 3220 ab
2256 3190 2404 3240 eaque

1394 3269 1490 3301 sese
1530 3253 1815 3300 accusatione
1858 3252 2066 3301 defendit
2104 3255 2154 3301 in
2194 3253 2404 3320 Repente

1394 3349 1495 3382 aux
1522 3333 1740 3382 secondes
1769 3333 2042 3399 objections.
2073 3334 2166 3384 Cfr.
2194 3355 2294 3403 quae
2316 3338 2404 3387 hac

1394 3415 1451 3466 de
1485 3433 1534 3465 re
1564 3415 1703 3465 habet
1736 3416 1912 3480 egregie
1945 3415 2217 3482 Galluppius
2236 3454 2251 3478 ,
2278 3416 2404 3485 Say-

1389 3499 1498 3562 qio‚
1531 3509 1618 3548 etc.
1643 3508 1758 3548 tom.
1788 3516 1834 3559 ι,
1866 3517 1970 3564 pag.
2000 3499 2090 3549 331
2122 3510 2283 3568 etseq.
