2502 4134
2129 95 2247 154 589

174 282 381 333 VERSIO
414 282 626 331 LATINA
657 282 962 340 LOCORUM,
996 282 1134 341 QUAE
1167 282 1245 329 Ex
1276 281 1689 330 SCRIPTORIBUS
1722 281 1935 340 lTALlS,
1970 281 2200 330 ITALicE

443 379 447 383 ⁶
743 386 804 432 IN
838 384 955 433 Hoc
985 384 1289 432 VOLUMINE
1319 384 1627 432 CITANTUR.

187 556 290 608 Pag.
307 556 400 595 177.
420 555 479 595 Ex
491 555 529 596 J.
542 556 668 596 Bern.
683 556 746 596 De
758 554 886 596 Rossi
903 564 1047 608 opere,
1067 552 1184 608 quod
1201 552 1482 596 inscribitur:
1498 553 1784 598 Introduelio
1802 554 1863 598 ad
1876 557 1925 599 S.
1941 542 2228 610 scripturam
2241 588 2255 605 .

138 625 301 665 Parmae
328 623 462 673 1817,
487 621 510 676 5
538 622 605 663 78.

191 744 442 799 optandum
457 747 525 787 est
539 743 674 797 igitur
694 745 739 785 et
756 742 1034 785 vehementer
1052 745 1257 797 optamus
1282 741 1339 784 ad
1358 741 1490 785 decus
1519 745 1565 785 et
1591 741 1865 797 splendorem
1888 743 2131 798 religionis,
2149 747 2259 801 quin

139 814 183 853 et
210 810 349 865 ipsius
371 811 553 866 vulgatae
572 843 584 861 ,
610 815 660 852 ut
681 822 704 852 e
722 809 885 852 futuris
918 809 1200 853 Pontificibus
1225 822 1338 861 unus
1366 810 1678 853 accuratiorem
1699 810 1825 853 nohis
1859 814 1904 853 et
1922 812 2260 858 emendatiorem

139 882 181 922 S.
210 880 441 935 Scripturae
470 879 704 922 editionem
735 877 894 929 donet,
930 891 1019 932 qua
1048 877 1233 920 duorum
1261 877 1622 932 praedecessorum
1652 890 1832 920 suorum
1858 879 2115 923 beneficium
2142 894 2262 924 com-

137 947 256 1002 pleat
281 958 331 990 ac
358 947 570 1002 perficiat.
598 950 736 998 Quam
763 948 923 988 mirum
953 947 1000 988 in
1017 946 1193 989 modum
1217 945 1363 1000 gloriae
1387 958 1488 998 suae,
1506 944 1554 988 id
1578 945 1844 1000 'praestando‚
1873 947 2148 991 consuleret!

193 1072 294 1124 Pag.
323 1070 419 1112 185.
449 1072 510 1111 Ex
539 1068 634 1112 eod.
666 1080 798 1123 opere
824 1068 908 1111 loc.
937 1067 1012 1112 cit.

193 1189 374 1244 (Critici
401 1190 478 1245 qui
506 1189 559 1233 de
585 1160 782 1253 editione
810 1189 1080 1232 clementina
1109 1187 1411 1243 scripserunt)
1441 1187 1650 1231 lectiones
1682 1186 1888 1230 editionis
1920 1188 2094 1233 sixtinae
2122 1189 2265 1244 pluri-

140 1269 234 1300 mas
246 1292 259 1310 ,
289 1257 552 1302 lectionibus
571 1258 775 1300 editionis
791 1257 1073 1301 Clementinae
1093 1256 1399 1300 anteferendas
1412 1256 1733 1312 Judicaverunt.
1748 1258 1835 1299 Nos
1853 1256 1938 1312 ipsi
1956 1257 2088 1313 hujus
2108 1257 2267 1314 judicii

142 1329 398 1380 argumenta
427 1324 629 1369 dedimus
655 1326 702 1367 in
729 1325 816 1369 alio
844 1336 991 1381 opere.
1080 1320 1084 1331 ’

194 1450 296 1502 Peg.
316 1448 415 1489 258.
442 1450 504 1489 Ex
531 1447 658 1489 Gard-
689 1447 945 1491 Pallavicini
971 1447 1095 1492 Hist.
1123 1445 1318 1491 concilii
1346 1445 1633 1499 Tridentini,
1656 1445 1734 1489 lib.
1763 1449 1846 1500 vl,
1877 1458 1971 1502 cap.
2003 1433 2096 1499 14„
2113 1459 2158 1490 n.
2183 1450 2240 1490 2:

194 1570 268 1611 11ae
296 1568 559 1622 objectiones
573 1578 804 1608 numerum
822 1564 1129 1620 suffragiorum
1148 1576 1235 1607 non
1254 1565 1602 1620 imminuerunt&
1617 1566 1695 1609 sed
1708 1579 1732 1609 e
1751 1571 1904 1610 contra
1917 1599 1928 1616 ,
1951 1568 2068 1622 quod
2087 1569 2272 1624 primam

140 1635 298 1678 attinet
312 1666 323 1686 ‚
340 1634 669 1678 considerarunt
683 1636 834 1675 Patres
848 1633 895 1674 in
908 1633 991 1675 hoc
1005 1632 1178 1675 decreto
1193 1631 1453 1673 traditiones
1469 1632 1673 1687 conjungi
1694 1645 1791 1675 cum
1808 1635 2044 1688 scripturis
2058 1665 2072 1686 ,
2102 1639 2152 1677 ut
2171 1636 2275 1691 ipsae

144 1702 275 1745 simul
312 1715 410 1745 cum
442 1701 680 1756 Scripturis
710 1700 1062 1754 intelligerentur
1094 1711 1188 1742 esse
1225 1698 1327 1741 fidei
1362 1697 1675 1750 fundamenta,
1707 1703 1752 1741 et
1784 1712 1864 1753 per
1900 1713 2167 1763 consequens
2196 1703 2276 1747 Dei

145 1771 482 1814 revelationeS...
510 1772 572 1812 Ec
595 1781 693 1824 cap.
723 1769 800 1819 18,
822 1780 870 1811 η.
893 1770 917 1808 7
934 1781 948 1810 :
977 1770 1072 1809 Duo
1100 1766 1185 1809 sibi
1213 1766 1442 1821 proposuit
1469 1766 1701 1809 concilium
1731 1766 1895 1810 edendo
1926 1769 2008 1811 hoc
2028 1769 2273 1814 decretum:

144 1852 309 1890 unum,
343 1837 564 1881 declarare
597 1850 683 1879 non
718 1836 835 1879 solas
868 1838 912 1879 S.
947 1836 1197 1890 Scripturas
1234 1846 1330 1876 esse
1374 1833 1475 1877 fidei
1508 1833 1872 1886 fundamentum,
1907 1837 2275 1891 quemadmodum

145 1908 407 1950 recentiores
437 1906 630 1949 haeretici
663 1903 1012 1956 contendebant,
1041 1903 1118 1946 sed
1142 1903 1274 1946 etiam
1302 1902 1585 1954 traditiones,
1605 1915 1630 1944 a
1647 1903 1811 1957 quibus
1830 1903 2069 1948 ultimatim
2089 1906 2274 1961 pendet,

146 1978 197 2017 ut
224 1975 276 2018 de
305 1976 502 2030 ipsarum
531 1974 852 2029 seripturarum
877 1972 1075 2028 legitima
1102 1972 1365 2015 auctoritate
1393 1971 1600 2015 certiores
1624 1970 1720 2016 fieri
1748 1971 2014 2027 possimus...

201 2100 304 2152 Pag.
333 2099 428 2140 511.
450 2100 510 2140 Ex
536 2096 733 2152 Aringhii
761 2100 905 2141 Roma
933 2094 1240 2140 subterranea.

204 2219 378 2261 Primus
415 2220 598 2273 (Romae
641 2218 968 2273 subterraneae)
1000 2221 1152 2261 auctor
1186 2217 1429 2272 (Rosius),
1466 2229 1545 2260 nec
1580 2228 1665 2259 non
1698 2218 1776 2272 qui
1807 2217 1922 2261 idem
1958 2230 2066 2274 opus
2097 2219 2304 2274 perfecit·

151 2288 433 2342 (severam),
462 2287 615 2330 laudes
649 2287 858 2329 maximas
876 2289 1136 2329 consecutus
1167 2288 1262 2337 est,
1299 2285 1512 2340 praecipue
1547 2285 1592 2327 in
1625 2286 1876 2339 regionibus
1907 2286 2274 2340 ultramontanis,

151 2356 228 2398 ubi
255 2355 372 2398 docti
400 2356 565 2410 quique
593 2355 849 2398 curiositate
879 2355 1018 2406 moti,
1045 2353 1170 2398 avide
1190 2354 1353 2408 scripta
1372 2354 1466 2408 ejus
1489 2353 1834 2408 perlustrarunt,
1854 2359 1905 2396 ut
1924 2354 1968 2396 in
1986 2354 2141 2397 iisdem
2162 2356 2275 2399 ritus

152 2424 368 2466 nascentis
396 2423 617 2473 Ecclesiae,
649 2423 818 2465 cultum
848 2435 1071 2465 sacrarum
1097 2421 1362 2476 imaginum,
1386 2421 1614 2475 antiquam
1638 2421 1963 2465 venerationem
1981 2435 2085 2477 erga
2104 2426 2281 2466 sancto-

155 2503 250 2532 rum
280 2491 520 2546 reliquias,
553 2491 738 2545 probata
765 2490 1025 2545 reperirent.
1054 2492 1155 2541 Quae
1182 2501 1319 2544 quum
1359 2488 1550 2532 haeretici
1577 2488 1778 2531 nonnulli
1807 2489 2043 2543 legissent,
2081 2491 2283 2547 abjurata

154 2559 333 2613 lucrosi,
361 2572 509 2621 veram
538 2559 667 2604 fldem
697 2561 883 2616 amplexi
910 2563 1017 2604 sunt
1043 2563 1088 2603 et
1113 2560 1159 2602 in
1187 2560 1331 2602 sinum
1360 2559 1562 2602 Ecclesiae
1589 2550 1754 2614 rec'epti
1785 2558 1982 2602 fuerunt.

208 2689 312 2740 Pag.
339 2687 434 2728 516.
450 2689 511 2728 Ex
536 2689 594 2729 Μ.
622 2686 783 2729 Maffeii
812 2689 987 2733 Verona
1013 2685 1270 2737 illustrata,
1301 2686 1416 2740 part.
1438 2686 1520 2734 111,
1549 2695 1641 2739 cap.
1663 2684 1712 2735 5,
1742 2696 1785 2738 p.
1813 2685 1909 2726 107.
1929 2686 2102 2727 Veronae
2123 2687 2248 2727 1752.

209 2809 386 2852 Memini
415 2821 483 2851 me
512 2809 667 2864 saepius
697 2810 948 2860 observasse
977 2810 1022 2851 in
1055 2812 1211 2851 Musaeo
1241 2808 1386 2861 magni
1414 2807 1548 2849 Ducis
1575 2806 1879 2861 (Florentini)
1907 2807 2127 2850 lucernam
2159 2809 2276 2851 anti-

158 2890 290 2932 quam
318 2890 367 2920 ex
402 2877 580 2920 metallo
605 2878 836 2920 conflatam
864 2890 914 2921 ea
943 2880 1094 2928 aetate,
1127 2889 1215 2932 qua
1245 2879 1361 2919 artes
1386 2874 1658 2930 pulchrIores
1678 2874 1870 2918 nondum
1890 2875 2018 2930 plane
2038 2876 2278 2930 perierant;

159 2944 342 2987 formam
370 2945 534 2999 navigii
561 2945 760 2997 exhibet,
789 2946 835 2987 in
865 2947 988 3002 quus
1016 2957 1146 3000 prora
1176 2947 1267 2987 stat
1284 2945 1337 2987 'S.
1362 2942 1526 2986 Paulus
1555 2941 1814 2997 praedicans,
1845 2942 1950 2984 dum
1976 2945 2018 2985 S.
2043 2946 2200 2986 Petrus
2226 2943 2283 2987 ad

163 3014 342 3068 puppim
367 3013 522 3057 sedens
549 3014 892 3069 gubernaculum
923 3015 1048 3069 regit.
1074 3017 1165 3056 Hoc
1189 3015 1521 3055 monumentum
1550 3009 1676 3054 libris
1700 3010 1811 3066 ipsis
1839 3011 2116 3066 eloquentius
2145 3015 2227 3055 est.

219 3137 321 3196 Pag.
344 3138 443 3179 ¹559.
473 3140 534 3179 Ex
562 3136 629 3179 cl.
654 3137 858 3193 Galluppi
888 3136 1150 3182 Tentamine
1179 3135 1232 3179 dc
1262 3122 1571 3190 manitionem
1598 3135 1871 3196 nostrarum.
1882 3112 2063 3189 judicio
2091 3133 2250 3194 critico
2268 3166 2280 3187 ,

166 3205 197 3243 t.
227 3204 276 3253 1,
306 3214 347 3257 p.
377 3207 452 3257 17,
481 3205 661 3260 Neapoli
687 3206 808 3247 1819.

222 3323 315 3365 Nisi
344 3323 603 3368 conscientia
633 3339 764 3381 quam
793 3325 930 3369 habeo
958 3324 1355 3375 modificationem,
1388 3333 1481 3377 quae
1507 3322 1551 3364 in
1580 3333 1649 3365 me
1677 3321 1808 3374 fiunt,
1841 3322 1966 3365 unita
1994 3321 2105 3366 foret
2136 3325 2282 3366 sensui

168 3391 488 3445 (sentimento)
504 3394 736 3438 existentiae
764 3407 864 3437 meae
879 3427 890 3446 ‚
920 3406 1145 3448 nunquam
1162 3394 1280 3436 certo
1296 3403 1550 3446 cognoscere
1570 3401 1758 3446 possem,
1784 3388 1845 3442 id,
1867 3390 1984 3446 quod
2003 3391 2106 3434 mihi
2129 3389 2284 3434 accidit

169 3458 263 3501 heri
279 3490 290 3510 ,
321 3460 519 3502 mihimet
534 3460 618 3515 ipsi
645 3463 865 3506 accidisse.
885 3464 1014 3504 Certo
1029 3474 1115 3503 non
1136 3473 1307 3516 possem
1329 3459 1520 3510 credere,
1542 3470 1610 3502 me
1631 3458 1830 3501 eumdem
1850 3470 1957 3511 esse,
1980 3459 2081 3501 dum
2102 3472 2283 3515 percep-

169 3526 311 3569 tiones
337 3539 466 3580 meae,
493 3528 775 3583 cogitationes
792 3563 806 3585 ‚
835 3529 1171 3583 modificationes
1198 3528 1570 3584 multiplicantur,
1606 3529 1799 3579 cessant,
1829 3531 1873 3570 et
1896 3527 2097 3570 continuo
2123 3527 2282 3571 iterum

172 3594 408 3640 succedunt
426 3596 518 3640 aliae
541 3596 651 3640 aliis.
