2502 4134
345 177 504 212 mur.
552 175 640 211 111.
691 171 841 211 snc‘r.
888 175 929 209 1.
978 173 1101 210 cu.
1137 174 1179 209 1.
1230 172 1298 211 »Ε
1339 172 1463 210 ΜΤ.
1509 171 1637 212 ΑΜ.
1688 173 1797 210 rm.
1849 172 2026 211 spec-r.
2094 146 2226 210 ‘347'

120 304 314 378 monio
341 317 524 399 posita
548 316 650 391 sit,
678 314 999 375 absolutam
1024 337 1089 375 ac
1111 316 1564 398 metaphysicam
1586 316 1992 377 certitudinem
2016 337 2220 397 parere

117 434 222 494 per
258 433 318 471 se
346 422 528 493 patet.
574 412 646 469 At
678 411 724 469 si
762 411 835 469 de
869 410 1174 469 hominum
1213 411 1547 470 testimonio
1577 412 1720 470 circa
1758 409 2047 483 sensibilia
2073 410 2219 468 facta

116 506 191 565 sit
229 527 453 580 serm0,
499 505 645 564 illud
690 516 842 565 certe
889 527 994 585 per
1036 527 1097 565 se
1149 506 1330 565 errori
1369 504 1690 564 obnoxium
1732 527 1854 565 esse
1892 526 2058 587 posse
2089 505 2237 586 quis-2

116 602 331 680 neget?
365 603 636 660 Attamen
675 601 784 660 hoc
811 602 1003 683 ipsum
1036 600 1443 660 testimonium
1477 599 1620 659 adeo
1656 600 1999 682 plerumque
2026 599 2218 659 omni-

116 695 224 755 bus
258 698 564 778 spectatiS.
607 718 671 755 ac
711 697 1030 778 praesertim
1069 696 1116 754 si
1156 694 1418 776 pluribus
1460 693 1705 753 testibus
1744 695 2064 770 confletur,
2096 695 2220 754 ine-

116 791 391 851 luctabile
420 791 644 861 evadit„
683 803 748 850 ut
785 793 1016 850 firmam
1043 790 1202 850 illam
1230 811 1296 856 ac
1327 788 1730 849 rationabilem
1767 789 1840 849 de
1868 792 2112 850 veritate
2134 791 2237 850 rei

119 886 359 964 cognitae
394 886 825 967 persuasionem
845 931 860 959 .,
905 886 1198 968 propriam
1233 884 1449 944 scilicet
1473 905 1788 965 veramque
1812 884 2225 945 certitudinem

119 1001 321 1062 parere
345 982 524 1061 possit
549 1002 613 1040 ac
649 979 876 1040 debeat.
910 982 989 1039 Ex
1016 1002 1130 1038 una
1161 980 1379 1040 etenim
1414 989 1579 1061 parte
1611 977 1844 1059 probari
1870 979 2220 1061 plerumque

118 1086 312 1156 potest
341 1075 580 1134 testium
616 1078 866 1134 scientia
892 1074 985 1136 vel
1017 1075 1264 1154 cognitio
1297 1073 1466 1149 facti,
1506 1094 1633 1155 quae
1667 1073 1948 1132 nimirum
1982 1074 2222 1133 certitu-

120 1167 257 1228 dine
284 1169 516 1250 physica
542 1170 784 1243 nititur,
817 1190 1061 1251 quaeque
1095 1170 1522 1229 connexionem
1553 1168 1952 1227 testimonium
1984 1168 2137 1228 inter
2163 1178 2226 1229 et

119 1263 333 1322 factum
377 1263 691 1323 certissime
729 1264 1016 1337 ostenditx,
1064 1285 1135 1323 ex
1178 1263 1360 1323 altera
1407 1284 1544 1323 vero
1594 1274 1761 1345 parte
1796 1263 2040 1323 firmiter
2080 1262 2234 1324 adeo>

122 1368 314 1438 potest
357 1356 590 1438 probari
630 1378 832 1417 eorum
874 1358 1153 1419 veracitas
1174 1404 1190 1433 ,
1230 1370 1298 1417 ut
1336 1357 1640 1419 evidenter
1675 1367 1936 1432 constet,
1982 1379 2077 1417 eos
2111 1357 2223 1417 illis

118 1451 181 1509 in
221 1450 507 1528 adjunctis
537 1473 656 1511 non
690 1452 867 1512 modo
897 1474 1016 1511 non
1055 1474 1180 1513 esse
1205 1454 1517 1527 mentum,
1560 1451 1662 1513 sed
1688 1473 1796 1512 nec
1818 1452 2073 1534 potuisse
2093 1451 2249 1535 qui--

117 1543 252 1604 dem
282 1555 414 1604 actu
443 1547 702 1607 mentiri.
741 1547 806 1607 Id
828 1569 1083 1629 namque
1111 1549 1158 1607 si
1188 1548 1315 1630 quis
1343 1569 1555 1631 negare
1577 1559 1677 1607 aut
1697 1548 1759 1606 in
1782 1546 2026 1606 dubium
2049 1568 2236 1608 revo-

117 1659 246 1699 care
280 1649 420 1700 tunc
456 1640 635 1716 velit,
670 1663 738 1703 eo
773 1642 1046 1704 deveniat
1087 1654 1351 1725 oportet,
1386 1655 1453 1702 ut
1496 1643 1766 1704 effectum
1810 1643 2055 1704 omnino
2101 1641 2241 1701 sine*

117 1755 283 1794 causa
328 1735 455 1795 dari
503 1757 672 1818 posse
724 1749 973 1813 asserat,
1027 1759 1092 1798 ac
1144 1739 1498 1820 principium
1541 1738 1789 1821 proinde
1835 1736 2243 1820 metaphysice:

117 1841 341 1890 certum
376 1832 663 1891 inficietur
697 1833 808 1913 (1).

197 1924 298 1983 26.
342 1926 477 1984 Haec
503 1926 675 2005 igitur
702 1928 979 1987 veracitas
1004 1928 1065 1986 in
1098 1929 1166 1986 iis
1206 1928 1485 1987 fundatur
1520 1926 1778 2009 legibuS‚
1819 1949 1949 2010 quae
1992 1938 2234 1990 naturae·

117 2018 422 2078 hominum
473 2021 680 2081 morali
724 2021 842 2082 alte
886 2022 1179 2098 insident,
1216 2045 1476 2105 quasque
1525 2023 2019 2083 constantissimas
2065 2042 2240 2096 esse,

121 2133 192 2172 ex
223 2125 505 2195 perpetua
536 2117 800 2176 omnium
833 2128 1070 2177 aetatum
1099 2139 1164 2177 ac
1202 2118 1461 2179 locorum
1496 2119 1641 2179 circa
1679 2140 1869 2179 mores
1905 2115 2231 2198 agendique

120 2207 404 2267 rationem
426 2209 731 2270 hominum
755 2212 1161 2274 observatione
1183 2226 1272 2273 est
1294 2215 1747 2296 apertissimum.
1769 2215 1918 2275 Hinc
1940 2211 2229 2273 certitudo

122 2305 370 2361 moralis
403 2316 672 2380 vocatur,
715 2327 843 2387 quae
882 2307 1118 2388 quidem
1161 2309 1223 2366 in
1258 2308 1516 2367 humana
1560 2311 1679 2368 vita
1714 2308 1992 2367 latissime
2025 2317 2226 2387 patet,

125 2418 257 2457 cum
282 2420 403 2457 non
426 2399 567 2458 fides
593 2400 767 2459 modo
788 2403 978 2462 omnis
1003 2403 1267 2461 historica
1283 2448 1299 2478 ,
1326 2404 1431 2463 sed
1460 2404 1714 2463 scientiae
1742 2402 1987 2485 politicae
2007 2446 2023 2477 ,
2059 2400 2227 2480 legis-

124 2492 354 2572 lativae,
396 2494 735 2573 judicialeS‚
778 2499 1180 2573 oeconomicae,
1218 2497 1431 2580 quibus
1460 2498 1716 2558 humana
1749 2500 1986 2558 societas
2018 2495 2232 2577 guber-

122 2599 298 2647 natur
319 2634 335 2664 7
375 2611 544 2648 suum
578 2591 639 2648 in
668 2593 791 2673 ipsa
819 2591 1073 2652 habeant
1098 2594 1569 2654 fundamentum.
1595 2596 1864 2653 Humana
1892 2593 2067 2675 igitur
2089 2611 2220 2650 auc·

121 2683 357 2758 toritaS‚
394 2684 527 2744 licet
566 2706 718 2769 saepe
753 2686 1177 2769 probabilitatis
1215 2691 1359 2749 fines
1402 2711 1523 2748 non
1558 2689 1831 2764 excedat,
1876 2689 2224 2771 plerumque

122 2776 196 2836 ad
211 2799 410 2838 veram
433 2781 841 2842 certitudinem
863 2785 1138 2864 assurgit,
1166 2804 1292 2866 quae
1310 2807 1429 2844 non
1445 2785 1626 2866 possit
1647 2784 1722 2846 ab
1741 2784 1979 2844 homine
2001 2782 2228 2843 ratione

122 2883 328 2934 utente
372 2876 604 2957 respui,
653 2878 795 2959 quin
841 2878 983 2955 sibi,
1034 2879 1243 2940 saltem
1297 2880 1680 2962 quandoque,
1739 2878 1897 2939 haud
1943 2878 2231 2937 minorem

128 2967 336 3029 inferat
374 2970 528 3047 vim,
570 2994 746 3054 quam
780 2973 826 3033 si
864 2975 1173 3035 veritatem
1225 2973 1479 3058 aliquam
1518 2974 1694 3055 logica
1733 2975 2073 3035 necessitate
2100 2971 2233 3055 pol-

199 3158 263 3222 (l)
299 3159 412 3210 Rem
437 3162 560 3211 hane
594 3163 788 3211 mirifice
822 3163 1018 3212 illustrat
1054 3165 1136 3213 cit.
1221 3162 1581 3231 Philosophicae
1609 3164 1936 3212 institutiones
1962 3160 2026 3213 cl.
2049 3159 2233 3227 collegae

133 3234 389 3304 Gordinia,
422 3244 596 3310 Saqqio
626 3243 978 3294 d’imtrazione
1007 3245 1137 3294 theo·
1222 3248 1345 3307 mei,
1376 3263 1503 3294 nunc
1530 3246 1582 3293 in
1604 3245 1737 3311 Greg.
1762 3245 1875 3295 coll.
1901 3242 2046 3294 theol.
2078 3243 2234 3309 dogm.

133 3315 313 3382 loyfen,
342 3335 428 3374 art.
461 3326 602 3375 Della
635 3330 781 3376 storia
811 3344 1023 3390 amana,
1054 3330 1136 3376 cit.
1221 3330 1416 3393 profess.
1450 3329 1503 3377 P.
1535 3327 1706 3394 Aloysii
1739 3326 1971 3377 Dmowski
1991 3365 2004 3389 ‚
2038 3326 2232 3375 Lovanii

133 3400 248 3449 edit.
292 3413 404 3455 tom.
448 3423 510 3469 x,
558 3428 661 3476 pag.
702 3426 819 3478 270.
857 3410 954 3459 Cfr.
1002 3413 1137 3459 etiam
1222 3412 1425 3474 primum
1460 3426 1606 3469 cusae,
1640 3426 1694 3459 ac
1731 3420 1883 3475 postea
1914 3408 2073 3457 Romae
2107 3423 2236 3456 recu-

135 3479 346 3546 Defimse
373 3485 440 3534 du
473 3489 843 3541 Christiam‘sme
872 3510 932 3541 ou
965 3491 1140 3557 Confe—
1221 3508 1311 3552 επ,
1342 3502 1457 3541 tom.
1488 3509 1534 3554 1,
1570 3491 1730 3560 logicae
1761 3502 1878 3560 part.
1909 3509 1977 3553 ιι,
2009 3500 2096 3540 art.
2143 3503 2234 3548 ιο,

133 3580 313 3628 rences,
335 3577 420 3616 etc.
428 3585 527 3634 par
542 3571 669 3639 Myr.
694 3574 775 3624 De
790 3574 1137 3642 Euty-seimus,
1223 3574 1304 3623 De
1332 3575 1626 3624 auctoritate.

133 3645 224 3694 Du
278 3647 594 3718 Thmoiqnaqe
611 3692 627 3718 ‚
673 3675 761 3707 nec
803 3677 898 3708 non
954 3660 1142 3724 egregiae
