2502 4134
317 120 435 181 576
476 121 479 123 ’

909 148 1113 187 TnAc‘r.
1158 151 1229 187 DE
1273 146 1421 188 Locis
1462 151 1850 196 Tflnommms.

315 285 577 369 produnt
604 287 711 367 (l).
761 289 830 346 In
879 275 1054 367 cujus·
1080 313 1297 375 nempe
1335 304 1651 373 systemate
1682 296 1930 367 dubium
1952 304 2341 367 theoreticam
2381 330 2445 369 ac

300 387 639 462 positivum
691 382 766 442 ad
820 385 1080 444 veritatis
1134 387 1577 469 inquisitionem
1621 393 1871 472 exigitur
1910 393 2037 476 (2);
2065 406 2443 464 ,auctoritatis

311 479 650 559 theologicae
703 480 936 562 pondus
979 485 1225 543 omnino
1263 507 1295 544 a
1332 484 1627 569 theologia
1673 487 2014 550 eliminatur
2058 494 2205 575 (³),
2232 521 2402 562 novae
2424 544 2442 574 ‚

310 574 606 656 planeque
650 574 841 640 labilis
881 597 945 635 ac
990 572 1537 662 ad'scepti'ci‘smum
1565 572 2196 669 proiiae'philosophiae
2231 593 2441 675 placita

309 669 493 730 veluti
536 669 671 731 fidei
713 670 866 730 basis
911 673 1300 748 adstruuntur
1332 664 1456 760 (4);
1488 679 1839 741 *essentiales
1870 681 2213 763 dogmatum
2243 690 2443 759 catho-

306 764 554 826 licorum
600 779 919 850 conceptus
963 770 1363 832 immutantur
1402 757 1943 857 ac‘pe1·ve³rtuntur
1983 780 2101 861 (5);
2150 778 2327 866 atque
2363 787 2442 848 ita

288 1024 293 1029 ·
374 1001 442 1066 (l)
482 1004 844 1075 Apertum-sane
887 1014 983 1064 est,
1032 1004 1158 1054 haud
1196 1005 1334 1072 longe

302 1087 517 1135 dissimili
542 1103 597 1135 ac
621 1084 909 1136 Abaelardus
937 1091 1114 1137 ratione
1133 1090 1330 1140 ex‘falsa

301 1167 524 1218 methodo
540 1187 622 1217 sua
650 1185 861 1235 peccasse
889 1169 1332 1238 Hermesium.1pse

298 1253 438 1300 etiam
482 1251 599 1299 illud
640 1252 717 1299 sic
757 1260 802 1300 et
834 1268 938 1300 non
986 1252 1239 1317 Abaelardi
1278 1258 1329 1304 in

296 1337 621 1386 fundamentis
654 1355 708 1386 ac
735 1337 1036 1403 dogmatibus
1065 1337 1177 1388 fid'ei
1214 1358 1329 1389 con-

295 1420 541 1468 stituendis
568 1415 768 1469 sectatus
788 1459 801 1481 ‚
832 1440 912 1471 seu
944 1424 1093 1487 potius
1115 1422 1301 1473 antiche

291 1505 441 1551 ticam
461 1501 745 1552 Kantianam
765 1522 871 1552 cum
898 1504 1044 1553 dubio
1070 1504 1322 1555 theoretico

284 1589 343 1634 'in
368 1586 649 1652 theologiam
673 1590 935 1636 universam
961 1589 1217 1646 inducenS,
1240 1605 1323 1635 ve·

290 1669 377 1717 luti
410 1671 593 1717 unicam
640 1669 913 1716 methodum
957 1671 1136 1716 veritati
1180 1671 1320 1718 inve·

289 1751 471 1800 niendae
506 1769 560 1800 ac
598 1752 838 1799 firmandae
873 1761 1028 1814 aptam
1051 1787 1065 1809 ,
1106 1753 1169 1797 ita
1207 1750 1321 1814 dog,-

289 1842 416 1882 mata
459 1843 738 1898 pertractat,
786 1833 979 1897 perinde
1024 1849 1079 1879 ac
1118 1815 1326 1879 totidem·

289 1928 393 1964 vere·
435 1923 588 1964 essent
626 1900 925 1980 problemata
936 1932 956 1975 ,⁰
1000 1916 1063 1963 ita
1108 1902 1317 1963 rationes

285 1998 544 2047 rationibus
582 2001 805 2063 opponit,
839 2007 889 2045 ut
918 1999 1103 2045 animus
1134 2014 1316 2062 semper

284 2079 458 2130 haereat
512 2098 764 2146 suspensus
784 2119 797 2138 ,
856 2098 1069 2147 quonam
1122 2080 1315 2128 demum

284 2182 475 2214 evasura
517 2167 576 2212 sit
615 2165 865 2227 resoluti03
919 2182 973 2212 ac
1015 2162 1124 2212 lieet
1166 2162 1314 2211 sontes

282 2247 526 2312 theologiae
577 2249 785 2312 proprios
835 2247 1058 2295 adhibere
1096 2247 1312 2312 profitea-

281 2340 390 2393 tur,
425 2340 576 2378 totum
611 2330 802 2378 demum
839 2330 898 2377 ad
941 2332 1129 2378 rationis
1166 2330 1313 2379 defert

279 2411 528 2478 judicium.

348 2497 416 2560 (2)
444 2495 545 2546 Cfr.
567 2515 668 2562 quae
684 2515 821 2562 supra
838 2498 896 2546 de
911 2497 1309 2546 Hermesianismo

277 2579 601 2645 philosophico
629 2583 927 2646 scripsimus,
953 2598 1043 2629 nec
1072 2585 1169 2628 non
1205 2595 1309 2647 quae

276 2663 605 2712 adnotavimus
625 2682 675 2712 n.
701 2661 824 2726 243,
849 2681 957 2711 cum
982 2674 1082 2711 not.
1101 2663 1303 2710 adnexa.

276 2743 409 2795 Certe
449 2749 530 2812 qui
573 2749 750 2811 exigit,
795 2748 936 2796 veluti
977 2748 1306 2800 necessariam

274 2831 420 2885 animi
459 2831 848 2896 praeparationem
884 2830 944 2879 ad
988 2829 1097 2878 fidei
1139 2810 1306 2877 verita-

273 2921 367 2959 tem
393 2913 755 2970 inveniendam,
792 2923 844 2961 ut
870 2915 1053 2961 animus
1081 2915 1221 2975 etiam
1254 2915 1304 2960 in

272 2994 465 3045 homine
483 2999 580 3062 jam
600 2996 758 3056 fideli,
789 2996 949 3045 saltem
979 2996 1188 3061 theologo
1208 3034 1221 3054 ,
1252 2998 1304 3044 in

273 3079 545 3127 omnimoda
573 3078 911 3146 indifferentia
931 3080 1059 3126 seria
1088 3095 1143 3127 ac
1172 3080 1305 3143 posi-

271 3159 373 3207 tiva
418 3178 465 3209 se
509 3172 646 3226 ponat
685 3163 806 3210 circa
853 3162 1051 3228 quodvis
1097 3171 1298 3228 systema

270 3241 566 3308 religiosum,
587 3245 693 3293 licet
707 3240 996 3292 catholicum
1016 3247 1103 3305 sit,
1142 3255 1193 3294 ut
1221 3262 1297 3292 so-

269 3325 371 3373 lum
417 3329 608 3375 rationis
649 3328 845 3376 ductum
891 3337 1138 3394 sequatur,
1175 3334 1296 3394 q'uo·

268 3424 473 3474 eumque
489 3409 681 3457 demum
697 3410 794 3458 haec
808 3412 923 3459 ratio
946 3408 1082 3458 illum
1103 3410 1301 3459 ductura

269 3489 359 3545 sit,
400 3504 558 3535 nonne
587 3489 785 3536 dubium
799 3491 1071 3555 positivum
1096 3507 1151 3538 ac
1167 3487 1294 3557 reale

269 3569 327 3619 de
367 3569 462 3619 fide
500 3573 594 3639 jam
639 3582 849 3637 suscepta
892 3575 1030 3621 etiam
1067 3571 1296 3622 catholica

267 3651 560 3717 praescribit?
583 3652 730 3720 Atqui
757 3657 820 3701 ita
857 3655 1064 3718 procedit
1099 3654 1295 3705 Herme-

1409 1011 1514 1058 'sins
1533 1044 1548 1069 ,
1577 1019 1631 1059 ut
1651 1010 1871 1074 vidimus,
1893 1014 1945 1061 in
1966 1012 2318 1083 Methodoloqia
2331 1038 2445 1086 pm-

1415 1093 1552 1142 missa
1583 1092 1947 1144 Introductioni
1968 1113 2063 1146 suae
2080 1101 2325 1163 positiva-0
2353 1103 2443 1155 Ne-

1413 1191 1506 1241 que
1520 1177 1687 1225 veroin
1703 1177 1843 1227 altera
1855 1178 2202 1245 methodoloqia
2214 1181 2440 1248 premissa
2499 1237 2502 1240 ,

1378 1291 1383 1294 -
1416 1255 1719 1322 Doqmoticoe
1752 1240 1981 1325 sptieiali,
2007 1260 2054 1312 id
2087 1274 2332 1328 retractat3
2357 1270 2438 1319 sed

1411 1344 1565 1404 potius
1598 1341 1793 1402 suadet,
1836 1359 1979 1392 unam
2009 1342 2319 1415 eamdemque
2343 1346 2440 1401 ine-2

1382 1446 1386 1452 ·
1413 1423 1612 1472 thedom
1625 1427 1724 1491 jam
1741 1427 1868 1490 prius
1884 1421 2102 1476 stamtam
2117 1430 2286 1480 debere
2299 1435 2437 1482 etiam

1410 1508 1491 1553 toti
1520 1506 1790 1579 dogmaticae
1821 1512 1995 1570 aptari,
2019 1521 2069 1557 ut
2094 1511 2207 1559 fides
2237 1515 2284 1560 in
2314 1515 2430 1578 dog-

1407 1585 1609 1632 matibus
1654 1587 1847 1650 singulis
1896 1589 2153 1638 rationalis
2197 1595 2273 1640 sit.
2328 1594 2425 1643 Cfr.

1409 1666 1640 1732 Doqmat.
1672 1667 1840 1718 christ.
1871 1669 2001 1719 cath.
2029 1668 2056 1737 §
2082 1672 2147 1722 30
2168 1710 2179 1732 ,
2209 1694 2310 1742 pag.
2329 1694 2425 1745 99,

1403 1758 1450 1797 et
1477 1747 1609 1796 alibi.

1437 1835 1440 1837 ’
1471 1827 1535 1891 (3)
1564 1829 1849 1894 Principium
1862 1830 2429 1898 Hermesiiest,in.scien-

1403 1912 1467 1958 tia
1481 1948 1495 1970 ,
1521 1915 1663 1978 etiam
1694 1912 1950 1978 theologica
1965 1951 1979 1974 ,
1997 1919 2320 1968 auctoritatem
2341 1939 2430 1971 nec

1402 2004 1608 2042 veterum
1651 2013 1740 2044 nec
1787 1982 2098 2048 recentiorum
2145 2001 2285 2050 ullius
2329 2022 2427 2054 esse

1400 2079 1640 2143 ponderis,
1659 2079 1740 2128 sed
1766 2090 1944 2128 tantum
1972 2084 2160 2130 rationis
2177 2082 2423 2136 sivetheo-

1398 2164 1554 2211 reticae
1569 2165 1663 2211 sive
1680 2162 1893 2227 practicae
1908 2163 2160 2214 dictamen.
2174 2166 2274 2216 Cfr.
2288 2166 2422 2220 Intr-

1387 2244 1516 2310 phil.
1539 2263 1643 2311 pag.
1670 2242 1913 2310 583.Quis
1940 2264 2076 2311 porro
2106 2248 2234 2297 locos
2262 2267 2423 2302 omnes

1395 2349 1448 2380 ex
1469 2334 1587 2400 ⁴ejus
1623 2334 1838 2397 operibus
1881 2351 2117 2384 recensere
2151 2345 2301 2400 posset
2319 2373 2334 2397 ‚
2369 2339 2420 2385 in

1394 2414 1568 2484 quibus
1591 2417 1689 2480 ipse
1715 2416 1927 2481 doctores
1958 2417 2260 2467 scholasticos·
2287 2419 2418 2469 theo-

1364 2498 1615 2566 ·logosque
1649 2502 1903 2564 generatim
1929 2500 2227 2565 reprehendit
2260 2519 2313 2558 ac
2341 2521 2419 2552 su-

1390 2581 1519 2645 gillat
1538 2616 1549 2633 .
1581 2581 1709 2647 quod
1729 2599 1856 2629 veros
1885 2592 2132 2647 conceptus
2148 2585 2418 2650 dogmatum

1393 2664 1528 2728 plane
1542 2667 1825 2728 ignorarint,
1844 2682 1897 2713 ac
1919 2663 2196 2730 theologiam
2219 2667 2417 2716 tenebris

1391 2745 1715 2795 obvolverint!
1801 2786 1808 2802 ,

1436 2896 1438 2899 ι
1462 2829 1527 2893 (4)
1564 2829 1666 2877 Cfr.
1690 2845 1794 2895 quae
1817 2830 1875 2879 de
1902 2838 2069 2880 natura
2088 2831 2228 2897 hujus
2257 2831 2411 2896 philo-

1388 2898 1591 2978 sophiae,
1628 2930 1766 2976 supra
1801 2931 1943 2978 quam
1973 2923 2068 2962 tota
2099 2918 2228 2980 juxta
2255 2912 2408 2978 ipsum

1388 2995 1617 3060 theologia
1655 2999 1907 3059 superstrui
1943 2995 2112 3061 debet,
2146 3000 2183 3044 si
2215 2994 2406 3060 quidem

1387 3076 1666 3142 theologiam
1695 3094 1799 3125 vere
1827 3078 2098 3126 catholicam
2127 3075 2298 3124 habere
2324 3094 2403 3124 ve·

1383 3159 1524 3207 limus
1544 3197 1557 3218 ‚
1593 3162 1805 3224 superius
1833 3161 2207 3225 disceptavimus.

1370 3237 1399 3265 ’·
1453 3241 1520 3306 (5)
1562 3240 1774 3307 Longum
1827 3260 1958 3291 sane·
1987 3257 2103 3304 opus
2149 3251 2264 3288 esset
2319 3242 2405 3290 ista

1383 3327 1540 3372 omnia
1571 3322 1932 3389 persequi.Quis
1945 3323 2071 3371 enim
2094 3325 2252 3386 paucis
2277 3339 2406 3371 com-

1384 3409 1522 3474 plecti
1556 3418 1740 3473 posset,
1781 3420 1886 3474 quae
1919 3405 1977 3454 de
2011 3405 2095 3453 Dei
2129 3409 2400 3464 sanctitate,

1376 3491 1621 3552 libertate,
1646 3490 1823 3561 justitia
1841 3521 1861 3546 ‚·
1883 3487 1940 3536 de
1967 3491 2089 3536 novo
2119 3488 2402 3552 redemptio-

1379 3575 1453 3621 nis
1481 3585 1732 3638 conceptu‚
1761 3570 1819 3618 de
1852 3572 2026 3634 peccati
2057 3570 2291 3635 originalis
2321 3586 2403 3616 na-

1382 3666 1485 3706 tura
1503 3692 1517 3715 ‚
1552 3654 1610 3703 de
1628 3651 1798 3718 'gratiae
1833 3653 2158 3703 distributione
2176 3688 2190 3713 ,
2219 3652 2277 3700 de
2301 3668 2400 3716 gra-
