2502 4134
903 130 1099 170 ·rnm‘r.
1150 134 1216 169 nn
1261 133 1408 172 roms
1452 119 1834 179 rnnonoelcls

314 112 431 172 366

310 280 560 351 simum3
605 275 858 334 alterum
905 285 992 332 est
1030 272 1211 353 logica
1252 274 1603 353 affirmatio,
1653 301 1782 362 quae
1822 283 1961 344 falsa
2008 289 2250 346 omnino
2293 311 2435 349 con-

309 374 562 436 vincitur
601 393 614 428 z
665 371 727 429 1⁰
761 370 1087 430 intrinsecis
1130 369 1492 447 rationibus7
1533 375 1753 455 quippe
1800 389 1861 437 et
1902 383 2213 443 necessitas
2254 405 2434 446 causae

307 467 644 530 necessariae
680 478 740 525 et
773 465 1193 548 contemplatio
1220 465 1396 547 hujus
1428 469 1687 531 universi
1718 482 1777 529 et
1804 483 2013 535 natura
2039 478 2339 539 rationalis
2366 503 2433 540 ac

306 563 543 625 moralis
588 562 842 622 hominis
887 564 1065 645 ipsius
1106 563 1356 623 totidem
1396 563 1614 626 invicta
1659 566 2041 648 suppeditant
2086 587 2431 654 argumenta

304 659 623 722 existentiae
665 660 805 738 Dei3
843 661 911 718 20
952 658 1274 718 rationibus
1314 660 1686 734 extrinseci33
1727 684 1901 737 nam,
1935 677 2001 723 ut
2040 666 2323 746 vidimus,
2363 694 2429 731 ea

303 756 541 818 assertio
573 757 913 840 Scripturas,
937 755 1203 815 Patribus
1221 802 1236 831 a
1266 755 1548 837 theologis
1570 756 1844 817 omnibus
1862 803 1878 834 7
1914 759 2125 841 quibus
2155 766 2428 845 praeclare

302 865 584 914 consonat
623 853 1018 914 Catecbismus
1042 853 1337 911 Romanus
1373 853 1485 934 (1),
1528 874 1636 913 nec
1677 874 1811 914 non·
1836 855 2171 918 christianae
2200 862 2429 924 revela-

302 951 450 1010 tioni
475 949 716 1011 adversa
750 949 944 1009 fronte
979 949 1327 1031 refragatur.
1357 951 1477 1009 Nec
1510 971 1650 1010 vero
1678 949 1797 1009 duo
1827 950 1913 1011 illi
1941 952 2174 1014 ordines
2197 999 2213 1029 .,
2244 954 2432 1017 histo-

299 1048 453 1109 ricus
482 1057 540 1106 et
563 1045 779 1127 logicus
800 1089 816 1120 a
855 1046 1089 1106 traditio
1123 1046 1403 1104 nimirum
1438 1057 1497 1106 et
1527 1045 1704 1123 rati0‚
1732 1046 1887 1107 inter
1919 1069 1981 1108 se
2004 1052 2429 1131 pugnant3'sed

299 1142 485 1205 veluti
517 1140 649 1203 duae
675 1141 842 1202 lineae
882 1141 1176 1224 parallelae
1208 1140 1282 1200 ab
1321 1144 1448 1223 ipso
1481 1142 1727 1201 humani
1758 1143 1985 1222 generis
2018 1145 2254 1205 exordio
2287 1169 2427 1230 pro-

298 1258 504 1320 gressae
526 1283 541 1312 .‚
573 1239 795 1320 optime
830 1237 1125 1297 cohaerent
1149 1248 1470 1319 mutuoque
1501 1259 1562 1298 se
1576 1242 1813 1316 juvant.
1842 1241 1991 1298 Nam
2019 1261 2092 1300 ex
2114 1263 2228 1300 una
2255 1253 2424 1324 parte

297 1335 535 1396 traditio
568 1333 796 1394 facilem
835 1356 900 1394 ac
946 1333 1125 1395 veluti
1175 1332 1522 1394 familiarem
1564 1334 1668 1393 Dei
1709 1335 1981 1394 notitiam
2019 1335 2421 1412 diffundebat3

295 1453 369 1493 ex
405 1431 589 1491 altera
623 1430 771 1490 ratio
805 1430 898 1505 id,
933 1430 1090 1512 quod
1126 1451 1197 1490 ex
1227 1429 1541 1489 traditione
1583 1441 1885 1511 acceperat
1907 1474 1924 1505 ,
1960 1433 2163 1493 nativo
2199 1432 2422 1493 lumine

294 1548 398 1587 suo
421 1548 630 1588 verum
659 1525 1003 1586 ostendebat
1030 1525 1324 1608 magisque
1355 1523 1658 1600 firmabat3
1699 1536 1877 1607 atque
1923 1525 2024 1585 ubi
2050 1536 2155 1586 aut
2183 1527 2421 1587 traditio

293 1622 592 1697 deficeret,
629 1634 728 1682 aut
758 1624 1059 1682 obscurata
1098 1633 1248 1682 esset
1284 1640 1350 1681 ac
1384 1632 1654 1704 corrupta
1678 1665 1695 1696 ,
1738 1623 1932 1703 potuit
1968 1622 2088 1705 ipsa
2129 1624 2278 1683 ratio
2309 1623 2419 1683 ho-

293 1720 516 1778 minem
543 1717 618 1778 ad
651 1729 872 1779 certam
903 1738 1360 1798 germanamque
1386 1717 1645 1798 supremi
1678 1715 2007 1777 Conditoris
2033 1719 2122 1777 sui
2144 1719 2418 1780 notitiam

290 1835 598 1890 revocare,
645 1814 724 1873 sic
767 1825 868 1888 ut⁷
910 1824 1059 1873 teste
1104 1811 1419 1895 Apostolo2
1463 1814 1903 1872 ineoeousabiles
1947 1813 2085 1873 facti
2124 1815 2282 1891 sint,
2317 1816 2419 1898 qui

287 1915 411 1989 ejus
450 1910 651 1971 lumen
687 1910 749 1968 in
787 1931 847 1969 se
886 1909 1246 1969 extinxerint
1286 1919 1389 1968 aut
1430 1906 1802 1968 obscurarint
1841 1908 1958 1988 (2).

354 2163 419 2227 (l)
458 2161 564 2209 Haec
613 2162 738 2209 enim
785 2160 926 2208 habet
978 2157 1308 2207 Catechismus
1393 2167 1513 2205 tema
1561 2159 1763 2216 nititur,
1828 2172 1999 2222 nempe
2050 2157 2417 2224 impossibilitas

284 2243 423 2293 Rom.
473 2242 630 2307 Proefi
674 2252 787 2290 sect.
822 2259 868 2300 1,
909 2260 961 2291 n.
1008 2257 1024 2287 1
1071 2257 1083 2290 z
1125 2237 1205 2289 Ea
1239 2246 1308 2287 est
1382 2237 1587 2304 physica
1626 2249 1669 2288 et
1701 2237 2057 2306 memphysica,
2105 2240 2230 2306 quod
2275 2240 2415 2293 homo

283 2322 513 2374 humanm
540 2325 716 2372 mentis
738 2332 781 2371 et
800 2321 1129 2390 intelliqentioe
1146 2323 1301 2382 ratio,
1388 2321 1628 2387 loquelam
1680 2335 1762 2384 per
1812 2341 1860 2373 se
1920 2324 2161 2373 instituere
2214 2327 2416 2391 potuerit

279 2419 337 2458 ut
364 2425 474 2457 cum
506 2407 609 2457 alia
639 2406 825 2469 multa,
858 2423 964 2472 quoe
1001 2405 1067 2455 ad
1099 2405 1299 2454 divina·
1389 2402 1545 2466 (unde
1562 2418 1616 2450 ex
1635 2401 1779 2459 facto,
1814 2402 1941 2466 quod
1961 2400 2177 2452 homines
2208 2403 2410 2470 loquan—

278 2508 388 2541 rum
405 2508 564 2539 rerum
581 2491 902 2555 coquitionem
910 2482 1174 2556 pertinent,
1195 2491 1303 2555 ipsa

268 2592 363 2641 per
383 2591 433 2623 se
453 2611 467 2635 ‚
499 2590 673 2638 maqno
712 2573 929 2620 adhibito
963 2571 1120 2621 labore
1144 2579 1189 2619 et
1219 2570 1299 2619 di-

275 2656 474 2721 liqentia
490 2692 505 2718 ‚
543 2657 900 2721 investiqauerit
923 2672 980 2704 ac
1006 2657 1297 2719 coqnoverit,

275 2736 333 2787 Et
357 2749 476 2804 part.
499 2756 536 2798 1,
566 2738 643 2786 De
660 2739 814 2804 symb.
841 2738 933 2804 fid.
962 2756 1066 2803 cap.
1084 2755 1138 2799 2,
1163 2757 1213 2789 n.
1230 2737 1295 2789 6:

275 2820 402 2871 Haec
434 2822 629 2887 quidem
660 2824 833 2890 (hujus
864 2822 1005 2870 seculi
1038 2823 1294 2887 sapientia)

271 2902 514 2953 naturalis
550 2913 738 2954 tantum
773 2904 976 2953 luminis
1017 2905 1195 2962 ductu,
1235 2904 1296 2953 ab

270 2985 514 3051 effectibus
541 2995 584 3034 et
612 2986 673 3034 ab
703 2988 793 3048 iis,
818 3003 924 3051 quoe
946 2985 1168 3034 sensibus
1182 3003 1294 3052 per-

269 3067 557 3132 cipiuntur,
578 3068 826 3135 paulatim
847 3084 1134 3135 proqreaea,
1164 3086 1291 3117 non-

267 3150 374 3196 nisi
396 3159 506 3215 post
534 3150 697 3216 lonqos
730 3150 940 3213 labores,
978 3153 1065 3199 vim
1097 3151 1291 3199 tandem

268 3229 539 3279 invisibilia
554 3231 649 3281 Dei
661 3233 1009 3299 contemplatur
1022 3272 1035 3294 ‚
1056 3235 1292 3299 primam-

193 3306 199 3314 '
265 3328 358 3377 que
380 3315 603 3361 omnium
638 3332 799 3363 rerum
824 3332 1024 3364 causam
1050 3322 1096 3362 et
1124 3324 1289 3363 aucto-

269 3409 369 3442 rem
391 3397 606 3458 aqnoscit
623 3404 763 3460 atque
780 3396 1026 3462 intelligit.
1048 3396 1147 3446 Alia
1169 3399 1288 3463 ejus·

267 3476 396 3524 modi
425 3479 682 3526 testimonia
710 3479 904 3528 inferius
938 3478 1169 3527 dabimus.

227 3538 237 3554 ⁹
336 3557 405 3622 (2)
455 3557 671 3608 Ceterum
722 3560 1080 3610 fundamentum
1133 3561 1289 3625 praeci·

267 3656 413 3704 puum
434 3678 447 3702 ‚
481 3659 575 3707 quo
606 3652 753 3691 totum
788 3644 1152 3695 adversariorum
1189 3661 1288 3709 sys-

1383 2493 1488 2544 tur,
1519 2494 1904 2551 argumentantur
1932 2485 1992 2534 ad
2015 2488 2301 2551 primitivam
2331 2505 2411 2536 ex-

1382 2568 1627 2615 trinsecam
1649 2565 1735 2615 Dei
1757 2567 2109 2631 revelationem)
2136 2569 2266 2619 haud
2288 2586 2405 2636 pau-

1381 2650 1445 2696 cis
1463 2648 1810 2698 diffieultatibus
1823 2651 2079 2700 obnoxium
2094 2663 2177 2701 est.
2196 2652 2263 2700 Ac
2287 2660 2333 2699 ιο
2351 2661 2401 2701 ut

1379 2730 1475 2779 haec
1513 2733 1612 2796 ipsa
1648 2733 1991 2800 impossibilitas
2028 2745 2150 2784 certo
2182 2743 2397 2793 constet,

1378 2830 1536 2862 nonne
1562 2831 1677 2878 opus
1708 2826 1773 2862 est
1802 2819 2038 2865 ratiocinio
2063 2834 2210 2882 eoque
2228 2817 2398 2866 firmis-

1377 2897 1494 2944 simo
1525 2895 1657 2945 illam
1691 2898 1917 2962 probare,
1963 2901 2020 2949 ad
2057 2900 2146 2948 hoc
2183 2911 2234 2948 ut
2274 2909 2397 2949 certa

1376 2983 1434 3028 sit
1462 2981 1563 3028 haec
1590 2985 1848 3046 praemissa,
1878 3002 1931 3032 ex
1957 3000 2050 3050 qua
2077 2988 2174 3032 tota
2201 2985 2394 3033 conclu-

1376 3066 1444 3113 sio
1473 3063 1682 3130 pendet?
1722 3066 1842 3133 Ergo
1876 3077 2053 3133 oportet
2087 3070 2184 3134 jam
2223 3085 2396 3134 suppo·

1374 3164 1484 3196 nere
1507 3149 1558 3195 in
1583 3147 1773 3199 homine
1801 3166 1884 3215 per
1912 3167 1959 3199 se
1987 3149 2152 3198 valida
2186 3168 2241 3199 ac
2269 3160 2396 3199 certa

1375 3231 1678 3296 cognoscendi
1699 3233 1874 3294 media,
1895 3233 2019 3298 quod
2035 3233 2281 3281 adversarii
2299 3251 2393 3282 non

1374 3314 1656 3363 concedunt.
1680 3323 1732 3360 2⁰
1763 3314 2112 3380 Impossibilitas
2134 3317 2214 3364 illa
2238 3317 2392 3383 quoad

1372 3399 1709 3445 institutionem
1773 3398 1968 3464 loquelae
2024 3401 2270 3448 articulatae
2325 3409 2393 3446 est

1368 3483 1567 3547 quaestio
1598 3481 1914 3546 philosophica
1933 3519 1947 3542 ‚
1983 3501 2085 3549 quae
2114 3483 2295 3549 jamdiu
2330 3482 2390 3529 ab

1371 3564 1558 3628 egregiis
1597 3561 1885 3628 philosophis
1924 3565 2036 3614 hinc
2076 3565 2187 3613 inde
2225 3579 2389 3629 magna

1370 3647 1671 3695 contentione
1703 3648 1931 3711 agitatur3
1957 3659 2003 3697 et
2038 3649 2249 3713 quamvis
2275 3661 2389 3712 ρω-
