2502 4134
250 115 366 176 334

843 139 1038 176 TRAGT.
1085 141 1153 176 DE
1195 140 1348 178 Locis

1391 143 1755 183 THEOLOGICIS
1765 170 1774 181 .

248 306 354 367 per
386 305 447 342 se
486 303 593 341 nec
630 281 900 340 veritates
951 281 1103 363 ipsas
1143 282 1439 342 naturales
1485 282 1719 367 sibique
1751 290 2284 371 proportionatas(
2306 302 2369 349 ut

248 378 614 440 existentiam
637 377 895 458 supremi
914 377 1183 436 Numinis
1198 424 1213 454 ,
1241 378 1606 460 spiritualem
1630 381 1811 442 animi
1833 395 2106 444 naturam
2129 390 2368 468 ejusque

247 472 748 535 immortalitatem
771 519 785 546 ,
813 473 959 553 justi
996 485 1171 555 atque
1200 474 1403 552 injusti
1434 496 1741 550 normam,
1783 477 2011 561 aliaque
2049 481 2375 561 ejusmodi)

249 581 404 631 certo
444 589 787 647 cognosc-ere
822 591 991 651 posse
1027 569 1477 645 existimarunt,
1523 571 1626 631 sed
1668 573 1730 637 in
1759 573 1827 631 iis
1871 576 2143 636 omnibus
2174 578 2378 637 divina

245 665 494 749 positiva
520 664 877 726 revelatione
902 666 1252 747 indiguisse,
1279 689 1410 750 quae
1438 690 1642 749 reapse
1671 669 1899 735 homini
1931 672 2203 752 primitus
2241 674 2378 734 data

247 774 371 838 est,
417 774 477 823 et
515 762 756 845 posthac
793 765 854 821 in
892 762 1220 821 humanum
1259 784 1442 842 genus
1481 766 1823 825 universum
1864 787 1970 847 per
2012 779 2379 830 constantem

247 859 631 919 traditionem
663 871 1000 942 propagata.
1034 860 1183 918 Hinc
1221 858 1656 942 philosophiam
1688 882 1928 921 omnem
1949 908 1964 938 ,
2008 853 2139 945 qua}
2160 909 2175 937 ,
2221 867 2381 946 posi·-

250 956 370 1016 tiva
415 954 807 1029 revelatione,
853 955 1007 1014 illius
1058 954 1240 1014 veluti
1295 954 1726 1032 fundamento,
1777 958 2018 1017 minime
2068 962 2378 1041 praejacta,

252 1052 609 1112 naturalium
637 1054 952 1113 veritatum
978 1054 1236 1134 genesim
1258 1099 1273 1128 ,
1301 1066 1576 1127 naturam
1602 1077 1667 1114 ac
1690 1057 2109 1118 certitudinem
2131 1059 2384 1117 demon-

252 1149 555 1210 strandam
618 1150 987 1232 aggreditur,
1045 1161 1327 1232 tanquam
1393 1155 1967 1212 anti-christianam
2017 1166 2118 1212 aut
2179 1164 2384 1213 ecetra-

253 1248 656 1307 chrz‘stianam
700 1245 1039 1321 declarant3
1093 1268 1274 1329 quare
1318 1251 1890 1327 supernaturalistoe
1949 1249 2232 1333 appellari
2285 1272 2384 1309 so-

254 1343 380 1404 lent
392 1343 499 1425 (l).
514 1342 622 1402 Alii
643 1341 961 1403 individuae
980 1342 1230 1402 hominis
1246 1344 1457 1403 rationi
1477 1345 1595 1403 vim
1619 1345 1985 1404 certitudinis
2001 1345 2378 1426 deneganteS‚

257 1582 497 1647 losophus;
517 1582 594 1631 sed
614 1583 813 1649 quieam
843 1583 1071 1629 recentius
1100 1582 1276 1628 instau-

257 1669 407 1725 ravit,
453 1683 508 1714 ac
547 1666 606 1713 ad
648 1664 900 1730 quemdam
936 1665 1277 1728 mysticismum

258 1752 452 1810 evexit,
506 1750 596 1797 fuit
636 1758 890 1812 'germanus
931 1746 1060 1793 Frid.
1095 1745 1276 1793 Jacobi.

260 1832 361 1899 Ipse
407 1834 531 1881 enim
577 1828 1023 1877 transcendentalem
1072 1825 1278 1892 philoso-

259 1917 415 1983 phiam
449 1915 797 1971 exhorrescenS,
825 1913 1050 1976 principia
1076 1912 1280 1959 scientiae

259 1998 587 2065 philosophicae
617 1995 860 2044 collocavit
887 1996 938 2041 in
969 1993 1173 2059 quadam
1200 2011 1284 2042 na-

260 2081 400 2131 turali
411 2080 502 2128 fide
514 2079 528 2142 (
539 2097 561 2126 a
573 2076 909 2143 supernaturali
922 2075 1014 2124 fide
1025 2074 1282 2137 distincta),

261 2183 355 2233 qua
382 2166 431 2212 in
459 2161 674 2212 rationali
690 2163 913 2209 instinctu
930 2161 1159 2220 veritates,
1176 2174 1282 2225 quae

263 2265 402 2315 supra
430 2265 591 2297 sensus
620 2255 729 2294 sunt
747 2284 760 2306 ‚
786 2248 854 2292 uti
879 2243 1005 2292 Deus
1022 2280 1035 2302 ‚
1063 2245 1162 2309 ejus
1180 2260 1285 2308 pro-

263 2332 467 2380 videntia
491 2367 504 2390 ,
546 2327 730 2376 libertas
763 2328 908 2375 animi
938 2328 1083 2373 nostri
1108 2363 1120 2386 ,
1154 2327 1283 2391 ejus-

264 2430 355 2481 que
373 2410 693 2462 immortalitas
710 2448 720 2468 ,
747 2410 823 2458 lex
842 2409 1027 2457 moralis
1042 2447 1052 2464 ‚
1073 2419 1161 2457 etc.
1186 2410 1286 2457 sine

264 2497 360 2545 ulla
387 2496 779 2545 demonstratione
810 2510 864 2540 ac
891 2493 1132 2540 ratiocinio
1152 2529 1165 2549 .‚
1204 2490 1284 2538 sed

264 2580 530 2629 immediate
583 2593 769 2643 prorsus
817 2576 1111 2641 percipimus.
1163 2573 1286 2622 Hinc

267 2663 382 2712 adeo
412 2660 671 2709 intellectus
696 2677 749 2707 ac
769 2660 955 2706 rationis
975 2675 1112 2706 usum
1131 2657 1189 2705 ad
1209 2674 1286 2705 ve-

266 2749 449 2794 ritatem
485 2743 816 2809 assequendam
867 2741 1186 2806 deprimebat,
1237 2749 1288 2787 ut

267 2845 466 2878 asserere
490 2846 583 2876 non
603 2827 862 2876 dubitaret:
885 2824 1101 2874 Omnino
1126 2823 1286 2872 ethni-

267 2930 351 2962 cus
396 2910 559 2978 quoad
608 2909 895 2958 intellectum
918 2945 934 2970 ‚
990 2907 1287 2956 christianus

268 3012 378 3042 cum
405 3003 496 3043 toto
521 2993 687 3050 corde,
719 3009 801 3058 eqo
830 2992 954 3039 duas
979 2993 1107 3038 inter
1137 3007 1289 3054 aquas

263 3078 442 3141 fluctuo
459 3113 474 3138 ,
515 3094 622 3142 quw
650 3075 915 3123 nullimode
946 3076 1003 3122 in
1038 3090 1194 3121 uuum
1220 3074 1290 3120 si-

269 3158 375 3206 mul
387 3160 512 3207 coire
541 3158 717 3207 volunt.
743 3143 842 3207 Cfr.>
873 3155 1034 3222 Epist.
1061 3158 1293 3221 ejuspos-

269 3240 477 3300 thuvnoe,
522 3242 612 3290 vol.
652 3258 685 3288 u
709 3279 721 3300 ,
757 3259 857 3306 pag.
894 3236 1016 3303 478.
1064 3237 1288 3286 Doctrina

270 3323 436 3373 Jacohi
454 3323 581 3371 haud
600 3340 770 3388 paucos
798 3326 846 3370 in
874 3321 1119 3370 Germania
1140 3331 1289 3368 secta-

270 3417 389 3455 tores
422 3406 605 3454 habuit.
641 3406 710 3474 De
742 3424 836 3471 quo
865 3405 1135 3454 Tenneman
1157 3441 1169 3462 ,
1206 3421 1288 3467 op.

271 3493 351 3540 cit.
382 3487 437 3556 §§
463 3485 713 3552 406-408.
741 3488 889 3537 AEtate
917 3489 1003 3536 hac
1029 3495 1183 3534 nostra
1210 3485 1293 3534 ad-

272 3574 445 3622 haerere
472 3571 622 3619 eidem
650 3573 773 3618 visus
802 3582 867 3619 est
891 3571 1011 3637 prof.
1045 3569 1184 3631 Klee,
1207 3586 1290 3621 cu-

270 3658 345 3722 jus
374 3655 550 3721 aliquot
583 3651 842 3702 testimonia
879 3653 989 3702 alibi
1022 3652 1287 3701 afferemus.

1361 1580 1497 1628 Extat
1538 1584 1677 1629 etiam
1713 1585 1763 1628 in
1805 1580 2066 1646 Ephemer.
2118 1580 2343 1646 Tubingae
2367 1617 2383 1639 ‚

1364 1660 1408 1709 T
1403 1661 1562 1726 heol09
1569 1662 1694 1711 ische
1707 1662 2086 1728 quartalschrift,
2100 1681 2179 1712 seu
2189 1661 2388 1728 Scripta

1362 1744 1672 1793 trimestralia
1739 1743 2027 1809 theoloqica,
2085 1764 2158 1794 an.
2227 1743 2377 1813 1839,

1364 1827 1478 1876 fasc,
1510 1843 1570 1886 11,
1601 1828 1820 1876 articulus
1849 1826 2007 1876 Ueber
2032 1827 2257 1875 Glauben
2287 1828 2389 1876 and

1372 1909 1585 1957 VVissen
1604 1946 1617 1965 ‚
1650 1921 1741 1958 etc.
1770 1927 1848 1958 seu
1878 1907 1951 1959 De
1978 1909 2076 1974 fide
2103 1927 2161 1959 ac
2184 1911 2388 1958 scientia

1364 1995 1422 2041 in
1448 1993 1680 2042 relacione
1697 1994 1762 2042 ad
1782 2003 2018 2043 extremae
2043 2012 2126 2042 seu
2149 1996 2388 2060 oppositas

1364 2079 1627 2125 sententiae
1643 2094 1700 2125 ac
1717 2077 1985 2125 tendentias
2012 2078 2170 2141 <etatis
2185 2086 2359 2124 noseroe
2367 2095 2387 2139 ;

1365 2165 1497 2227 cujus
1524 2161 1591 2211 cl,
1618 2172 1809 2218 auctor,
1840 2161 1967 2209 doct.
2010 2159 2152 2207 Kuhn
2176 2197 2189 2218 ‚
2227 2157 2388 2208 Jacobi

1366 2243 1731 2309 philosophicam
1749 2243 2019 2296 ‚doctrinam
2038 2244 2207 2290 iterum
2237 2241 2391 2290 vindi-

1366 2336 1438 2375 cat
1475 2343 1529 2374 ac
1563 2336 1777 2375 sectatur.
1817 2325 1979 2374 Eidem
2020 2327 2160 2374 etiam
2196 2324 2391 2373 debetur

1368 2427 1482 2473 opus
1497 2406 1671 2457 Jacobi
1691 2408 1796 2457 und
1813 2409 1891 2457 die
1907 2407 2215 2474 Philosophia
2229 2411 2392 2455 seiner

1369 2494 1514 2551 Zeit,
1548 2511 1626 2541 seu
1655 2491 1832 2541 Jacobi
1864 2500 1908 2541 et
1934 2491 2390 2559 philosophiaoeta·

1368 2578 1432 2624 tis
1459 2593 1575 2624 suoe.

1439 2658 1507 2722 (l)
1543 2658 1674 2707 Hanc
1705 2659 2073 2723 doctrinamjam
2098 2659 2388 2707 doctissimus

1370 2744 1638 2807 ceteroquin
1656 2745 1723 2788 vir
1737 2742 1860 2792 Petr.
1877 2742 2043 2790 Daniel
2061 2741 2255 2790 Huetius
2282 2758 2386 2805 pro-

1371 2823 1534 2873 tulerat
1567 2828 1615 2871 in
1649 2824 1770 2873 libro
1791 2863 1803 2886 ‚
1840 2827 1920 2891 qui
1955 2825 2090 2890 vulgo
2122 2823 2268 2872 eidem
2302 2822 2386 2870 ad-

1372 2907 1589 2955 scribitur
1625 2925 1638 2954 :
1686 2907 1855 2956 Traite
1896 2906 1952 2955 de
1985 2906 2032 2955 la
2067 2904 2290 2971 faiblesse
2331 2904 2389 2951 de

1369 2988 1552 3054 l'espric
1569 2987 1775 3035 humain
1794 3027 1806 3049 ‚
1841 2988 2070 3038 Amsterd.
2101 2988 2224 3054 1723
2241 3026 2252 3045 ,
2280 2989 2388 3053 qui-

1372 3090 1463 3139 que
1489 3090 1514 3119 a
1547 3071 1668 3119 Lud.
1706 3071 1814 3120 Ant.
1842 3072 2093 3120 Muratorio
2125 3070 2388 3118 confutatus

1372 3165 1458 3204 est.
1482 3153 1570 3202 Sed
1594 3156 1903 3202 recentissima
1932 3161 2065 3200 aetate
2089 3170 2189 3201 eam
2223 3170 2390 3218 magna

1373 3239 1637 3304 eloquentia
1667 3239 1709 3284 vi
1745 3252 1798 3284 ac
1826 3237 2057 3300 religionis
2096 3235 2248 3283 studio
2288 3254 2390 3284 sua-

1373 3322 1478 3369 dere
1505 3328 1694 3368 conatus
1715 3329 1781 3367 est
1797 3317 1888 3368 Ab.
1906 3318 1960 3367 L.
1977 3317 2171 3366 Bautain
2193 3356 2206 3378 ‚
2238 3320 2286 3366 in
2309 3337 2388 3383 op.

1375 3400 1686 3467 Philosophie
1733 3400 1798 3448 du
1847 3398 2220 3448 Christicmisme
2236 3436 2253 3462 ,
2309 3399 2394 3448 Pa-

1375 3488 1435 3533 ris
1470 3481 1625 3545 1835,
1651 3500 1737 3531 nec
1766 3499 1861 3530 non
1889 3484 1935 3529 in
1965 3483 2091 3547 praef.
2119 3482 2175 3530 ad
2199 3482 2396 3530 alterum

1375 3585 1512 3616 suum
1548 3584 1695 3631 opus,
1742 3560 2052 3630 Psycholoqie
2095 3565 2398 3630 experimen-

1375 3649 1491 3710 tale‚
1519 3649 1610 3698 vol.
1632 3667 1671 3708 ι,
1696 3648 1836 3697 Paris.
1865 3646 2006 3714 1839.
2028 3648 2147 3696 Hinc
2164 3647 2241 3695 illa
2258 3646 2397 3694 Bau-
