2502 4134
267 98 387 157 422
854 115 1065 152 'ruscum
1113 114 1181 150 »Β
1227 115 1378 152 nocis
1420 117 1798 156 weomadum.

266 283 505 322 omnem
551 257 802 319 destruit
829 254 1263 337 philosophiam
1286 300 1302 329 7
1355 253 1688 337 appellare7
1724 257 1895 341 longe
1942 259 2174 343 lateque
2197 260 2390 322 seculo

268 357 464 438 elapso
493 354 797 413 dominata
823 363 910 411 est
929 397 944 426 7
987 350 1191 433 illique
1227 349 1638 410 innitebantur
1675 364 1987 431 systemata
2012 357 2131 417 sere
2157 359 2353 417 omnia
2372 404 2387 433 7

270 473 401 534 quae
461 449 724 529 religioni
772 447 1101 506 christianae
1147 457 1316 505 erant
1371 446 1601 504 infensa
1651 467 1896 528 eamque
1948 453 2391 533 oppugnabant.

270 545 550 620 Quamvis
596 566 774 626 porro
827 543 902 602 ob
950 542 1316 602 tendentiam
1374 540 1904 623 spiritualisticam7
1969 566 2097 625 quae
2145 548 2398 609 obtinuit

268 641 593 724 praesertim
641 640 702 698 in
752 639 1064 698 Germania
1086 682 1102 709 7
1147 649 1316 697 aetate
1351 637 1458 695 hac
1490 648 1687 699 nostra
1720 639 1914 698 minus
1940 638 2146 703 diffusa
2170 645 2244 703 sit
2271 667 2398 703 ma-

269 738 602 798 terialistica
646 737 948 810 doctrina7
1005 758 1126 794 non
1167 734 1379 794 idcirco
1420 746 1622 810 tamen·
1664 735 1890 794 destitit
1936 736 2008 814 ab
2056 740 2217 798 omni
2258 763 2397 823 pro-

269 856 497 915 gresssu
539 846 716 915 atque
746 855 777 891 a
812 831 1094 891 fructibus
1133 829 1463 891 exitialibus
1483 830 1890 912 producendis¹
1930 833 2402 896 Circumvallavit

272 951 332 989 se
356 931 575 1012 quippe
601 930 662 988 in
687 928 943 988 scientiis
972 927 1338 986 naturalibus
1356 972 1371 1002 7
1408 926 1618 986 saltem
1647 927 1710 986 in
1738 927 2098 1009 physiologia
2122 952 2188 990 ac
2211 930 2402 990 medi-

272 1026 437 1102 cina3
477 1025 614 1085 hinc
657 1025 782 1084 istae
822 1024 1184 1083 identificare
1221 1045 1281 1082 se
1318 1023 1481 1082 omni
1527 1045 1636 1104 ope
1681 1024 1903 1083 vellent
1938 1045 2072 1083 cum
2105 1027 2225 1107 ipsa
2261 1047 2404 1108 psy—

270 1120 565 1200 chologiag
615 1142 729 1202 quo
757 1122 823 1179 fit
850 1132 916 1178 ut
952 1118 1143 1178 adhuc
1183 1119 1246 1177 in
1274 1141 1395 1177 non
1420 1119 1618 1201 paucis
1642 1120 1926 1197 ejusmodi
1964 1119 2404 1202 disciplinarum

268 1214 435 1275 libris
478 1238 659 1298 purus
693 1216 968 1275 doceatur
1012 1215 1458 1274 materialismus
1497 1216 1605 1295 (l).
1650 1218 1984 1296 Progressus
2022 1217 2262 1298 insuper
2285 1238 2408 1276 cra-

270 1312 533 1393 niologiae
567 1335 634 1372 ac
671 1311 1065 1395 phrenologiae
1086 1357 1102 1385 7
1141 1310 1250 1369 sub
1280 1311 1471 1393 specie
1503 1313 1641 1371 novi
1683 1312 1985 1390 cujusdam
2024 1313 2198 1371 fontis
2228 1313 2407 1372 scien-

271 1408 414 1467 tifici
437 1430 647 1490 parum
671 1419 770 1467 aut
787 1406 935 1466 nihil
951 1406 1235 1466 hactenus
1258 1406 1544 1488 comperti
1567 1452 1583 1480 7
1612 1407 1770 1467 haud
1794 1429 2003 1489 parum
2029 1407 2407 1468 contulerunt

270 1504 347 1566 ad
394 1504 687 1564 doctrinas
752 1503 1214 1584 materialisticas
1264 1502 1750 1562 disseminandas,
1814 1504 1960 1563 Cum
2015 1503 2189 1584 igitur
2236 1503 2407 1566 valde

271 1601 510 1660 intersit
538 1601 802 1679 juniores
841 1599 1139 1678 theologos
1173 1598 1530 1680 praemunire
1555 1597 1832 1658 adversus
1869 1597 2159 1658 influxum
2181 1645 2197 1674 7
2227 1620 2405 1682 quem

271 1697 526 1779 pessime
566 1708 840 1756 exercent
886 1715 1053 1759 novae
1090 1694 1328 1754 theoriae
1367 1694 1777 1776 physiologicas
1819 1716 1885 1754 ac
1932 1695 2366 1778 phrenologicae
2389 1743 2404 1772 7

264 1793 487 1870 juverit
531 1792 625 1851 hic
661 1791 882 1873 aliquid
911 1792 1157 1850 summis
1195 1789 1403 1850 saltem
1451 1789 1621 1849 labiis
1656 1811 1727 1850 ex
1760 1790 1875 1848 illis
1908 1791 2212 1872 attingere.

344 2050 418 2116 (l)
445 2046 574 2098 Soue
605 2048 817 2116 l'empire
850 2049 918 2097 du
956 2047 1300 2098 materialisme
1386 2060 1544 2115 utpote
1572 2052 1664 2115 jam
1688 2053 1830 2099 nimis
1861 2053 2052 2119 antiqua
2072 2088 2087 2113 ,
2123 2055 2172 2101 in
2202 2053 2412 2104 Manuel

268 2130 662 2199 philosophique,
689 2131 736 2180 la
755 2132 998 2181 medecine
1018 2131 1298 2194 elle-meme,

272 2214 445 2281 depuis
487 2231 586 2262 une
631 2216 883 2278 vv'nqtaine
927 2215 1184 2276 d'annees,
1232 2225 1303 2263 est

274 2295 486 2344 devenue
514 2303 639 2362 toute
667 2296 1008 2358 macer-iatine,
1049 2306 1150 2345 tout
1178 2314 1301 2346 ana-

274 2380 502 2444 tomique.
548 2378 616 2427 Ita
658 2377 718 2428 cl.
760 2378 1008 2446 Debreyne
1031 2418 1044 2440 7
1095 2380 1303 2428 Pensees

273 2459 391 2509 d'un
415 2470 615 2527 croyant
643 2461 911 2528 catholique
925 2500 942 2526 ‚
982 2480 1046 2511 ou
1078 2464 1299 2512 conside-

274 2541 462 2593 ratione
488 2543 877 2611 philosophiques
895 2585 908 2608 ‚
942 2545 1144 2595 morales
1161 2555 1207 2595 et
1231 2564 1303 2595 re-

273 2625 497 2691 liqieuses
521 2644 609 2676 sur
627 2628 669 2677 le
689 2629 1033 2679 materialisme
1051 2631 1300 2694 moderno,

274 2706 403 2757 Paris
447 2707 608 2775 1839,
644 2729 749 2776 pag.
787 2709 1010 2775 44.Cf1·.
1050 2716 1302 2778 praesertim

277 2791 637 2844 Introduction.
673 2794 912 2845 Consonat
943 2798 1031 2860 ipsi
1067 2797 1126 2846 cl.
1168 2797 1301 2845 Fori-

275 2872 397 2924 chon
428 2890 443 2925 :
480 2875 552 2924 Le
581 2878 921 2927 neoterialieme
948 2895 1008 2926 ne
1023 2879 1307 2944 futjamaie

275 2960 410 3005 aussi
435 2961 618 3024 positis·
633 2960 1043 3025 qu’aujfflird'hui
1058 2980 1076 3023 ,·
1110 2962 1150 3008 il
1173 2979 1203 3009 a
1233 2979 1305 3010 ees

236 3087 238 3090 ⁴
275 3039 463 3088 chaires
500 3049 546 3088 et
591 3059 664 3090 ses
703 3042 893 3107 feuilles
927 3044 1224 3109 publiques;
1267 3044 1310 3092 il

1383 2131 1441 2179 de
1470 2130 1649 2180 chimie
1674 2134 1938 2198 orqam‘que
1966 2134 2023 2183 de
2052 2133 2238 2202 Raspail
2262 2154 2411 2186 sermo

1383 2226 1450 2263 est
1486 2214 1554 2262 du
1584 2214 1748 2280 fluide
1777 2217 1865 2280 quvi
1900 2215 2123 2264 alimento
2161 2216 2209 2267 la
2235 2224 2413 2285 pensee

1383 2306 1426 2345 et
1455 2296 1718 2346 determine
1743 2297 1790 2345 Ia
1817 2297 2030 2360 volonte‚·
2060 2299 2107 2347 la
2130 2299 2312 2350 nolonte
2344 2311 2413 2352 est

1385 2379 1427 2428 le
1455 2379 1651 2430 resultat
1682 2380 1827 2429 d’une
1850 2383 2182 2431 combinaison
2207 2386 2408 2433 atomis-

1385 2466 1516 2529 tique
1560 2472 1690 2512 entre
1730 2463 1859 2512 deux
1903 2463 2102 2514 elemem
2147 2466 2317 2515 subtile
2367 2476 2412 2516 et

1384 2546 1781 2613 imponderables.
1799 2547 1817 2595 1
1823 2567 1856 2596 n
1871 2544 2106 2613 Mayazin
2117 2549 2207 2614 fiir
2219 2547 2410 2600 Seelen-

1386 2629 1547 2678 kunde
1560 2663 1576 2689 ,
1612 2647 1692 2678 seu
1715 2629 1937 2679 collectio
1955 2648 2049 2697 pro
2074 2634 2408 2698 seientiapaey-

1385 2713 1548 2773 ehiea,
1565 2731 1591 2761 a
1610 2713 1734 2761 doct.
1749 2713 1784 2761 F
1788 2714 2011 2763 riedreich
2027 2716 2209 2764 redacta
2222 2752 2236 2775 ,
2260 2712 2407 2775 1830,

1387 2795 1499 2843 fasc.
1536 2794 1599 2855 3,
1640 2782 1747 2860 pag.
1788 2794 1883 2860 57,
1925 2797 2090 2862 legitur
2119 2815 2134 2846 ε
2171 2795 2239 2846 Ce
2268 2795 2411 2862 qu’on

1386 2875 1568 2943 appelle
1593 2878 1713 2925 time
1729 2877 1847 2926 n'est
1876 2896 1965 2943 que
1983 2879 2206 2929 l'aetivite
2223 2878 2290 2926 du
2311 2896 2411 2927 cer-

1386 2976 1507 3022 vequ
1523 2995 1538 3020 ‚
1569 2967 1616 3008 et
1644 2977 1706 3007 en
1733 2961 1929 3025 qeneral
1957 2961 2038 3010 dee
2052 2963 2239 3028 parties
2268 2966 2412 3028 supe-

1386 3046 1568 3092 rieures
1585 3044 1651 3090 du
1664 3045 1864 3108 systeme
1882 3061 2126 3106 nereensem
2154 3043 2195 3092 le
2210 3062 2413 3093 eerveau

276 3131 385 3168 veut
422 3123 700 3172 contribuet·
745 3127 774 3172 ὰ
814 3125 1201 3190 l’enseiqnement
1237 3127 1305 3174 du
1378 3143 1526 3193 pense
1553 3143 1731 3174 comme
1761 3127 1995 3175 I‘estomac
2022 3126 2203 3190 diqere.
2231 3126 2320 3175 Sed
2351 3145 2413 3177 ne

270 3203 446 3268 peuple
477 3215 521 3253 et
543 3209 816 3273 participer
844 3225 945 3256 aux
959 3210 1158 3275 proqree
1180 3208 1304 3257 dela

276 3287 479 3337 science.
517 3288 584 3335 Le
609 3291 948 3338 materialisme
972 3302 1014 3338 et
1039 3291 1086 3339 la
1098 3291 1307 3356 phreno-

279 3366 402 3432 onie
420 3368 682 3418 eombattus
702 3371 826 3419 dans
845 3372 972 3420 leurs
983 3374 1273 3437 sondemem
1283 3410 1300 3436 ,

278 3459 364 3498 etc.
399 3451 523 3498 Paris
560 3449 683 3514 1840
706 3490 719 3511 7
756 3453 969 3525 Prefacej
999 3474 1100 3521 pag.
1140 3472 1232 3505 roo
1261 3468 1305 3505 et

279 3550 409 3599 seqq.
452 3532 717 3593 Caeterum7
762 3554 822 3585 ne
865 3554 1006 3602 opera
1046 3538 1300 3601 Darwinii7

276 3613 557 3664 Richerandi
613 3614 907 3684 aliorumque
963 3623 1264 3670 nominemus
1287 3660 1300 3682 ‚

1387 3212 1527 3257 nimis
1552 3210 1756 3274 prolixus
1775 3213 1861 3258 sim
1881 3219 1949 3257 sat
1966 3220 2031 3257 est
2047 3212 2185 3258 citare
2198 3208 2417 3258 Journal

1387 3291 1468 3338 des
1496 3291 1817 3358 applicatione
1835 3292 1892 3338 de
1913 3291 1960 3338 la
1980 3290 2286 3357 physioloqie
2301 3294 2414 3341 ani-

1386 3374 1508 3422 male
1536 3375 1566 3422 ὰ
1597 3373 1643 3421 la
1656 3372 1955 3440 physioloqie
1980 3374 2155 3423 sociale
2176 3392 2278 3442 par
2298 3375 2412 3424 l‘ob·

1386 3458 1629 3505 servation
1662 3464 1826 3505 exacte
1840 3492 1854 3517 ,
1894 3458 2148 3522 periodicas
2187 3460 2409 3525 epheme-

1386 3538 1507 3587 rides
1547 3539 1862 3588 trimestriales
1885 3577 1897 3599 7
1946 3540 2126 3590 Parisiis
2168 3542 2313 3591 editas
2347 3541 2407 3591 ab

1387 3640 1465 3671 an.
1509 3618 1652 3687 1837.
