2502 4134
909 126 1102 167 TRAc‘r.
1154 130 1221 166 DE
1266 129 1416 168 LOCIS
1459 133 1837 173 THEOLOGICIS.

317 98 436 167 352

318 271 530 333 borum
579 267 825 329 latitudo
862 288 927 327 ac
979 271 1410 350 improprietas
1453 274 1777 335 amovenda
1815 286 1939 353 est,
1985 297 2119 337 cum
2168 277 2436 339 notiones

317 368 551 452 proprie
580 386 645 424 ac
675 362 1074 446 philosophice
1105 362 1328 425 debent
1365 369 1640 427 constitui
1675 390 1740 428 ac
1776 370 2038 447 definiri3
2081 395 2189 434 nec
2222 397 2294 435 ex
2328 396 2396 434 eo
2416 420 2433 448 ,

319 460 774 546 quodcriticistae
792 481 856 518 ac
874 460 1415 521 transcendentales
1441 462 1527 520 nil
1557 463 1667 522 nisi
1697 469 1848 524 scire
1876 466 2221 546 admittant,
2251 491 2436 551 eoque

314 558 564 641 pessime
592 556 911 615 abutantur
941 567 1005 614 ut
1023 557 1208 634 fidem
1234 578 1474 617 omnem
1503 559 1799 637 rejiciant,
1827 559 2005 621 debet
2037 585 2244 626 verum
2277 566 2436 625 inter

314 653 492 714 fidem
528 674 593 712 ac
632 652 933 712 scientiam
978 652 1292 713 discrimen
1327 653 1560 714 elevari.

393 751 496 808 29.
535 751 616 808 Ex
640 748 920 808 hactenus
945 748 1252 808 declaratis
1278 749 1354 808 ad
1377 750 1691 811 nonnullas
1714 749 2143 836 philosophicas
2168 757 2434 819 notiones

314 844 781 920 enuncleandaS,
825 864 953 927 quae
996 845 1168 903 nimis
1205 857 1362 905 arcte
1406 866 1539 905 cum
1574 867 1639 907 re
1681 859 1879 907 nostra
1921 849 2431 930 conglutinantur,

313 943 482 1003 liceat
517 941 684 1001 nobis
720 941 986 1023 quaedam
1023 941 1360 1000 inconcussa
1396 942 1680 1024 principia
1723 955 1977 1004 statuere
1999 991 2015 1020 ,
2055 967 2186 1027 quae
2226 946 2437 1008 funda·-

311 1050 583 1098 mentum
608 1038 965 1097 tractationis
990 1050 1199 1096 nostrae
1226 1038 1374 1112 sint,
1403 1050 1462 1096 et
1484 1040 1607 1097 sine
1628 1038 1838 1121 quibus
1863 1041 2077 1122 quaevis
2103 1040 2174 1101 de
2196 1043 2435 1102 rationis

311 1137 500 1197 officio
540 1140 778 1217 ejusque
817 1146 975 1194 recto
1014 1156 1126 1192 usu
1170 1145 1308 1195 ante
1341 1133 1521 1194 fidem
1553 1135 1870 1217 disputatio
1906 1135 2066 1196 haud
2102 1138 2214 1198 rite
2256 1138 2437 1198 susci-

310 1245 567 1317 peretur.
610 1234 759 1291 Sunt
794 1241 990 1290 autem
1029 1252 1043 1289 z

395 1329 493 1390 30.
543 1330 605 1387 10
647 1329 980 1386 Humanam
1026 1327 1317 1387 rationem
1359 1349 1482 1386 non
1517 1327 1591 1386 ad
1628 1326 1874 1404 falsum,
1919 1327 2076 1410 quod
2122 1329 2436 1391 intrInsece

312 1424 629 1486 absurdum
666 1433 849 1499 esset,
890 1433 950 1482 et
989 1424 1225 1482 Auctori
1258 1444 1359 1482 suo
1395 1422 1939 1501 injuriosissimum,
1976 1423 2080 1483 sed
2117 1424 2191 1482 ad
2229 1447 2434 1486 verum

311 1534 521 1582 natura
559 1541 662 1578 sua
697 1529 1095 1600 comparatam
1127 1539 1281 1593 esse,
1325 1517 1589 1600 illudque
1629 1518 1879 1600 proinde
1916 1520 2279 1578 naturalibus
2317 1543 2436 1581 me-

309 1618 419 1681 diis
439 1663 456 1693 ,
496 1615 710 1698 quibu-s
745 1614 962 1697 pollet,
1004 1635 1173 1696 posse
1202 1613 1410 1673 saltem
1439 1616 1502 1672 in
1532 1613 1822 1697 aliquibus
1850 1626 1977 1674 tuto
2008 1618 2256 1698 assequi.

391 1715 489 1775 31.
521 1714 589 1771 20
613 1712 844 1793 Aliquas
868 1711 992 1769 dari
1015 1711 1342 1792 primitivas
1367 1711 1642 1772 veritates
1671 1712 1795 1771 sive
1812 1716 1973 1791 facti
1994 1713 2116 1775 sive
2142 1717 2429 1787 rationiS,

308 1830 436 1894 quae
469 1808 743 1870 intuitiva
778 1807 1075 1868 evidentia
1123 1805 1395 1864 omnibus
1432 1805 1692 1885 fulgent,
1734 1828 1863 1888 quae
1900 1829 1931 1865 a
1972 1808 2247 1883 nemine,
2291 1810 2434 1890 quin

307 1918 581 1967 naturam
605 1925 769 1963 suam
791 1901 1136 1962 rationalem
1157 1912 1457 1984 oppugnet
1476 1947 1492 1977 ,
1517 1902 1579 1959 in
1604 1901 1852 1960 dubium
1889 1904 2148 1963 revocari
2177 1915 2431 1986 queunt,

307 2024 436 2086 quae
470 2023 592 2059 non
628 1999 758 2058 idco
796 2019 945 2060 verae
981 2009 1155 2073 sunt,
1185 1999 1319 2079 quia
1350 1997 1423 2055 ab
1456 1996 1729 2056 omnibus
1764 2000 2086 2058 necessario
2115 2021 2435 2080 agnoscun-

306 2109 439 2173 tur,
485 2095 588 2155 sed
633 2094 762 2154 ideo
810 2093 885 2153 ab
926 2092 1197 2152 omnibus
1248 2095 1571 2153 necessario
1615 2106 2044 2173 agnoscuntur,
2101 2096 2234 2176 quia
2280 2117 2434 2155 verae

307 2203 483 2267 sunt3
519 2212 765 2274 quaeque
800 2211 934 2249 cum
958 2189 1024 2247 iis
1061 2189 1329 2266 judiciis,
1368 2204 1497 2270 quae
1530 2189 1693 2248 facile
1724 2211 1789 2248 ac
1821 2201 2032 2271 sponte
2069 2190 2256 2249 veluti
2288 2212 2431 2250 con·

306 2289 547 2349 sectaria
586 2286 724 2345 inde
762 2284 993 2360 fluunt,
1037 2305 1416 2345 communem
1458 2283 1769 2344 hominum
1809 2307 2049 2346 sensum
2084 2286 2431 2347 rationalem

306 2385 693 2447 constituunt.

389 2482 489 2542 32.
541 2480 609 2540 3⁰
637 2480 770 2540 Non
796 2477 971 2559 igitur
995 2475 1078 2538 de
1097 2475 1371 2537 omnibus
1401 2477 1869 2538 ratiocinandum
1897 2499 2052 2555 esse,
2083 2500 2206 2538 non
2232 2479 2429 2539 omnia

305 2726 466 2775 liorem
490 2722 795 2790 cognoscendi
824 2737 921 2771 esse
947 2714 1175 2769 modum?
1202 2718 1327 2767 Hinc

305 2818 428 2858 certe
453 2810 503 2857 in
535 2809 645 2872 ipsis
672 2805 906 2871 religionis
932 2801 1162 2869 mysteriis
1180 2839 1194 2863 ‚
1225 2819 1325 2868 quae

305 2909 434 2940 nunc
452 2908 531 2957 per
546 2888 793 2956 speculum
820 2898 866 2937 et
890 2889 940 2934 in
966 2886 1231 2949 em‘qmate,
1255 2886 1328 2932 ni-

306 2977 479 3023 mirum
518 2991 597 3039 per
636 2971 780 3021 fidem
821 2967 1194 3033 contemplamur
1217 3003 1231 3027 ,
1277 2968 1327 3014 in

306 3056 447 3107 altera
483 3059 602 3116 vita,
648 3055 746 3104 Deo
791 3053 961 3113 dante,
1005 3048 1327 3113 intelliqemia

305 3138 756 3205 comprehendemus
774 3174 788 3197 ‚
820 3145 1046 3203 quantum
1072 3150 1242 3198 nempe
1265 3132 1324 3181 li-

304 3233 376 3271 cet
393 3223 536 3271 finitae
557 3224 715 3270 menti.
728 3220 895 3269 Videat
913 3228 1116 3267 ceterum
1128 3215 1323 3275 Baltzer,

305 3306 517 3371 quamvis
549 3306 726 3368 optimo
752 3302 841 3350 hac
870 3303 920 3349 in
948 3318 997 3348 re
1028 3301 1188 3347 animo
1219 3316 1328 3363 pro-

303 3388 469 3449 cedat,
500 3404 588 3447 ne,
627 3386 739 3433 dum
774 3385 950 3433 Fichtei
988 3383 1213 3449 principia
1247 3399 1327 3429 ex-

304 3473 424 3522 tollit
454 3474 534 3535 (in
564 3487 656 3537 quo
682 3470 975 3518 Hermesium
1003 3467 1143 3522 nimis
1170 3466 1326 3513 imita-

305 3556 429 3616 tur),
472 3552 553 3620 qui
580 3555 631 3600 in
656 3551 751 3615 fide
780 3562 990 3611 tantum,
1034 3566 1132 3597 non
1171 3559 1325 3597 autem

304 3640 355 3686 in
383 3638 571 3687 scientia
595 3633 858 3684 realitatem
880 3633 1162 3699 objectivam
1183 3630 1326 3681 collo-

1408 2720 1560 2780 cavit,
1596 2719 1720 2768 hanc
1742 2721 1890 2785 ipsam
1916 2720 2170 2770 realitatem
2203 2720 2427 2770 infirmet.

1408 2799 1526 2849 Nam
1543 2836 1557 2860 ,
1574 2804 1787 2867 quamvis
1803 2805 1899 2867 ipse
1915 2804 2033 2851 inter
2049 2820 2096 2851 se
2116 2812 2161 2850 et
2185 2802 2428 2851 Fichteum

1406 2883 1498 2931 hoc
1516 2892 1689 2931 statuat
1716 2884 1964 2933 discrimen
1983 2921 1996 2943 ‚
2032 2884 2159 2951 quod
2186 2884 2294 2931 huic
2310 2882 2431 2946 fidei

1408 2966 1547 3014 etiam
1575 2966 1698 3012 scire
1729 2968 2035 3015 necessarium
2066 2966 2318 3030 praecedere
2347 2966 2429 3014 de-

1407 3048 1520 3097 bere
1550 3049 1646 3113 ipse
1672 3057 1903 3112 supponat
1941 3047 2017 3110 (id
2053 3046 2179 3112 quod
2214 3047 2428 3096 Fichteus

1409 3148 1507 3180 non
1540 3130 1786 3195 agnovit),
1820 3131 1964 3177 nimis
1990 3140 2147 3177 tamen
2181 3129 2427 3177 Fichtiano

1410 3215 1578 3280 placito
1620 3212 1757 3261 affine
1797 3229 1852 3261 ac
1889 3212 2081 3276 periculi
2122 3210 2317 3276 plenum
2360 3223 2429 3263 est

1411 3296 1689 3347 contendere
1710 3333 1724 3357 ‚
1778 3295 2031 3344 realitatcm
2083 3314 2428 3363 quamcumque

1411 3380 1686 3446 objectivam
1706 3415 1720 3437 ,
1755 3380 1894 3426 etiam
1923 3380 1971 3424 in
1999 3381 2211 3427 intuitiva
2233 3378 2424 3428 eviden-

1408 3466 1472 3512 tia
1505 3461 1746 3510 fundatam
1766 3497 1779 3520 ‚
1820 3478 1917 3508 non
1954 3479 2085 3526 posse
2116 3462 2306 3510 demum
2337 3463 2426 3509 nisi

1409 3562 1489 3611 per
1501 3552 1661 3594 actum
1677 3542 1904 3592 credendi-
1924 3554 2021 3594 tuto
2040 3554 2255 3611 certoque
2267 3545 2425 3608 arripi.
