2502 4134
954 55 1148 95 TRACT.
1196 59 1263 94 DE
1307 56 1458 96 Locls
1507 60 1887 101 Tnnozoalms.

312 35 432 97 480

311 202 498 261 dendi
514 221 628 280 pro
659 219 790 258 vero
818 218 994 256 omne
1013 198 1107 272 id,
1131 198 1287 279 quod
1314 200 1401 258 uti
1422 200 1749 260 revelatum
1774 208 2147 288 proponitur.
2181 210 2246 268 30
2272 212 2439 271 Certe

310 294 610 356 rationalis
648 294 1068 351 demonstratio
1110 305 1198 352 est
1232 315 1385 354 verae
1415 296 1562 374 fidei
1593 297 1776 355 radia·
1814 299 1904 377 (l)
1932 323 2034 361 seu
2073 307 2443 384 generatrix3

310 403 373 452 at
409 411 550 451 vero
589 390 652 446 in
698 387 1001 471 quodnam
1044 388 1185 449 fides
1230 387 1407 449 debet
1453 390 1729 450 ultimato
1771 393 1986 455 resolvi
2027 399 2138 458 nisi
2165 401 2227 459 in
2262 401 2445 476 illud,

309 509 341 546 a
369 508 484 568 quo
525 507 691 543 suam
724 487 990 565 yenesim
1035 484 1338 565 agnoscit?
1378 484 1446 544 40
1489 487 1556 544 In
1593 486 1705 546 hoc
1745 510 1922 569 porro
1965 489 2265 554 humilitas
2312 496 2450 556 fidei

309 581 574 641 consistit
593 626 608 656 7
630 579 790 663 quod
806 579 1082 639 admittat
1109 602 1175 640 ea
1198 626 1214 656 7
1236 572 1370 661 qziae
1387 604 1509 641 non
1533 584 1723 655 videt,
1738 583 1892 644 hanc
1907 585 2087 644 solam
2102 587 2178 647 ob
2192 610 2446 666 causam,

308 677 447 760 q'uia
491 682 648 736 ratio
688 678 761 735 id
785 678 1090 756 postulat,
1143 698 1210 736 ac
1249 676 1499 759 proinde
1531 679 1667 760 quista
1706 678 1885 739 homo
1933 703 1995 741 se
2040 693 2227 743 totum
2259 689 2454 747 tradit

306 778 544 834 rationi
566 775 678 855 (2).
710 774 776 832 5⁰
801 773 1136 833 Necessaria
1167 774 1371 856 utique
1396 785 1486 834 est
1522 776 1745 856 gratia3
1787 777 1892 837 sed
1926 778 2002 837 ad
2026 801 2204 861 quam
2235 781 2452 844 fidem?

305 872 399 932 Ad
419 893 551 932 eam
578 890 794 952 nempe
814 914 830 944 ‚
867 890 998 951 quae
1027 871 1230 948 effioaa
1247 882 1334 930 est
1355 916 1371 946 ,
1399 891 1528 952 quae
1552 882 1795 931 tantum
1826 895 1954 932 vere
1981 875 2299 956 theoloyiea
2326 890 2450 954 est,

307 990 437 1051 quae
470 990 574 1027 nos
603 968 820 1026 attollit
862 987 1039 1047 supra
1079 977 1385 1026 terrestres
1409 988 1537 1038 res,
1571 990 1761 1047 quam
1795 975 2073 1049 seqnitur
2095 975 2364 1051 perfecta
2401 986 2457 1033 et

307 1067 502 1125 libera
531 1066 803 1124 voluntas
835 1063 1137 1142 diliyendi
1159 1064 1364 1122 Deum
1394 1085 1614 1143 nosque
1645 1066 1732 1123 ad
1754 1070 2093 1145 perfeetum
2115 1070 2287 1128 ducit
2310 1071 2455 1150 leyis

308 1173 365 1221 et
401 1164 659 1242 spiritus
698 1180 893 1239 supra
948 1180 1195 1217 earnem
1237 1160 1583 1219 dominium
1629 1160 1737 1242 (3).
1776 1162 1841 1220 60
1885 1165 2138 1222 Demum
2175 1163 2455 1225 credendi

310 1259 531 1320 motiva
555 1303 572 1332 ‚
603 1253 927 1336 cujusmodi
948 1266 1088 1313 sunt
1112 1278 1204 1313 ex.
1236 1278 1320 1335 gr.
1351 1255 1632 1315 miracula
1656 1300 1670 1331 ‚
1695 1258 1930 1318 cuinam
1952 1261 2284 1320 auctoritati
2307 1262 2456 1322 inni-

309 1346 518 1416 tuntur
548 1355 662 1414 nisi
705 1352 1025 1413 humanae?
1063 1354 1206 1433 Ergo
1243 1374 1376 1412 cum
1413 1354 1538 1434 ipsa
1573 1375 1679 1412 nos
1709 1369 2099 1435 permoveant
2137 1357 2212 1416 ad
2251 1380 2454 1418 assen-

307 1453 578 1514 tiendum
627 1450 797 1524 fidei,
846 1461 1044 1531 patet,
1085 1450 1265 1511 fidem
1306 1447 1579 1507 ultimate
1624 1450 1686 1507 in
1717 1449 2041 1513 humanam
2084 1453 2298 1512 resolvi
2342 1476 2449 1513 au·-

308 1551 662 1611 ctoritatem.
692 1547 864 1620 Quod
881 1547 928 1604 si
952 1544 1301 1620 contendaS,
1324 1544 1424 1604 illa
1440 1544 1644 1605 divina
1669 1549 2014 1607 auctoritate
2031 1549 2164 1624 niti,
2192 1549 2452 1611 Ecclesiae

308 1658 524 1718 scilicet
541 1655 861 1716 infallibilis
882 1701 898 1730 ,
924 1675 1052 1736 quae
1067 1653 1307 1713 illorum
1325 1653 1615 1713 factorum
1633 1656 1944 1715 veritatem
1960 1668 2233 1735 testatur.
2252 1681 2453 1720 neces-

248 1794 255 1797 -
309 1756 460 1820 sario
480 1756 544 1814 in
582 1751 866 1813 circulum
897 1749 1221 1831 prolaberis
1241 1796 1257 1825 ‚
1299 1771 1418 1832 quo
1451 1752 1666 1811 veritas
1693 1763 1752 1811 et
1783 1752 2170 1814 infallibilitas
2187 1756 2454 1818 Ecclesiae

380 2006 448 2070 (1)
487 2002 619 2052 Intr.
651 2001 780 2068 phil.
811 2001 941 2066 praef.
971 2018 1078 2066 pag.
1115 2015 1194 2067 ¹7·
1222 1997 1344 2047 Fal-

308 2107 417 2139 sum
440 2097 535 2148 est,
570 2088 683 2136 dicit
721 2085 994 2134 Hermesius
1013 2121 1026 2144 ,
1057 2083 1184 2148 quod
1215 2083 1345 2130 inter

309 2170 539 2220 humilem
549 2171 588 2233 si
592 2169 698 2216 dem
716 2176 762 2215 et
777 2167 1230 2215 demonstrationem
1250 2164 1343 2212 du-

316 2259 400 2306 bia
417 2255 629 2304 studiose
652 2255 1082 2317 conquirentem...
1114 2249 1243 2297 adsit
1259 2264 1344 2315 op-

307 2341 524 2407 positio;
557 2356 583 2386 e
609 2345 777 2385 contra
820 2336 917 2383 ista
955 2333 1106 2381 dubia
1140 2332 1345 2395 conqui-

317 2439 428 2471 rens
456 2420 798 2469 demonstratio
817 2416 965 2465 radia·
983 2426 1030 2464 et
1047 2415 1258 2464 conditio
1278 2423 1347 2462 est

309 2522 419 2572 pue
448 2503 584 2570 fidei.
616 2502 706 2551 Sed
733 2519 886 2567 neque
907 2501 986 2548 hio
1009 2484 1124 2548 sistit
1148 2498 1345 2546 Herme-

318 2591 443 2648 sius;
483 2604 594 2635 nam
625 2603 724 2633 non
757 2584 816 2633 ad
850 2586 1090 2632 veritatem
1123 2582 1232 2631 fidei
1265 2599 1343 2646 ge-

319 2675 520 2721 neratim
539 2707 553 2729 ‚
589 2669 669 2718 sed
701 2668 758 2716 ad
792 2665 987 2731 sinqula
1022 2666 1202 2731 objecta
1234 2665 1345 2714 fidei

315 2755 507 2820 requirit
535 2761 762 2818 tanquam
787 2750 898 2798 fidei
923 2748 1133 2796 radicem
1148 2783 1165 2810 ,
1195 2748 1341 2808 idest,

314 2835 641 2886 conditionem
673 2835 780 2881 sine
816 2848 914 2898 qua
950 2847 1050 2878 non
1069 2866 1086 2891 ,
1124 2831 1247 2879 hane
1271 2832 1344 2895 ip-

316 2938 416 2971 sam
454 2921 915 2970 demonstrationem.
951 2915 1227 2965 Distinctio
1266 2914 1346 2963 ob-

299 3009 541 3072 jectorum
566 3003 688 3069 fidei
715 3012 760 3051 et
794 3002 987 3050 demum
1028 3016 1234 3048 examen
1273 3003 1348 3046 rei

308 3090 569 3156 propositae
594 3095 663 3136 est
693 3103 803 3152 erqo
818 3087 971 3153 juxta
997 3092 1207 3132 vestrum
1228 3098 1346 3148 pro-

307 3174 478 3239 prium
506 3171 766 3239 judicium
796 3170 1035 3235 (loquitur
1081 3167 1344 3215 Hermesius

313 3255 588 3303 adversariis
630 3254 761 3313 suis)
808 3252 1044 3316 requisita
1099 3249 1166 3296 ad
1199 3250 1344 3314 piam

308 3338 455 3404 fidem
481 3336 762 3403 possibilem
789 3335 1100 3384 reddendam.
1116 3329 1217 3383 Sed
1230 3332 1344 3397 qui·

314 3438 433 3470 nam
462 3421 686 3486 poteritis
725 3427 814 3466 aut
856 3417 1099 3465 audebitis
1145 3415 1342 3479 aequie-

313 3523 443 3556 scere
467 3506 559 3552 uni
600 3505 674 3552 rei
703 3504 995 3570 propositae,
1026 3509 1168 3565 atque
1205 3497 1345 3546 alteri

315 3605 618 3655 nequaquam
633 3623 648 3648 ‚
675 3602 732 3635 ac
748 3587 1088 3650 consequenter
1108 3581 1341 3649 objectum

1425 2016 1581 2056 unum
1617 1999 1871 2048 admittere
1891 2038 1903 2059 ‚
1936 1999 2140 2050 alterum
2174 2018 2282 2050 vero
2311 2019 2454 2069 repu-

1424 2082 1562 2130 diare
1582 2120 1594 2143 ‚
1634 2084 1756 2147 quin
1785 2082 1910 2132 hane
1941 2082 2215 2132 electionem
2242 2094 2452 2134 vestram

1424 2180 1509 2230 ope
1538 2180 1714 2212 severoe
1743 2164 2165 2225 demonstrationis
2185 2177 2360 2215 rectam
2378 2181 2454 2214 os·

1427 2249 1727 2298 tenderitis?
1761 2249 1885 2298 Ibid.

1497 2334 1567 2398 (³2)
1603 2333 1671 2383 lta
1696 2333 1889 2382 Hermes
1906 2371 1920 2393 ‚
1950 2331 2142 2385 Introd.
2170 2331 2296 2399 phil.
2320 2334 2450 2399 praef.

1426 2435 1533 2483 pag.
1576 2414 1670 2465 18.‘
1691 2415 1764 2464 En
1790 2416 1929 2465 verba
1958 2415 2183 2465 Hermesii
2209 2431 2223 2465 t
2255 2422 2360 2469 Non
2400 2423 2453 2468 in

1426 2500 1529 2554 hoe,
1553 2499 1675 2557 quod
1696 2499 1916 2544 credatur
1938 2499 2036 2543 sine
2059 2499 2243 2557 praevia
2270 2499 2455 2544 demon-

1426 2577 1679 2630 stratione,
1702 2577 1779 2620 sed
1802 2578 1854 2620 in
1876 2576 1956 2621 hoc
1978 2577 2191 2621 consistit
2212 2576 2455 2622 humilitas

1424 2654 1558 2711 fidei,
1589 2653 1712 2712 quod
1745 2656 2015 2697 assumatur
2039 2653 2185 2709 illud,
2216 2653 2337 2710 quod
2362 2663 2456 2696 non

1426 2731 1613 2776 videtur
1626 2765 1638 2785 ‚
1663 2730 1809 2774 solum
1821 2733 2070 2788 propterea
2085 2730 2199 2788 quia
2214 2729 2340 2773 ratio
2356 2727 2455 2772 eai—

1424 2808 1496 2865 9it
1518 2806 1649 2851 illam
1671 2806 2023 2858 admissionem,·
2044 2809 2086 2849 et
2102 2805 2223 2863 quod
2239 2804 2364 2848 ratio
2385 2806 2454 2847 ta-

1427 2884 1513 2929 lem
1557 2883 1887 2927 admissionem
1929 2882 2087 2940 eoeiyat
2105 2914 2121 2935 ,
2163 2880 2215 2924 id
2253 2879 2455 2924 ostendit

1422 2959 1682 3017 praecedens
1722 2956 2071 3003 demonstratio.
2115 2954 2211 2999 Ista
2256 2955 2453 2999 traditio

1429 3033 1733 3095 (Hingebung
1751 3032 1765 3094 )
1790 3035 1866 3078 sui
1883 3033 2029 3092 ipsius
2046 3031 2209 3076 ductui
2226 3031 2451 3085 rationis,

1425 3124 1525 3170 quoe
1551 3111 1603 3154 in
1624 3112 1902 3168 coqitatione
1922 3113 1965 3153 et
1985 3109 2038 3152 in
2057 3109 2237 3153 actione
2267 3108 2453 3152 creden-

1428 3189 1488 3233 tis
1517 3201 1563 3232 se
1587 3188 1752 3245 prodit
1786 3184 1910 3247 (sive
1931 3185 2027 3242 eJ’us
2048 3186 2157 3242 fides
2180 3184 2345 3228 habeat
2362 3195 2452 3242 pro

1424 3265 1594 3322 objecto
1633 3277 1731 3309 rem
1770 3261 2012 3319 reliyionis
2029 3294 2043 3314 ‚
2083 3262 2178 3305 sive
2221 3260 2452 3319 quidquid

1426 3337 1604 3400 aliud),
1628 3351 1724 3384 non
1744 3341 1809 3382 est
1832 3338 1983 3381 tenuis
2005 3336 2249 3395 abneqatio
2262 3336 2454 3394 jurium

1425 3421 1595 3463 nostroe
1615 3415 1843 3460 sensualis
1865 3419 2074 3469 naturce,
2099 3419 2188 3460 etc.

1482 3492 1551 3557 (3)
1571 3491 1774 3539 haidem
1785 3491 1973 3541 Auctor.
1982 3494 2032 3539 in
2046 3487 2202 3540 Theot.
2213 3489 2366 3554 doqm.
2383 3504 2452 3546 in,

1426 3590 1532 3642 pag·
1563 3572 1751 3641 469-47
1766 3591 1779 3621 1
1794 3609 1806 3622 ·
