2502 4134
291 104 410 165 382
901 131 1097 168 macr.
1143 133 1210 169 nn
1255 134 1402 173 Locis
1445 139 1829 181 russonoeicls.

288 281 356 330 ut
383 281 666 332 creaturae
685 315 701 345 ‚
743 282 947 353 utpote
985 273 1390 354 contingentes
1410 322 1426 351 ,
1454 277 1712 342 debeant
1745 283 1819 342 ab
1850 285 1963 345 alio
1993 288 2281 372 quidquid
2312 290 2411 350 ha-

287 365 434 427 bent
465 376 763 448 repetere,
807 369 1239 448 cognoscimuS‚
1288 392 1383 431 eas
1420 372 1638 435 habere
1682 375 1898 439 debere
1942 382 2214 445 ultimam
2258 388 2412 446 exis-

286 461 451 523 tendi
497 463 783 523 rationem
824 463 885 523 in
943 468 1082 525 Deo.
1135 465 1306 541 Quod
1362 468 1444 541 si,
1505 481 1571 529 ut
1621 470 1730 531 hoc
1782 474 2169 558 percipiamus
2218 480 2413 563 aliquo

287 557 614 637 indigemus
645 559 975 635 ratiociniQ
1009 582 1073 620 ac
1107 563 1358 644 proinde
1393 564 1588 648 aliquo
1623 568 1912 650 principio
1944 578 2124 654 loqico
2155 578 2408 649 utimur„

288 675 407 713 non
435 657 623 713 Deum
646 654 979 735 subjicimus
1011 657 1179 718 nobis
1198 706 1213 731 ,
1242 683 1362 719 non
1388 674 1587 722 contra
1615 669 1736 743 ejus
1766 666 1990 745 agimus
2018 670 2411 743 voluntatem,

280 749 390 811 sed
427 771 495 810 ea
525 750 872 812 adhibemus
913 756 1298 833 cognoscendi
1328 757 1515 817 media
1540 804 1556 833 7
1598 760 1810 842 quibus
1842 784 1949 822 nos
1987 766 2142 824 Deus
2182 767 2306 848 ipse
2335 770 2412 829 ad

283 869 422 907 eum
457 846 621 907 facile
651 850 1118 930 cognoscendum
1151 851 1470 913 liberaliter
1513 854 1816 916 instruxit.

369 943 467 1002 64.
521 943 607 1002 Ad
639 944 782 1021 10³¹,
815 946 966 1026 Neq.
1008 948 1202 1026 Piget,
1243 948 1443 1009 doctos
1485 972 1551 1011 ac
1590 951 1884 1032 religiosos
1924 954 2080 1015 viros
2111 956 2260 1016 serio
2291 956 2416 1018 haec

286 1040 569 1123 proferre.
600 1042 757 1099 Num
788 1043 946 1100 enim
981 1042 1123 1102 dum
1165 1045 1475 1127 Scripturas
1512 1049 1777 1123 oracula3
1816 1049 1959 1109 dum
1986 1053 2184 1112 Patres
2219 1053 2416 1114 Eccle-

287 1137 382 1196 siae
411 1159 516 1196 nos
551 1150 902 1219 provocant,
937 1151 1000 1197 ut
1033 1162 1101 1198 ex
1131 1141 1635 1224 contemplatione
1663 1158 2065 1206 creaturarum
2095 1149 2170 1207 ad
2197 1162 2418 1210 certam

286 1234 391 1293 Dei
415 1234 683 1293 notitiam
711 1255 1076 1315 assurgamus
1094 1283 1109 1311 .,
1138 1237 1213 1297 ad
1235 1238 1626 1300 idololatriam
1651 1243 1895 1302 rationis
1920 1266 2024 1303 nos
2048 1245 2418 1327 provocant?

285 1332 442 1391 Num
481 1343 638 1390 recta
681 1332 863 1404 ratio„
899 1332 1045 1391 dum
1081 1334 1144 1392 in
1177 1335 1363 1417 seipsa
1395 1358 1460 1396 ac
1489 1338 1551 1395 in
1588 1338 1860 1419 operibus
1896 1353 2118 1399 naturae
2156 1345 2413 1424 supremi

286 1427 548 1488 Auctoris
593 1428 680 1486 sui
727 1428 966 1509 vestigia
1009 1451 1460 1510 recognoscen3‚
1516 1454 1652 1491 eum
1701 1435 2051 1494 existentem
2100 1439 2415 1499 certissime

284 1522 561 1584 discernit
591 1534 650 1582 et
684 1523 818 1582 colit
840 1570 855 1599 7
899 1525 1122 1584 idolum
1158 1526 1266 1584 sibi
1301 1528 1635 1610 confingere
1664 1529 1909 1590 dicenda
1940 1530 2070 1590 est?
2112 1534 2321 1593 Dicant
2353 1532 2415 1593 id

273 1641 458 1703 *porro
491 1619 808 1680 adversarii
846 1620 918 1679 de
955 1622 1024 1679 iis
1063 1633 1297 1682 tantum
1340 1622 1706 1706 philosophis
1744 1626 2171 1703 delirantibus,
2215 1631 2316 1711 qui
2353 1651 2413 1689 se

270 1736 479 1776 *creare
517 1719 705 1775 Deum
731 1721 992 1796 jactant,
1030 1727 1132 1776 aut
1167 1719 1313 1777 dum
1355 1732 1581 1779 naturae
1619 1720 1786 1779 illum
1823 1721 2229 1799 identificant,
2276 1748 2415 1808 pro-

281 1812 481 1894 prium
520 1812 650 1892 Eyo
690 1811 767 1870 ad
800 1811 1127 1872 absolutam
1158 1817 1385 1874 naturae
1419 1815 1634 1877 divinae
1681 1817 2078 1878 conditionem
2118 1820 2418 1901 superbis-

282 1907 428 1968 sime
469 1906 783 1967 extollunt.

364 2003 463 2063 65.
510 2003 599 2062 Ad
626 2005 769 2080 11111,
799 2006 953 2065 Dis-t.
979 2006 1034 2064 Si
1059 2005 1362 2066 Kantianae
1390 2007 1728 2067 antinomiae
1756 2010 1996 2067 rationis
2024 2031 2186 2092 purae
2220 2024 2417 2071 essent

287 2077 435 2160 §ferae
468 2121 534 2159 ac
569 2100 788 2176 realeS‚
835 2122 1042 2168 conc.;
1080 2103 1129 2161 si
1162 2114 1512 2185 apparentes
1557 2114 1827 2179 tantum,
1869 2127 1997 2186 neq.
2043 2106 2228 2164 Nimis
2259 2128 2417 2166 com-

281 2208 518 2279 pertum
560 2208 682 2271 est,
729 2197 1080 2257 antinomias
1116 2198 1247 2258 illas
1290 2220 1412 2258 non
1461 2221 1581 2281 prae
1625 2221 1685 2259 se
1731 2199 1882 2260 ferre
1926 2201 2039 2258 nisi
2081 2199 2413 2261 dialecticas

275 2293 531 2372 argutias
568 2314 634 2352 ac
675 2293 1034 2375 sophismata
1066 2298 1190 2371 jam
1227 2293 1445 2374 pluries
1491 2295 1603 2354 sub
1640 2295 1763 2354 aliis
1811 2295 2103 2356 vocabulis
2145 2296 2410 2379 prolata,

280 2409 407 2470 quae
430 2389 690 2472 quisquis
714 2390 776 2448 in
805 2389 979 2449 rebus
1010 2390 1426 2474 philosophicis
1467 2392 1839 2452 mediocriter
1874 2394 2224 2453 exercitatus
2250 2394 2416 2455 facile

281 2485 597 2558 dissolvere
636 2498 831 2568 potest
864 2487 974 2568 (1).
1083 2485 1085 2487 ’

364 2583 463 2641 66.
513 2582 601 2643 Ad
638 2584 782 2658 12⁰¹,
815 2585 968 2643 Dist.
1001 2585 1057 2643 Si
1082 2584 1342 2644 humana
1377 2586 1729 2668 perversitas
1762 2587 2025 2662 veritati,
2057 2587 2263 2648 saltem
2292 2610 2415 2646 non

279 2680 624 2740 immediate
676 2679 936 2741 evidenti
966 2727 982 2756 ,
1040 2682 1317 2762 refragari
1375 2693 1698 2763 utcumque
1750 2706 1871 2742 non
1919 2696 2156 2766 posset,
2208 2705 2411 2755 cone„-

279 2796 443 2835 secus
468 2820 484 2851 ‚
518 2798 647 2858 neq.
677 2779 812 2837 Non
840 2799 1045 2837 omnes
1072 2778 1344 2860 quidem,
1372 2778 1507 2837 licet
1533 2779 1890 2838 firmissimas
1918 2801 1982 2839 ac
2010 2780 2249 2861 plenam
2273 2800 2412 2860 per-

349 2995 421 3061 (l)
460 2994 673 3062 Quonam
693 3007 827 3063 paeto
846 3016 917 3047 ex.
937 3016 1005 3061 gr.
1020 2997 1216 3047 Kantius
1234 3016 1303 3047 re-
1387 2994 1586 3046 realibus
1618 2997 1994 3063 contingentibus
2022 2993 2083 3045 ad
2116 3013 2300 3044 causam
2332 3014 2413 3045 ne-

278 3079 378 3142 jieit
396 3090 720 3144 argumentum
746 3080 1127 3146 metaphysicum
1150 3080 1303 3147 (quod
1389 3082 1635 3129 cessariam
1661 3091 2068 3144 argumentamur,
2100 3096 2196 3126 non
2212 3080 2412 3143 amplius

280 3164 375 3226 ipse
395 3172 527 3211 vocat
543 3165 897 3230 cosmologicum
915 3165 930 3228 )
959 3182 1042 3230 pro
1060 3167 1302 3213 existentia
1388 3166 1437 3212 in
1460 3181 1584 3212 mero
1607 3181 1660 3210 ac
1678 3164 1913 3210 abstracto
1931 3173 2158 3227 conceptu
2178 3159 2408 3224 sistimus}

280 3242 404 3292 Dei?
448 3243 566 3309 Quia
602 3265 769 3312 nempe
801 3248 1041 3296 resolvitur
1080 3249 1129 3294 in
1170 3266 1305 3311 argu-
1389 3250 1565 3296 utimur
1590 3265 1760 3311 nempe
1794 3263 1847 3294 eo
1871 3244 2116 3292 ratiocinio
2145 3248 2321 3306 mimo,
2357 3263 2412 3294 ex

283 3335 494 3374 mentum
523 3330 675 3392 ipsum
703 3346 734 3376 α
757 3331 946 3395 priori,
977 3329 1103 3395 quod
1142 3329 1303 3393 appel·
1389 3331 1509 3378 facto
1544 3330 1654 3377 reali
1693 3339 1738 3376 et
1781 3345 1833 3375 ex
1886 3330 2112 3392 principio
2156 3331 2343 3376 rationis
2380 3344 2412 3376 a

282 3407 343 3457 lat
358 3407 690 3473 omoloqicumL
712 3412 935 3478 Atquinil
954 3414 1095 3476 magis
1112 3411 1300 3460 falsum.
1378 3413 1543 3480 priori
1571 3411 1773 3460 conflato
1802 3448 1814 3467 ‚
1848 3411 1975 3476 quod
2006 3412 2198 3475 proinde
2225 3412 2282 3458 ad
2310 3427 2412 3459 rea-

283 3493 389 3542 Esto
412 3496 537 3541 enim
556 3531 568 3553 ‚
597 3495 724 3559 quod
742 3513 798 3543 ex
824 3512 953 3544 mero
969 3504 1195 3559 conceptu
1214 3512 1300 3543 en·
1386 3496 1560 3557 litatem
1592 3495 1784 3541 omnino
1816 3494 1968 3552 ducit,
1991 3503 2035 3541 et
2064 3497 2196 3558 eujus
2228 3492 2409 3541 mathe-

283 3582 337 3628 tis
372 3580 691 3644 perfectissimi
724 3591 922 3646 nequeat
955 3581 1136 3646 probari
1166 3579 1302 3628 realis
1387 3579 1567 3625 maticae
1591 3576 1798 3642 physicis
1821 3576 2059 3641 applicatae
2085 3579 2329 3625 innumera
2358 3591 2412 3623 ae

279 3659 381 3726 ejus
417 3664 677 3711 existentia.
713 3661 787 3711 Ast
815 3663 929 3711 dum
966 3680 1020 3711 ex
1055 3661 1301 3711 effectibus
1384 3659 1701 3708 ineluetabilia
1732 3658 1958 3707 exhibent
1985 3659 2213 3723 exempla.
