2502 4134
334 184 492 224 PAa'r.
538 185 628 220 111.
677 184 834 222 secr.
883 185 921 222 1.
967 185 1087 226 cn».
1133 187 1172 222 x.
1218 187 1284 223 nn
1330 186 1459 225 su.
1508 187 1634 225 ΑΜ.
1681 186 1788 224 ιτιι).
1834 187 2018 226 εΡΕστ.
2110 168 2228 228 375

120 341 310 387 turam
335 335 600 407 -specteS‚
640 347 868 406 semper
902 325 1106 385 debuit
1142 347 1265 386 esse
1306 326 1703 408 philosophia,
1727 329 1849 388 sive
1878 327 1952 388 ab
1981 329 2226 392 ethnicis

118 422 238 480 sive
269 441 300 482 a
330 419 667 479 Christianis
703 420 929 479 exculta
947 466 963 491 7
992 421 1228 480 scientia
1263 443 1480 503 nempe
1508 423 1768 484 veritatis
1800 424 1862 482 in
1885 423 2090 484 ordine
2119 448 2226 485 na·

118 514 291 574 turali
308 560 324 589 ,
349 525 508 575 recto
531 515 899 574 rationalium
928 514 1271 574 facultatum
1297 538 1400 574 usu
1424 528 1780 597 comparata.
1801 520 2007 599 Magna
2027 531 2226 581 tamen

117 611 367 669 fatemur
407 609 540 668 huic
586 610 697 690 ipsi
745 610 997 669 scientiae
1047 630 1124 670 ex
1159 609 1474 669 christiana
1521 611 1880 672 revelatione
1925 615 2227 676 commoda

116 706 450 780 accessisse,
480 705 553 764 de
596 728 712 785 quo
752 706 1012 765 inferius,
1065 707 1291 764 Interea
1323 705 1530 764 falsum
1582 717 1705 777 est,
1743 713 1985 787 paqani
2022 711 2230 770 mundi

118 800 506 882 perditionem
530 800 911 883 philosophiae
935 822 1057 859 esse
1080 799 1522 860 adscribendam
1541 846 1556 874 ,
1582 800 1685 860 sed
1706 800 1977 862 humanis
1996 815 2227 864 tantum

117 895 562 974 cupiditatibuS‚
590 895 936 977 praejudiciis
956 939 971 968 .,
1001 894 1372 976 opinionibus
1391 941 1406 968 ,
1437 917 1503 954 ac
1521 940 1536 969 .,
1571 895 1616 952 si
1643 894 1956 956 adversarii
1986 898 2224 975 volunt,

116 990 498 1074 philosophiae
541 992 716 1050 ctiam
760 991 940 1072 ipsius
988 990 1285 1048 abusibus,
1333 991 1495 1049 Vera·
1521 984 1753 1066 autem„
1797 989 1933 1052 licet
1968 993 2230 1054 ethnico-

117 1108 246 1144 rum
271 1132 287 1156 „
326 1084 728 1167 philosophia,
769 1085 829 1142 in
872 1095 1035 1143 tanta
1081 1084 1179 1143 illa
1220 1083 1611 1143 humanarum
1655 1087 1942 1144 mentium
1981 1089 2230 1149 caecitate

117 1192 179 1241 et
197 1180 519 1262 corruptela
537 1226 552 1254 ‚
583 1178 779 1261 plures
803 1179 1076 1238 veritates
1091 1223 1109 1253 ‚
1129 1178 1584 1258 adtheologiam
1611 1180 1940 1240 naturalem
1957 1181 2226 1265 legesque

117 1300 346 1338 morum
381 1288 743 1358 spectanteS‚
789 1275 988 1335 nativo
1022 1276 1263 1333 rationis
1298 1275 1519 1335 lumine
1557 1297 1860 1354 agnoscere
1902 1279 2094 1358 potuit
2113 1294 2135 1353 5
2170 1278 2230 1338 id

116 1373 271 1455 quod
308 1371 572 1453 Apostoli
613 1370 787 1429 etiam
834 1369 1059 1451 eloquia
1101 1380 1414 1431 testantur.
1459 1370 1628 1444 Quod
1675 1370 1722 1428 si
1773 1370 2102 1453 philosophi
2145 1373 2230 1432 illi

118 1467 426 1527 veritatem
463 1465 753 1546 cognitam
791 1469 861 1524 in
903 1469 1209 1543 injustitia
1250 1467 1668 1536 detinuerunt,
1700 1466 1764 1524 id
1801 1467 2068 1527 humanae
2103 1489 2232 1549 per-

111 1562 405 1623 versitatis
443 1583 507 1620 ac
541 1559 777 1619 malitiae
796 1606 812 1635 ,
840 1583 961 1620 non
988 1559 1373 1642 philosophiae
1399 1562 1608 1621 vitium
1636 1561 1763 1620 fuit.
1788 1563 1936 1621 Hinc
1961 1563 2229 1623 Clemens

116 1656 280 1716 Alex.
319 1656 568 1715 scribere
598 1678 719 1714 non
759 1654 1050 1717 dubitavit
1092 1677 1105 1711 :
1143 1656 1336 1735 Atque
1369 1668 1503 1715 erat
1529 1658 1773 1736 quidem
1813 1669 1949 1716 ante
1984 1661 2236 1717 Domini

114 1754 435 1810 adventum
468 1752 846 1830 philosophia
896 1751 1123 1810 Groecis
1175 1755 1512 1811 necessaria
1559 1753 1645 1811 ad
1667 1756 2025 1831 justitiam,·
2064 1775 2232 1812 mmo

115 1858 317 1906 autem
341 1858 421 1905 est
455 1849 626 1904 utilis
657 1849 742 1904 ad
761 1851 1074 1924 pietatem,
1104 1850 1213 1905 cui
1241 1850 1568 1906 necessario
1587 1850 2019 1926 praemittenda
2045 1859 2127 1907 est
2147 1850 2226 1907 ab

114 1946 192 2002 iis
212 1986 229 2016 ‚
260 1945 373 2021 qui
386 1942 569 2020 fidem
593 1963 664 2000 ex
691 1943 1190 2000 demonstratione
1216 1945 1572 2022 percipiunt
1594 1942 1705 2022 (l).
1735 1944 1966 2022 Mayna
1996 1954 2049 2001 et
2066 1964 2229 2022 proe-

113 2040 285 2096 clara
321 2038 444 2095 hoeo
484 2047 664 2106 aaut,
706 2036 787 2095 ait
829 2035 1222 2096 Catechismus
1267 2039 1630 2116 Romqtquae
1668 2038 1737 2095 de
1775 2040 1892 2096 Dei
1928 2049 2225 2097 natura...

114 2155 184 2191 ex
208 2153 414 2192 rerum
444 2132 786 2210 effectarum
822 2133 1270 2212 investiqatione
1303 2132 1649 2212 philosophi
1685 2143 2077 2212 coqnoverunt
2115 2132 2228 2214 (2).

185 2351 255 2411 (l)
287 2350 360 2398 Ἠν
400 2346 482 2412 μὲν
519 2346 583 2399 οὖν
621 2348 706 2416 arpo*
744 2355 826 2405 τῖς
860 2358 935 2399 τοῦ
979 2349 1130 2416 Κυρίου

117 2429 360 2496 παρουσίας
388 2434 447 2483 εἷς
466 2428 969 2486 ὃικοιιοσόνηνἘλλῆο-ιυ
994 2431 1134 2491 οἰναγ-

118 2509 228 2562 κοιῖοι
261 2509 527 2575 φιλοσοφίαι*
569 2510 650 2562 rvr)
689 2510 748 2562 δὲ
788 2510 993 2579 χρησίμη
1027 2510 1133 2580 πρὸς

117 2593 383 2645 Stoa-{Cum
414 2594 586 2655 γίνεται
604 2634 616 2655 ,
641 2593 916 2661 προπαιδεία
933 2616 1002 2649 τις
1026 2591 1134 2645 οἷο-οι

117 2678 212 2731 τοῖς
241 2675 320 2733 τήν
355 2679 507 2727 πίστιν
541 2676 613 2727 δι’
641 2675 912 2739 ἀποδείξεως
944 2699 1135 2745 καρπου-

117 2760 281 2823 polim.
312 2761 417 2810 Lib.
450 2778 465 2808 1
487 2799 501 2820 ‚
532 2761 709 2810 Strom.
737 2759 764 2827 ὃ
787 2759 848 2823 5,
876 2761 992 2810 edit.
1025 2761 1133 2809 Pot—

118 2845 239 2903 terii‚
268 2842 429 2891 Venet.
456 2853 566 2890 tom.
583 2860 619 2902 1,
650 2860 754 2907 pag.
773 2842 889 2891 331.
913 2842 1133 2907 Quamvis

119 2924 216 2972 haec
240 2935 363 2973 recto
396 2942 531 2973 sensu
564 2925 862 2988 intelligenda
888 2942 1011 2983 esse,
1046 2924 1139 2972 ob-

121 3010 398 3055 servavimus
431 3010 482 3054 in
512 3017 643 3055 tract.
676 3008 754 3055 De
790 3007 950 3071 qratia
977 3024 1024 3071 p.
1052 3023 1087 3056 i.

192 3087 258 3151 (2)
297 3088 375 3136 De
407 3091 568 3154 pri-mo
609 3090 752 3138 artic.
792 3088 946 3154 symb.
987 3107 1035 3136 n.
1078 3087 1128 3137 6.

128 3165 217 3215 Sed
255 3170 340 3218 cfr.
386 3181 510 3219 totus
554 3171 629 3218 hic
675 3171 803 3219 locus
854 3170 1132 3219 Catechismi

129 3246 264 3296 Rom.
299 3268 389 3316 quo
417 3253 484 3300 nil
510 3251 812 3303 lucuientius.
845 3252 1134 3318 Quantopere

130 3329 386 3396 philosophi
424 3334 492 3382 illi
532 3337 582 3383 in
622 3338 812 3384 veritate
854 3334 1135 3399 pervidenda

131 3415 355 3477 progressi
372 3426 540 3477 essent,
570 3418 769 3465 ostendit
795 3416 983 3482 August.
999 3415 1134 3464 Steu-

133 3491 578 3560 chueEugubinus‚
613 3503 663 3547 in
705 3517 783 3565 op.
824 3500 882 3548 de
917 3499 1137 3548 Perenni

128 3571 444 3640 philosophia.
462 3577 552 3628 Sed
580 3581 714 3647 longe
742 3571 1025 3631 exactius'ad
1047 3583 1136 3630 cri-

136 3656 245 3706 tices
271 3655 392 3723 leges
414 3675 515 3708 rem
540 3670 679 3712 totam
706 3664 922 3730 expendit
947 3664 1009 3715 cl.
1026 3663 1138 3712 Ger-

1216 2350 1384 2410 dilius,
1421 2353 1472 2399 in
1509 2368 1587 2416 op.
1626 2348 1976 2400 Introduzione
2009 2350 2103 2400 ano
2127 2360 2228 2401 stu-

1216 2427 1296 2480 dio
1346 2430 1467 2479 della
1522 2430 1748 2496 reliqione
1771 2469 1785 2490 ,
1846 2442 1962 2481 tom.
2014 2449 2064 2481 ix
2119 2451 2225 2499 opp.

1216 2512 1434 2561 Excessus
1467 2515 1604 2577 igitur
1631 2513 1720 2562 hac
1743 2515 1793 2560 in
1820 2530 1869 2563 re
1893 2516 2084 2563 omnino
2111 2526 2223 2564 sunt

1216 2595 1410 2643 vitandi.
1439 2594 1534 2643 Nec
1557 2597 1683 2644 enim
1716 2596 1777 2643 ita
1809 2594 2102 2661 philosophia
2129 2600 2226 2646 sive

1216 2677 1447 2725 rationalis
1467 2679 1560 2726 sive
1589 2677 1773 2725 moralis
1806 2678 2096 2727 ethnicorum
2125 2680 2230 2728 illo-

1215 2777 1320 2808 rum
1342 2760 1645 2808 collaudanda
1671 2769 1761 2819 est,
1799 2777 1854 2808 ac
1886 2763 1924 2808 si
1950 2778 2000 2809 ea
2032 2761 2231 2825 perfecta

1217 2851 1333 2891 esset
1359 2852 1404 2890 et
1428 2842 1635 2891 absoluta
1653 2879 1667 2902 ‚
1698 2842 1839 2909 longe
1864 2845 2035 2908 quippe
2054 2842 2112 2891 ab
2134 2843 2228 2892 hoc

1218 2922 1297 2971 illa
1329 2923 1485 2987 abest3
1520 2941 1607 2972 nec
1643 2941 1695 2972 ea
1723 2924 2051 2988 deprimenda,
2092 2942 2148 2973 ac
2184 2925 2225 2973 si

1216 3004 1474 3070 philosophi
1504 3005 1571 3053 illi
1603 3005 1671 3073 nil
1695 3007 1783 3053 nisi
1825 3023 1998 3054 errores
2026 3006 2228 3071 protule-

1216 3089 1327 3135 rint.
1367 3087 1498 3136 Hanc
1537 3089 1735 3136 mediam
1783 3091 1902 3136 viam
1944 3106 1970 3136 a
2007 3086 2223 3136 Patribus

1216 3180 1477 3218 constanter
1507 3175 1732 3218 servatam
1762 3188 1884 3229 esse,
1917 3172 2093 3235 egregie
2122 3188 2227 3235 pro-

1215 3252 1295 3300 hat
1324 3253 1374 3301 P.
1403 3253 1622 3312 Balthus,
1659 3256 1709 3301 in
1749 3271 1826 3319 op.
1866 3256 2120 3319 Juqemem
2147 3253 2228 3302 des

1216 3331 1316 3385 SS.
1347 3336 1496 3384 Perea
1528 3352 1613 3383 sur
1641 3335 1689 3384 la
1718 3335 1894 3384 morale
1919 3335 1977 3383 de
2001 3335 2048 3383 la
2068 3335 2229 3401 philo-

1216 3416 1383 3483 sophie
1391 3433 1628 3484 payenne.
1640 3417 1762 3466 Hinc
1778 3418 1913 3466 nobis
1930 3417 2114 3483 probari
2130 3434 2225 3465 non

1220 3510 1409 3564 possunt
1440 3502 1532 3548 sive
1573 3510 1745 3549 veteres
1786 3502 1880 3548 sive
1916 3500 2190 3548 recentiores
2211 3534 2225 3558 ,

1220 3583 1300 3648 qui
1316 3582 1609 3647 philosophos
1623 3582 1725 3631 illos
1739 3599 1898 3632 omnes
1915 3581 2053 3630 veluti
2067 3577 2228 3626 atheos

1222 3675 1299 3714 aut
1317 3663 1620 3733 panthema-3
1642 3666 1916 3729 traducunt,
1941 3664 1990 3714 id
2005 3662 2130 3731 quod
2142 3661 2241 3712 So*
