2502 4134
336 188 492 223 mar.
547 185 609 220 11.
659 183 808 220 secr.
862 185 925 220 n.
971 184 1091 220 cAP.
1137 186 1196 220 11.
1251 185 1315 219 nu
1360 185 1487 220 ΜΕῙ).
1536 184 1661 219 ceu,
1709 184 1873 220 rnAn.
2036 162 2157 220 287

135 331 275 389 435.
308 329 524 387 Cavete
551 336 828 407 praeterea
854 324 1028 385 debet
1048 371 1063 399 ‚
1097 338 1270 407 prout
1296 347 1499 384 omnes
1533 325 1780 405 theologi
1809 323 2159 399 admonent,

55 449 132 486 ne
162 421 480 485 confundat
501 421 788 499 objectum
805 468 822 490 ,
850 432 912 479 ut
943 422 1108 480 aiunt
1126 466 1142 494 ,
1166 420 1516 479 definitionis
1543 441 1676 479 cum
1704 423 1944 489 motiv0,·
1966 420 2027 478 in
2057 419 2160 479 illo

57 519 215 580 enim
245 516 484 577 Concilii
515 499 716 574 Patres
751 526 926 575 testes
963 525 1099 574 sunt
1134 513 1390 573 Ecclesiae
1422 512 1552 572 fidei
1589 525 1648 572 et
1679 513 2022 573 Traditionis
2042 561 2058 587 ‚
2094 535 2165 573 ac*

46 614 271 693 judices
305 602 482 671 etiam
510 610 1069 685 controversiarum,
1099 630 1217 667 non
1242 608 1302 665 in
1326 607 1437 664 isto
1457 652 1472 678 .,
1501 607 1563 665 in
1591 629 1707 688 quo
1726 607 1960 668 obnoxii
1981 608 2164 669 errori

52 729 180 768 esse
208 717 467 789 possunt.
500 704 662 765 Idem
687 703 778 763 dic
809 703 881 764 de
906 701 1319 785 quaestionibus
1342 700 1729 761 incidentibus
1755 702 1995 786 aliisque
2017 709 2065 782 ej
2075 727 2168 763 us·

59 802 216 861 modi
246 802 352 881 (l).
797 806 803 812 ”
1285 855 1287 858 ,

142 896 279 955 436.
329 895 495 969 Quod
530 915 665 953 vero
691 893 944 953 diximus
971 892 1042 950 de
1075 891 1409 971 dogmaticis
1440 889 1825 950 Conciliorum
1849 895 2171 962 oecumeni-

59 1013 259 1051 corum
293 987 723 1050 definitionibus
744 1033 759 1061 .,
790 1008 952 1068 aequo
978 991 1112 1064 jure
1142 985 1216 1045 de
1253 987 1421 1045 Rom.
1456 985 1797 1044 Pontificum
1829 986 2169 1068 dogmaticis

61 1087 307 1147 decretis
327 1085 437 1144 dici
458 1083 662 1156 debet3
689 1084 796 1163 ipsi
819 1081 977 1140 enim
1000 1101 1280 1159 organum
1305 1079 1658 1160 praecipuum
1678 1101 1905 1162 semper
1925 1084 2170 1142 fuerunt

63 1181 405 1241 Traditionis
448 1177 656 1237 divinae
694 1182 930 1256 ejusque
973 1184 1149 1233 testes
1196 1173 1448 1255 publici.¹
1496 1196 1840 1257 summaque
1876 1177 2164 1256 pollentes

60 1275 498 1335 auctoritate‘in
545 1269 926 1353 proponenda
968 1281 1091 1327 tum
1128 1268 1387 1327 Ecclesiae
1424 1271 1697 1329 Romanae
1742 1281 1869 1329 tum
1907 1272 2170 1332 Ecclesiae

64 1369 402 1429 universalis
422 1366 775 1426 Traditione.
802 1365 1170 1446 Quapropter
1186 1375 1312 1422 tuto
1335 1365 1546 1445 poterit
1570 1364 1869 1445 theologus
1884 1365 2164 1444 ejusmodi

62 1487 179 1545 pon
188 1464 354 1522 tificia
371 1462 599 1521 decreta
618 1471 876 1542 spectare
894 1460 976 1517 uti
1001 1451 1248 1538 genuina
1277 1459 1465 1518 media
1490 1460 1919 1542 propagationis
1936 1460 2172 1541 dogma·

61 1559 300 1617 ticarum
343 1557 773 1628 Traditionum.,
803 1553 1074 1635 illiusque
1111 1553 1240 1613 fidei
1259 1599 1275 1628 ,
1306 1575 1480 1637 quam
1519 1554 1758 1615 Ecclesia
1783 1555 1988 1637 quovis
2013 1566 2165 1616 tem·

63 1674 202 1734 pore
228 1652 483 1734 professa
513 1662 600 1710 est
622 1651 732 1730 (2).
1246 1727 1248 1730 y

146 1747 282 1810 437.
329 1746 656 1824 AdJ'ecimus
680 1766 853 1828 porro
869 1743 1253 1803 Conciliorum
1273 1749 1616 1823 praesertim
1641 1748 2170 1822 oecumenicorum,

65 1865 138 1903 ne
153 1842 462 1903 excludere
484 1840 813 1902 videremur
831 1839 1080 1899 Concilia
1100 1840 1463 1922 particularia
1481 1887 1496 1916 7
1524 1863 1903 1923 quaecumque
1926 1842 2167 1902 demum

66 1939 280 1997 fuerint
320 1937 441 1997 sive
484 1935 833 2008 nationalia,
869 1936 991 1994 sive
1039 1936 1430 2017 provincialia.
1471 1936 1844 2018 Exploratum
1880 1936 2170 2019 siquidem

65 2045 154 2093 est
175 2079 189 2107 ,
233 2054 503 2112 magnam
536 2053 658 2091 esse
689 2033 931 2103 istorum
957 2034 1020 2088 in
1058 2029 1297 2089 Ecclesia
1331 2033 1731 2094 auctoritatem
1752 2077 1768 2099 ,
1809 2031 2005 2114 plures
2039 2031 2170 2091 hae-

66 2151 219 2189 reses
251 2130 495 2188 istor'um
525 2150 696 2209 opera
731 2128 904 2187 fuisse
946 2127 1250 2189 damnatas
1285 2138 1344 2186 et
1376 2129 1691 2198 extinctas„
1730 2131 1946 2211 quaein
1978 2129 2171 2210 aliqua

64 2223 335 2304 peculiari
369 2224 664 2304 provincia
698 2234 865 2282 erant
890 2234 1102 2282 exortae
1122 2268 1138 2294 ,
1170 2244 1234 2280 ac
1259 2234 1565 2304 propterea
1599 2226 1843 2284 istorum
1874 2237 1999 2284 acta
2030 2227 2173 2283 toti-

66 2318 199 2376 dem
235 2339 356 2377 esse
395 2317 531 2376 fidei
563 2309 1000 2376 acTraditionis
1022 2362 1038 2389 ,
1073 2318 1132 2374 in
1159 2317 1541 2397 peculiaribus
1571 2318 1682 2378 illis
1714 2319 2043 2399 regionibus
2077 2320 2174 2379 vi-

63 2413 251 2492 gentis
274 2456 289 2486 ‚
320 2411 687 2471 documenta.
726 2411 894 2484 Quod
920 2414 968 2469 si
991 2411 1208 2470 fuerint
1238 2411 1356 2471 haec
1381 2412 1637 2472 Concilia
1662 2411 1736 2472 ab
1759 2413 2002 2474 Ecclesia
2034 2414 2174 2472 uni-

65 2528 227 2566 versa
268 2518 495 2587 recepta
517 2552 532 2580 ,
570 2506 926 2588 probataque
966 2528 998 2565 a
1033 2508 1198 2566 Rom.
1236 2508 1609 2567 Pontificibus
1625 2551 1646 2580 ,
1683 2507 1758 2594 ob
1799 2508 1950 2569 hanc
1987 2510 2172 2591 ipsam

70 2752 231 2800 cienda
266 2754 315 2798 in
348 2750 569 2799 Coneiliis
589 2787 603 2809 ‚
646 2761 894 2817 antequam
919 2753 1076 2800 venia·
1230 2753 1296 2815 (2)
1334 2752 1487 2801 Etiam
1530 2753 1948 2803 constitutionibus
1984 2755 2176 2818 dogma-

71 2842 146 2880 tur
168 2833 225 2880 ad
250 2833 567 2881 definitionem
595 2831 853 2891 edendam,
881 2832 978 2881 fieri
1002 2850 1080 2897 po-
1160 2836 1261 2883 ticis
1282 2833 1419 2884 Rom.
1443 2834 1717 2884 Pontificum
1737 2836 1956 2901 applicari
1978 2837 2175 2896 debent,

72 2923 183 2972 test,
208 2923 259 2961 ut
286 2932 311 2962 a
335 2913 548 2961 Patribus
568 2930 620 2962 ea
640 2914 952 2977 proferantur,
977 2930 1079 2980 quae
1161 2932 1264 2982 quae
1289 2918 1347 2965 de
1371 2917 1668 2966 distinctione
1694 2920 1817 2968 inter
1841 2917 2077 2983 objectum
2096 2919 2177 2968 de-

73 2997 263 3044 minimc
289 2994 527 3061 probanda
560 3005 687 3045 sunt.
720 2995 936 3045 Praeterea
972 3014 1079 3045 cum
1161 2998 1384 3047 finitionis
1421 3002 1613 3065 ejusque
1644 3003 1815 3050 motiva
1847 2999 2174 3051 disseruimus.

74 3074 226 3124 Patres
253 3086 359 3125 ante
383 3077 698 3126 definitionem
727 3077 903 3143 aliquid
929 3078 1080 3143 profe-
1164 3079 1271 3128 Ideo
1315 3099 1420 3129 vero
1438 3118 1452 3139 ‚
1498 3097 1600 3147 quae
1640 3088 1849 3146 spectant
1885 3083 1943 3130 ad
1971 3081 2177 3131 Concilia

78 3165 211 3220 runt,
237 3161 284 3208 id
300 3171 352 3209 ut
371 3164 532 3226 privati
562 3162 773 3223 faciunt3
801 3162 980 3210 decreta
998 3180 1081 3210 au·
1164 3165 1453 3210 oecumenica
1484 3172 1530 3211 et
1560 3162 1615 3210 ad
1656 3163 1884 3212 Romanos
1910 3164 2176 3225 Pontifices,

79 3248 170 3288 iem
191 3245 378 3292 nomine
406 3246 543 3292 totius
560 3243 755 3293 Concilii
777 3281 791 3302 ‚
812 3262 865 3293 ac
889 3246 1081 3309 proinde
1164 3243 1391 3308 complexi
1414 3244 1552 3291 simul
1571 3261 1731 3292 sumus
1756 3281 1769 3299 ,
1802 3247 1910 3311 quia
1941 3255 2036 3294 tam
2065 3245 2142 3294 illa
2161 3286 2174 3303 ‚

85 3317 283 3370 Ecclesiae
311 3324 527 3375 eduntur.
1165 3342 1272 3373 cum
1300 3325 1490 3389 probata
1518 3326 1691 3374 fuerint
1716 3346 1740 3374 a
1767 3326 1906 3376 Rom.
1940 3327 2175 3377 Pontifici-

149 3405 214 3468 (l)
233 3405 792 3471 Cfr.Melch.Canus‚De
809 3413 1080 3475 locislibm,
1165 3406 1253 3455 bus
1271 3444 1284 3466 ‚
1323 3425 1463 3473 quam
1500 3409 1574 3455 isti
1605 3425 1816 3473 suprema
1846 3399 2044 3475 gaudent
2074 3428 2179 3458 auc-

82 3501 184 3548 cap.
219 3484 278 3543 5,
313 3488 394 3536 ubi
418 3491 579 3554 plura,
607 3511 708 3560 quae
735 3495 794 3543 ad
827 3495 915 3544 hoc
949 3514 1084 3561 argu·
1168 3491 1346 3538 toritate
1366 3527 1379 3547 ‚
1416 3499 1460 3538 et
1499 3507 1665 3555 organa
1698 3501 1808 3539 sunt
1834 3493 1999 3540 divinae
2034 3493 2175 3540 tradi-

83 3577 288 3615 meutum
321 3569 604 3636 referuntur,
637 3577 827 3626 adnotat
865 3575 1081 3626 doctissi-
1167 3574 1328 3632 limfis,
1357 3574 1415 3621 de
1443 3590 1536 3638 ‘1¹¹³
1561 3573 1815 3638 quUiOEU‘·

83 3665 184 3695 mus
212 3648 286 3697 bic
313 3660 485 3700 auctor.
