2502 4134
318 161 476 196 PART.
527 158 615 194 111.
664 156 812 194 SECT.
862 157 902 190 1.
952 156 1075 192 CAP.
1123 155 1162 191 l.
1210 156 1276 191 DE
1322 155 1620 194 RAT..AM¹.
1671 157 1779 193 Fu).
1828 156 2010 195 SPEGT.

2081 137 2195 196 351

102 311 425 385 perspectas
444 298 655 374 intime
679 298 938 357 rationes·
960 295 1175 356 habere
1192 342 1206 370 7
1235 296 1392 378 quod
1415 297 1734 357 necessario
1759 299 1972 358 mentis
2001 322 2200 359 assen-

101 418 228 456 sum
266 394 492 454 veritati
527 414 592 452 ac
616 393 866 453 realitati
887 393 970 452 rei
993 391 1516 466 debetincludere3
1542 394 1641 473 qui
1665 393 1903 475 quidem
1931 415 2193 456 assensus
2277 468 2291 482 l
2376 416 2381 423 ’

101 512 219 549 non
242 512 274 548 a
301 488 441 564 fide,
470 487 572 547 sed
596 488 669 547 ab
694 489 817 571 ipsa
839 487 1099 547 veritatis
1121 485 1505 565 intelligentia
1535 488 1897 568 progignitur
1923 491 2029 570 (l).
2048 491 2204 563 Qua—

101 585 399 659 mobrem,
442 585 576 644 licet
611 584 891 644 latissimo
938 582 1192 665 quodam
1237 581 1414 640 modo
1462 592 1522 641 et
1573 585 1937 646 conscientiae
1988 585 2206 668 aliquid

100 681 343 739 interius
375 679 660 740 revelanti
683 725 699 754 ,
737 691 795 738 et
825 678 1122 760 principiis
1153 677 1292 759 ipsis
1328 677 1645 751 intuitiviS,
1684 689 1743 738 et
1771 680 1981 740 rationi
2002 702 2205 742 neces-

102 776 276 834 sarias
307 774 591 834 illationes
628 775 768 834 inde
803 773 1150 847 deducenti,
1191 771 1572 856 eudemum,
1611 783 1677 831 ut
1709 773 1900 834 aiebat
1935 777 2206 856 Augusti-

103 893 213 928 nus
235 916 249 943 ,
286 870 512 932 veritati
538 869 650 951 ipsi
682 891 789 928 nos
825 870 1056 928 credere
1084 867 1196 927 dici
1232 867 1513 948 possimus
1548 867 1660 949 (2),
1698 867 1820 929 haec
1848 879 2045 932 tamen
2073 893 2207 933 ver—

146 1101 235 1164 (l)
273 1099 349 1149 Sic
378 1103 515 1148 etiam
549 1099 813 1147 Aristoteles
857 1099 915 1147 de
956 1101 1114 1163 primis

106 1185 338 1247 principiis
369 1185 432 1229 ait
462 1198 475 1229 ε
516 1179 643 1227 Sunt
675 1181 914 1233 enimvero
946 1178 1046 1227 hoec
1072 1187 1118 1227 ‘et

104 1280 214 1311 vera
239 1272 284 1310 et
300 1264 465 1327 prima
481 1298 496 1318 ‚
530 1278 638 1325 quae
657 1277 757 1308 non
781 1260 841 1309 ab
871 1258 1012 1316 aliis,
1035 1259 1118 1307 sed

104 1363 134 1394 a
163 1346 332 1410 seipsis
341 1343 484 1408 fidem
504 1343 697 1392 habent.
716 1344 732 1406 (
756 1342 927 1408 Topic.
946 1342 1031 1391 lib.
1046 1359 1061 1391 ι
1076 1343 1114 1406 );

105 1425 229 1475 unde
237 1426 492 1491 Aligherius
504 1434 676 1485 noster,
693 1424 943 1472 Aristotelis
953 1423 1117 1472 cultor:

378 1550 390 1560 .
454 1520 541 1560 Fia
566 1534 651 1576 per
675 1534 719 1559 se
745 1524 848 1560 noto

216 1594 254 1631 A
278 1591 404 1646 guisa
441 1589 516 1631 del
544 1606 625 1632 ver
648 1592 797 1646 primo
827 1606 854 1631 a
870 1589 947 1632 che
983 1582 1116 1632 I'uom

329 1661 455 1703 crede
484 1665 497 1716 (
517 1661 682 1704 Par-ad.
702 1676 734 1703 u
749 1696 761 1716 ‚
797 1677 837 1704 v.
858 1661 914 1716 44
933 1666 961 1709 ).

106 1764 170 1812 lta
211 1765 347 1812 etiam
377 1763 710 1824 Tertullianus,
735 1763 820 1813 lib.
842 1760 914 1812 De
941 1765 1116 1812 testim.

101 1847 280 1892 animoe
293 1880 309 1902 ,
339 1845 490 1894 aiebat
523 1862 538 1894 ε
577 1845 644 1895 Ut
666 1853 710 1893 et
736 1857 925 1894 παίωνα·
951 1854 997 1894 et
1014 1845 1118 1894 Deo

103 1927 266 1975 credas
286 1964 304 1989 ,
340 1929 475 1977 crede
515 1930 692 1977 aniaenoe
708 1945 729 1989 ‚·
767 1929 846 1977 sed
885 1928 983 1977 haec
1025 1928 1118 1976 lato

103 2010 242 2058 modo
287 2010 407 2058 dicta
440 2029 537 2059 esse
565 2021 769 2075 apparet.
797 2010 927 2058 Certe
959 2010 1120 2074 Augu-

104 2093 251 2140 stinus
270 2129 284 2152 ‚
323 2094 456 2158 cujus
488 2094 808 2141 auctoritatem
839 2091 898 2140 ad
915 2109 963 2140 se
994 2091 1116 2156 prof.

106 2169 284 2221 Baltzer
331 2173 507 2221 trahere
556 2173 723 2233 vellet,
775 2191 954 2238 semper
1000 2175 1119 2222 inter

107 2255 346 2301 scientiam
386 2264 430 2302 et
468 2254 607 2302 iidem
646 2257 851 2318 apprime
891 2255 1116 2303 distinxit.

114 2334 258 2400 Quod
281 2333 623 2400 intelliqimus‚
657 2336 875 2383 debemus
901 2337 1083 2385 rationi
1098 2353 1119 2397 ,·

106 2416 231 2479 quod
263 2416 532 2478 credimus,
572 2419 867 2467 auctoritati.
900 2417 1006 2467 Lib.
1042 2417 1121 2466 De

107 2495 259 2544 utilit.
289 2496 414 2544 cred.
444 2514 547 2563 cap.
582 2513 630 2544 ιι
658 2531 673 2558 ,
704 2515 756 2546 n.
788 2495 871 2546 25.
903 2496 993 2546 Sed
1021 2516 1119 2547 ma-

109 2577 174 2638 gis
205 2574 518 2640 philosophice
552 2593 647 2623 rem
674 2579 884 2641 attingit,
910 2575 1118 2625 Retract.

107 2657 191 2705 lib.
224 2673 267 2715 ι,
296 2674 398 2720 cap.
443 2655 532 2720 14,
571 2658 652 2705 ubi
681 2658 837 2705 scribit
869 2674 883 2706 ε
921 2655 1121 2723 Proprie

105 2740 280 2804 quippe
299 2755 446 2803 quum
471 2737 734 2804 loquimur,
757 2738 812 2786 id
830 2737 980 2787 solum
997 2741 1120 2787 scire

108 2819 344 2881 dicimur,
386 2820 511 2884 quod
551 2821 725 2867 mentis
757 2820 903 2883 firma
932 2822 1121 2868 ratione

108 2899 562 2966 comprehendimus.
588 2900 713 2949 Cum
743 2918 852 2949 vero
880 2901 1121 2966 loquimur

112 2983 262 3031 verbis
295 2985 632 3032 consuetudini
660 2985 931 3050 aptioribus
949 3021 964 3047 ,
995 2987 1122 3033 sicut

113 3062 315 3127 loquitur
339 3068 482 3114 etiam
509 3066 679 3115 divina
705 3063 994 3133 Scriptura,
1023 3083 1120 3115 non

114 3143 379 3195 dubitemus
404 3148 558 3196 dicere
574 3185 599 3215 ‚q
625 3150 746 3197 scire
769 3165 856 3198 uos
873 3187 887 3206 ‚
926 3158 971 3196 et
995 3148 1122 3214 quod

109 3227 399 3291 percipimus
419 3233 595 3278 nostris·
620 3233 833 3297 corporis
865 3232 1084 3279 sensibus
1098 3266 1116 3293 ,

110 3317 153 3352 et
176 3307 298 3370 quod
321 3309 415 3372 fide
437 3310 598 3376 diqnis
629 3313 870 3361 credimus
896 3314 1118 3370 testibus,

111 3386 226 3434 dum
265 3396 420 3438 tamen
454 3397 579 3441 inter
621 3394 725 3444 hoec
761 3404 807 3444 et
837 3394 962 3444 illud
1002 3394 1121 3459 quid

113 3466 254 3514 distet
269 3469 690 3535 intelliqamus.Ex
717 3494 811 3543 quo
839 3482 993 3542 patet,
1017 3486 1121 3525 tan-

116 3559 213 3596 tum
244 3550 425 3612 abesse,
450 3564 500 3601 ut
520 3557 802 3622 Augustinus
832 3576 979 3607 omne
997 3560 1120 3606 scire

113 3630 170 3677 ad
208 3630 391 3680 credere
435 3646 640 3698 revocet,
683 3650 734 3688 ut
769 3643 947 3703 potius,
989 3636 1116 3706 juxta

1197 1102 1492 1147 communem
1519 1099 1740 1164 loquendi
1769 1103 1988 1163 modum,
2022 1105 2207 1155 credere

1196 1181 1350 1244 ipsum
1379 1180 1437 1228 ad
1463 1181 1585 1227 scire
1610 1185 1812 1231 revocari
1836 1201 1963 1249 posse
1985 1186 2204 1250 fateatur,

1199 1263 1413 1325 quamvis
1428 1261 1743 1326 philosophice
1760 1263 1993 1330 loquendo
2015 1271 2206 1318 omnino

1198 1343 1321 1390 inter
1340 1360 1388 1392 se
1414 1343 1812 1395 discriminentur.
1827 1346 1906 1394 Nil
1931 1366 2045 1414 opus
2064 1361 2130 1399 est
2151 1351 2208 1400 de

1198 1422 1250 1471 S.
1272 1423 1450 1472 Thema
1481 1425 1661 1484 dicere,
1690 1425 1819 1475 fideli
1844 1426 2086 1494 Augustini
2112 1432 2209 1480 dis-

1199 1505 1355 1570 cipulo
1370 1543 1383 1565 ‚
1410 1509 1585 1573 quique
1610 1517 1729 1557 certe
1754 1509 1874 1558 inter
1896 1512 2018 1559 scire
2045 1525 2089 1562 et
2107 1529 2209 1562 cre·

1196 1585 1305 1634 dere
1352 1588 1564 1638 eamdem
1613 1588 1957 1641 distinctionem
2001 1603 2211 1643 accurate

1198 1674 1398 1720 servavit
1417 1708 1431 1732 ‚
1461 1682 1600 1738 prout
1623 1672 1904 1725 luculentius
1926 1694 1979 1725 ex
2004 1677 2210 1729 dicendis

1199 1752 1391 1818 patebit.

1263 1835 1333 1899 (2)
1371 1834 1493 1883 Prof.
1534 1835 1709 1887 Baltzer
1746 1839 1973 1903 confidit,
2006 1857 2053 1889 se
2084 1857 2210 1906 posse

1199 1918 1287 1966 hoc
1321 1927 1566 1983 systemate
1605 1918 1759 1969 Kantii
1784 1923 2062 1987 principium
2095 1940 2209 1971 con·

1198 1999 1395 2058 vellere,
1432 2003 1513 2067 qui
1550 2003 1601 2048 in
1639 2001 1789 2062 scala,
1832 2012 1886 2051 ut
1924 2005 1987 2052 ita
2021 2004 2206 2067 dicam,

1199 2080 1547 2146 psychologica,
1588 2085 1738 2148 primo
1779 2086 1978 2150 opinari
2019 2088 2204 2151 posuit,

1199 2163 1367 2212 deinde
1397 2163 1584 2212 credere
1605 2202 1618 2223 ‚
1664 2167 1797 2214 tertio
1829 2168 1951 2215 scire
1985 2178 2207 2234 tanquam

1200 2262 1466 2308 supremum
1484 2255 1649 2293 statum
1665 2245 2064 2312 psychologicum.
2075 2249 2208 2299 Certe

1199 2326 1289 2374 hoc
1325 2329 1599 2392 principium
1636 2327 1930 2377 falsissimum
1967 2341 2033 2378 est
2067 2347 2121 2379 ex
2155 2347 2208 2380 ea

1200 2418 1359 2472 parte,
1394 2408 1522 2474 quod
1554 2419 1733 2457 tantum
1768 2411 1892 2458 seire
1924 2410 2034 2460 dare
2070 2413 2210 2476 possit

1200 2489 1334 2538 nobis
1350 2491 1606 2538 realitatcm
1629 2489 1900 2558 objectivam
1916 2495 2206 2559 (quanquam

1200 2573 1250 2617 in
1273 2570 1502 2619 Kantiano
1519 2581 1761 2637 systemate
1778 2573 1900 2621 scire
1915 2575 2069 2638 ipsum
2087 2591 2207 2623 non-

1200 2654 1287 2700 nisi
1311 2652 1612 2716 phaenomena
1637 2651 1899 2718 exhibeat);
1931 2672 2040 2702 cum
2068 2657 2207 2704 etiam

1200 2733 1415 2794 credere,
1444 2734 1560 2782 dum
1590 2750 1644 2784 ex
1667 2735 1829 2784 validis
1855 2739 2114 2786 extrinsecis
2135 2755 2208 2787 ar-

1200 2820 1431 2882 gumentis
1468 2818 1548 2866 fiat
1568 2853 1581 2876 ‚
1617 2835 1703 2867 nos
1732 2819 1789 2868 de
1820 2820 2022 2870 realitate
2053 2839 2208 2870 rerum

1202 2900 1429 2965 objectiva
1474 2913 1618 2950 certos
1663 2902 1853 2952 reddere
1892 2913 2051 2969 queat.
2096 2903 2208 2970 Quis

1201 2984 1324 3030 enim
1353 3000 1449 3031 uon
1477 3000 1609 3050 aeque
1633 2991 1787 3033 certus
1812 2987 1870 3033 sit
1894 2985 1952 3033 de
1970 2988 2208 3035 existentia

1200 3063 1423 3129 objectiva
1455 3082 1507 3113 ac
1534 3062 1644 3113 reali
1672 3066 1802 3115 urbis
1824 3065 2011 3126 Romae,
2050 3069 2087 3116 si
2106 3085 2210 3117 eam

1200 3149 1394 3211 propriis
1419 3147 1562 3195 oculis
1590 3148 1765 3207 videat,
1785 3165 1836 3196 ac
1854 3149 2044 3213 proinde
2060 3151 2206 3211 sciat,

1201 3237 1279 3275 aut
1302 3229 1339 3275 si
1367 3246 1419 3277 ex
1452 3238 1516 3276 tot
1540 3230 1724 3276 testium
1749 3231 2018 3279 auctoritate
2036 3247 2207 3295 cogno-

1200 3311 1343 3370 verit,
1372 3327 1426 3358 ac
1446 3310 1636 3375 proinde
1663 3310 1861 3359 credat?
1887 3310 2027 3376 Igitur
2046 3330 2100 3362 ex
2123 3314 2209 3362 hac

1199 3404 1325 3458 parte
1344 3396 1467 3442 scire
1492 3403 1537 3442 et
1557 3393 1739 3442 credere
1755 3396 1804 3442 in
1827 3395 1987 3443 eodem
2009 3396 2208 3461 psycho-

1199 3476 1345 3541 logico
1373 3477 1516 3541 gradu
1546 3486 1672 3525 sunt.
1708 3475 1880 3525 Verum
1914 3479 2018 3544 quis
2045 3487 2204 3542 neget,

1200 3557 1338 3606 relate
1361 3558 1420 3608 ad
1451 3561 1543 3606 vim
1571 3556 1886 3624 intelligendi,
1914 3560 2066 3618 scire,
2098 3575 2207 3606 cum

1200 3641 1386 3689 intimas
1414 3658 1567 3689 rerum
1600 3641 1795 3690 rationes
1832 3643 2035 3705 aperiat,
2071 3639 2207 3688 nobi-
