2502 4134
289 190 446 227 PAnr.
476 178 584 225 ⁴111.
631 188 779 225 secr.
830 190 868 224 1.
915 189 1035 226 GAP.
1088 190 1125 225 1.
1172 189 1239 225 m:
1282 186 1411 226 RAT.
1461 187 1587 226 Am·-
1640 189 1745 224 mn.
1791 185 1969 223 senor.

2074 163 2187 223 331

91 354 225 392 mus
272 333 705 411 metaphysicas
743 331 994 404 Fichtei3
1035 330 1244 391 exinde
1281 330 1643 413 philosophia
1687 331 2051 400 identitatis,
2092 350 2194 388 seu

90 429 406 487 realismns
445 427 751 487 absolutus
793 425 1117 506 schellingii
1138 426 1161 499 ς
1206 425 1415 485 exinde
1460 436 1772 504 systemata
1817 420 2193 484 Bouterwekii

92 544 155 581 ac
190 521 457 596 Bardilii‚
500 522 879 603 pantheistica
913 520 1042 582 labe
1072 521 1383 602 adspersa3
1425 520 1634 579 exinde
1668 519 1907 578 demum
1942 518 2193 601 philoso-

89 617 260 699 phica
293 616 511 700 Hegelii
543 616 799 676 doctrina
819 661 835 692 ,
869 618 965 698 qui
1004 616 1328 694 subjectum
1359 636 1423 674 ac
1450 612 1744 691 objectum
1776 616 1837 672 in
1871 613 1999 673 idea
2023 612 2196 673 iden⁶

90 712 297 770 tificari
321 734 576 793 ponenS„
608 711 682 772 ab
707 711 847 773 ideae
875 711 1052 793 ipsius
1080 710 1257 791 logica
1293 709 1624 769 evolutione
1657 707 1979 768 realitatem
2009 709 2196 790 ipsam

89 804 446 884 obJectorum
494 808 709 866 educit.
761 806 1046 865 Nimirum
1089 806 1186 863 isti
1233 802 1603 886 philosophi,
1646 803 1843 862 Kantii
1884 804 2186 885 principiis

94 921 158 958 ac
200 900 468 982 exemplo
516 901 781 974 excitati,
830 900 1131 961 scientiam
1177 896 1680 979 ejusque‘objecta
1723 920 1762 955 a
1798 901 2043 977 priori,
2095 918 2199 956 suo

95 997 493 1078 unusquisque
533 996 708 1055 modo
727 1042 742 1070 .‚
780 1006 1142 1069 construere,
1168 1015 1263 1067 ac,
1289 1004 1352 1052 ut
1372 994 1609 1074 proprio
1629 993 1888 1073 ipsorum
1919 991 2198 1052 vocabulo

98 1102 338 1150 utamur
356 1137 371 1165 ,
411 1114 612 1151 creare
637 1091 746 1172 (l),
776 1092 840 1148 in
876 1090 1137 1149 animum
1177 1088 1556 1147 induxerunt.
1588 1088 1668 1145 Ex
1694 1108 1809 1168 quo
1838 1087 2054 1146 factum
2075 1097 2195 1162 est,

98 1198 164 1244 ut
193 1189 341 1246 ratio
382 1187 635 1244 humana
683 1187 804 1245 sive
838 1180 917 1242 ad
953 1205 1167 1266 purum
1201 1183 1570 1243 idealismum
1595 1228 1611 1258 ‚
1653 1184 1779 1243 sive
1826 1183 1900 1243 ad
1931 1183 2200 1266 putidum

99 1282 531 1364 pantheismum
552 1326 568 1355 .,
609 1281 818 1342 misero
847 1281 1121 1362 utrinque
1158 1278 1275 1338 fato
1293 1323 1309 1353 .,
1346 1278 1571 1361 dilapsa
1599 1278 1672 1337 sit
1701 1277 1808 1359 (2).

167 1530 240 1592 (1)
273 1525 343 1577 De
376 1537 556 1576 natura
579 1528 943 1594 philosophari,
984 1529 1109 1579 idem

89 1609 239 1676 plane
267 1618 334 1657 est
361 1627 417 1657 ac
444 1619 668 1659 naturam
695 1628 874 1661 creare.
896 1612 964 1660 Ila
992 1615 1112 1660 inter

98 1700 270 1739 ceteros
299 1691 504 1739 Fichtius
531 1692 704 1752 edixit,
737 1695 787 1741 in
817 1712 897 1758 op.
927 1693 1114 1742 Natur-

110 1771 196 1822 W
191 1773 499 1837 issenschafi,
530 1793 611 1822 seu
638 1772 859 1826 Scientia
887 1783 1078 1824 natarae
1094 1811 1111 1836 ,

100 1872 203 1920 pag.
238 1855 287 1905 3.
324 1854 492 1904 Omnia
534 1860 774 1906 neotericae
813 1858 1115 1923 philosophiae

102 1938 382 1987 Germanicae
406 1949 652 2006 systemata
685 1958 737 1988 eo
768 1941 956 1989 demum
985 1959 1115 2005 spec-

102 2030 234 2078 tant,
266 2033 319 2070 ut
346 2022 470 2070 velut
488 2041 512 2071 e
536 2023 683 2071 nihilo
714 2027 952 2088 proprium
982 2023 1116 2088 qu,

103 2103 339 2151 noandum
353 2122 404 2152 ac
420 2103 579 2152 Deum
595 2108 744 2170 ipsum
762 2107 982 2154 educant.
999 2094 1118 2153 Hinc

107 2184 311 2232 officium
329 2186 623 2251 philosophiae
640 2188 697 2234 ab
729 2190 836 2252 ipsis
859 2188 1115 2252 proclama-

107 2276 209 2313 tum
227 2266 313 2312 das
338 2265 644 2332 objectiviren
669 2268 750 2315 des
772 2267 888 2316 Ichs
899 2308 918 2330 ,
947 2270 995 2317 id
1024 2279 1117 2328 est,

110 2343 164 2397 ri
191 2351 444 2415 proprium
474 2347 581 2412 qu
609 2367 662 2397 ex
681 2354 913 2414 apparenti
934 2351 1122 2417 objecti-

109 2447 222 2479 vam
252 2449 331 2479 seu
354 2430 471 2479 reale
487 2431 682 2481 efficere.
696 2431 874 2481 Exinde
888 2435 1027 2481 etiam
1043 2433 1121 2482 illa

109 2514 253 2577 ipsius
280 2512 454 2561 Fichtei
492 2515 596 2561 satis
625 2523 735 2562 nota
773 2516 961 2580 jactatio
983 2552 997 2576 ,
1032 2534 1137 2582 quac

110 2595 347 2659 discipulis
387 2597 479 2643 suis
525 2596 753 2660 pollicitus
802 2607 927 2656 erat,
977 2614 1026 2645 se
1073 2600 1122 2645 in

111 2679 319 2743 proxima
369 2696 449 2725 sua
488 2679 777 2742 praelectione
822 2678 986 2726 Deam
1026 2696 1124 2727 esse

112 2759 501 2811 creatarum.Alia
513 2761 559 2809 id
570 2779 714 2826 genus
725 2762 859 2810 nobis
871 2773 1123 2812 occurrent.

182 2844 248 2909 (2)
286 2841 433 2890 Nimis
461 2845 580 2893 forte
627 2846 722 2894 haec
773 2844 830 2892 de
874 2848 1125 2894 recentiore

116 2925 385 2976 Germanica
420 2927 706 2992 philosophia
741 2945 766 2975 a
799 2928 933 2976 nobis
964 2928 1126 2976 acerbe

119 3009 236 3057 dicta
254 3009 489 3076 aliquibus
506 2995 650 3058 videri
678 3020 890 3074 possent,
923 3027 1031 3058 cum
1060 3017 1128 3058 tot

115 3089 198 3138 illa
228 3101 327 3139 tum
352 3087 415 3140 ‘in
451 3080 595 3141 Gallia
615 3132 629 3154 ‚
666 3103 763 3140 tum
793 3094 1043 3157 praesertim
1075 3094 1128 3140 in

123 3166 371 3222 Germania
399 3175 494 3239 ipsa
513 3212 526 3234 ,
557 3174 853 3223 admiratores
883 3177 943 3222 sit
972 3183 1126 3222 nacta.

126 3250 264 3316 Atqui
291 3271 375 3301 nos
405 3257 470 3303 nil
502 3256 730 3316 dicimus,
766 3256 822 3305 de
854 3274 947 3323 quo
983 3255 1129 3304 multo

128 3336 322 3396 apertius
333 3339 545 3387 nonnulli
556 3357 580 3389 e
591 3342 861 3406 germanicis
876 3341 984 3405 ipsis
994 3341 1076 3388 scri
1081 3356 1132 3404 p-

131 3413 307 3462 toribus
325 3419 417 3481 jam
444 3421 592 3484 palam
611 3422 804 3487 professi
823 3438 875 3470 ac
892 3423 1131 3487 conquesti

131 3513 226 3543 non
256 3498 359 3544 sint.
381 3498 602 3550 Audiatur
620 3503 845 3568 professor
858 3503 1055 3559 Baltzer‚
1083 3505 1132 3549 in

133 3579 225 3625 suis
264 3574 490 3644 Beytra‘qe
523 3598 613 3630 zur
646 3583 703 3632 V
698 3573 1005 3650 ermittlunq,
1041 3594 1130 3633 etc.

134 3678 210 3710 sen
239 3659 535 3710 Documenta
560 3665 625 3713 ad
665 3667 1020 3728 conciliandam
1060 3685 1134 3716 re-

1190 1539 1317 1579 ctum
1329 1531 1581 1597 Judicinm
1595 1529 1652 1577 de
1672 1529 2012 1578 Catholicismo
2032 1539 2075 1578 et
2088 1526 2206 1579 Pro-

1193 1615 1505 1672 testantz'smo,
1535 1615 1649 1663 fasc.
1667 1629 1699 1662 ιι
1713 1652 1726 1675 ,
1747 1614 2031 1663 Uratislaviae
2053 1611 2202 1677 1840,

1194 1694 1327 1764 §50,
1351 1696 1487 1764 cujus
1516 1696 1677 1746 titulus
1705 1707 1772 1746 est
1794 1713 1808 1745 ε
1832 1694 2048 1761 Spiritus
2061 1694 2206 1743 Kan-

1193 1779 1651 1844 tiano-Heqelianus
1680 1778 1956 1827 recentioris
1979 1779 2137 1827 aetatis
2156 1778 2207 1825 in

1194 1878 1280 1911 sao
1318 1860 1511 1910 mortali
1552 1861 1784 1924 conflicta
1817 1869 1982 1908 contra
2022 1877 2208 1908 omnem

1192 1942 1336 2007 fidem
1351 1959 1447 1991 non
1459 1940 1844 2007 philosophantis
1858 1940 2212 1990 christianismi

1197 2034 1299 2074 tam
1325 2026 1380 2072 in
1405 2023 1629 2075 Ecclesia
1666 2032 1768 2071 tum
1797 2025 1852 2071 in
1887 2023 2028 2072 civili
2046 2019 2207 2073 Statu.

1200 2108 1267 2155 lta
1293 2124 1427 2172 porro
1455 2107 1660 2172 loquitur
1695 2122 1710 2153 ι
1743 2105 1848 2171 Qui
1862 2107 2043 2166 noscit,
2074 2121 2211 2169 quem

1197 2206 1390 2254 scopum
1417 2188 1516 2235 sibi
1535 2187 1838 2253 philosophia
1861 2185 2159 2235 Germanica
2179 2203 2210 2233 a

1201 2270 1385 2318 Kantio
1415 2269 1525 2316 inde
1556 2285 1701 2334 usqae
1717 2269 2018 2335 praefixerit,
2039 2279 2084 2315 et
2095 2284 2211 2333 quo-

1200 2350 1336 2399 modo
1361 2353 1471 2416 ipsa
1505 2367 1611 2397 eam
1647 2352 1939 2397 incessanter
1963 2357 2213 2415 persecuta

1196 2431 1378 2498 fuerit,
1426 2447 1624 2494 eamque
1667 2430 1857 2477 tandem
1907 2431 1965 2478 in
2010 2428 2214 2494 Heqelio

1202 2514 1416 2577 attiqerit
1431 2546 1446 2571 ,
1489 2513 1626 2560 omni
1658 2526 1860 2576 prorsas
1900 2519 2113 2577 respecta
2150 2509 2216 2560 ad

1203 2609 1498 2643 commanem
1527 2610 1583 2642 ac
1612 2592 1896 2641 rationalem
1909 2592 2114 2641 humani
2129 2609 2213 2658 ye-

1203 2661 1332 2725 neris
1369 2679 1586 2724 veritatis
1627 2693 1817 2724 sensam
1854 2675 2212 2742 posthabitam.

1203 2768 1390 2807 tantum
1423 2758 1582 2824 abest,
1629 2766 1684 2805 nt
1720 2758 1896 2805 mirari
1925 2765 2069 2822 queat
2097 2765 2214 2804 tem-

1198 2850 1404 2909 pestates
1430 2842 1662 2889 excitatas
1685 2857 1716 2887 a
1741 2842 1922 2906 spiritu
1942 2838 2229 2893 recentioris-

1207 2925 1353 2991 hujns
1367 2925 1526 2975 oetatis
1534 2934 1700 2972 contra
1713 2923 1949 2990 quidquid
1954 2925 2217 2989 positivum

1207 3020 1276 3058 est
1288 3046 1307 3073 ,
1337 3019 1391 3057 ut
1417 3026 1497 3057 eas
1510 3010 1675 3075 potins
1699 3009 1896 3056 omnino
1917 3006 2159 3057 naturales
2175 3015 2222 3055 et

1210 3092 1508 3141 necessarias
1530 3097 1758 3154 aqnoscat
1783 3105 1966 3138 necesse
1995 3091 2073 3139 sit.
2097 3090 2220 3139 Ger-

1211 3175 1406 3222 manica
1428 3170 1733 3239 philosophia
1750 3173 1808 3220 in
1829 3170 2074 3219 tractando
2097 3171 2220 3219 veri-

1210 3250 1322 3305 tatis
1349 3257 1535 3322 neqotio
1560 3270 1762 3321 prorsas
1796 3271 1826 3302 a
1863 3270 1913 3301 se
1946 3253 2108 3320 rejecit
2137 3252 2218 3301 oh-

1198 3339 1436 3405 jectivum
1491 3337 1708 3384 veritatis
1757 3334 2003 3384 vinculum
2023 3371 2041 3398 ‚
2095 3333 2221 3400 quod

1213 3419 1482 3471 Ecclesiam
1507 3418 1784 3485 civilemque
1805 3418 2057 3469 Statum...
2076 3416 2224 3466 simul

1213 3502 1421 3569 colligat,
1441 3520 1577 3567 seque
1594 3503 1649 3549 in
1664 3503 1921 3569 subjectiva
1938 3499 2130 3549 vincula
2142 3514 2221 3547 ca·

1213 3594 1440 3650 tenusque
1454 3586 1668 3651 conjecit.
1682 3582 1734 3631 ln
1749 3584 1858 3633 fasc.
1874 3593 2026 3631 autem
2039 3595 2054 3628 ι
2069 3580 2219 3646 ejusd.

1215 3683 1287 3731 op.
1323 3667 1509 3727 titulus,
1537 3663 1638 3732 §6,
1664 3668 1728 3715 ita
1751 3684 1796 3715 se
1824 3665 1959 3714 habet
1986 3661 2219 3712 :Juvenis
