2502 4134
225 74 347 133 214
812 94 1010 132 rnAcT.
1055 94 1123 130 nn
1168 75 1314 132 ioms
1358 95 1739 136 Tnnonocmts.

230 239 529 312 medium,
574 256 691 316 quo
724 235 1042 295 christiana
1082 235 1276 316 religio
1317 238 1678 300 efflorescat?
1721 242 1869 302 Hinc
1911 248 1997 302 est
2039 243 2198 324 quod
2229 245 2359 322 jure

231 335 441 395 merito
484 331 683 413 plures
733 331 850 390 Van
888 324 987 391 Ess
1039 331 1449 411 castigaverint
1502 339 1736 418 ejusque
1784 337 2113 399 retuderint
2164 338 2355 398 auda—

231 431 375 490 ciam
416 428 525 508 (l).

1025 568 1434 622 PROPOSITIO
1475 570 1544 622 ΙΙ.

237 726 575 806 Nunquam
600 727 874 788 Ecclesia
895 738 1009 787 aut
1028 731 1192 788 Rom.
1222 728 1537 806 Pontifices
1565 732 1900 787 universim
1919 729 2369 809 prohibuerunt

310 824 590 901 fidelibus
623 845 809 884 saoroe
845 826 1181 903 Scriptura?
1213 826 1516 883 lectionem
1543 827 1612 882 in
1641 825 1854 903 linqua
1880 827 2206 885 vernacula
2223 846 2244 894 ‚·
2272 827 2370 885 sed

316 921 485 979 modo
516 922 980 1001 improbarunt,
1020 922 1187 980 modo
1217 922 1599 1000 probarunt,
1624 931 1809 998 prout
1831 931 2196 1000 temporum,
2225 923 2367 981 loco-

315 1037 460 1076 rum
489 1027 604 1074 auc
613 1039 1024 1096 personarum
1059 1018 1359 1095 adjuncta
1392 1039 1467 1077 ac
1489 1017 1767 1094 fidelium
1799 1018 2038 1078 utilitas
2065 1037 2367 1097 exposcere

315 1113 704 1171 videbantur.

319 1274 460 1334 314.
512 1277 678 1335 Hanc
733 1277 1087 1336 adstruimus
1140 1277 1600 1359 propositionem
1653 1289 1782 1336 tum
1827 1276 1903 1335 ad
1958 1276 2369 1337 vindicandam

236 1369 446 1450 agendi
496 1371 825 1448 rationem,
872 1395 1050 1454 quam
1104 1373 1345 1436 diversis
1395 1371 1757 1454 temporibus
1803 1371 2049 1432 Ecclesia
2093 1393 2158 1431 ac
2195 1373 2363 1430 Rom.

238 1465 545 1525 Pontifices
591 1465 991 1527 adhibuerunt
1034 1468 1180 1528 circa
1231 1468 1540 1547 lectionem
1597 1487 1898 1527 sacrorum
1945 1465 2266 1526 Bibliorum
2307 1466 2371 1525 in

237 1558 435 1640 lingua
481 1561 742 1642 vulgari,
783 1574 911 1620 tum
944 1562 1019 1620 ad
1055 1562 1458 1644 repellendam
1485 1562 1974 1635 Protestantium‚
2006 1562 2374 1621 Jansenista-

235 1676 371 1715 rum
400 1655 753 1738 illorumque
778 1657 1212 1717 neotericorum
1234 1657 1590 1716 calumniam
1607 1701 1625 1733 .,
1655 1658 1757 1739 qui
1778 1657 2088 1717 Ecclesiam
2115 1678 2180 1716 ac
2198 1659 2364 1716 Rom.

237 1751 549 1810 Pontifices
577 1752 849 1810 incusant
868 1798 884 1826 7
916 1752 1164 1834 perinde
1199 1773 1264 1811 ac
1293 1753 1340 1811 si
1378 1752 1699 1814 universim
1731 1751 2142 1834 prohibuerint
2166 1751 2370 1812 lectio-

236 1866 380 1906 nem
424 1846 735 1929 Scripturae
778 1869 950 1907 sacrae
988 1848 1050 1907 in
1087 1847 1283 1929 lingua
1319 1848 1665 1924 vernacula,
1707 1858 1775 1906 ut
1812 1848 1921 1907 hac
1960 1848 2185 1908 ratione
2223 1847 2372 1908 fide-

238 1940 393 2000 libus
423 1965 487 2001 os
526 1943 743 2003 Christi
782 1942 1193 2019 obstruerent,
1227 1954 1402 2026 atque
1440 1944 1520 2004 eis
1563 1943 1807 2004 modum
1843 1942 2175 2003 adimerent
2210 1943 2372 2003 illam

240 2036 631 2120 intelligendi.
675 2042 1115 2099 praemonemus
1153 2061 1326 2121 porro
1346 2085 1362 2115 ,
1397 2038 1491 2098 hic
1518 2039 1607 2121 agi
1630 2038 1702 2099 de
1727 2060 1790 2099 re
1820 2038 2211 2121 disciplinari,
2242 2060 2373 2121 quae

239 2145 553 2215 propterea
583 2135 1012 2195 accommodari
1040 2147 1232 2218 potest
1258 2182 1274 2211 7
1307 2135 1635 2198 immovero
1673 2146 1732 2195 et
1757 2134 1932 2195 debet
1955 2135 2198 2195 diversis
2227 2145 2383 2194 tem-

240 2248 489 2310 porum,
518 2229 780 2290 locorum
818 2252 883 2290 ac
924 2253 1311 2313 personarum
1343 2230 1666 2310 adjunctis3
1704 2253 1835 2290 cum
1874 2231 2244 2313 exploratum
2271 2230 2377 2308 sit,

242 2324 530 2383 nonnulla
568 2325 781 2386 alicubi
809 2337 868 2387 et
901 2327 1155 2408 quadam
1188 2339 1362 2388 aetate
1393 2326 1777 2387 saluberrime
1816 2326 2131 2385 constituta
2168 2325 2378 2400 fuisse,

241 2440 404 2501 quse,
449 2442 646 2481 rerum
692 2421 978 2501 adjunctis
1020 2423 1386 2498 immutatis,
1441 2420 1726 2505 tanquam
1777 2422 1950 2482 noxia
2001 2419 2379 2504 postmodum

241 2513 518 2596 abrogata
559 2529 736 2594 sunt,
781 2529 959 2601 atque
999 2519 1177 2580 etiam
1218 2519 1397 2579 vetita
1433 2518 1548 2601 (2).

326 2610 468 2671 315.
518 2613 739 2687 Quibus
794 2615 1151 2697 praemissi5‚
1206 2616 1290 2675 ita
1344 2614 1671 2675 accedimus
1728 2613 1801 2673 ad
1855 2613 2068 2672 thesim
2121 2622 2383 2672 nostram

245 2707 655 2768 evincendam.
708 2710 1019 2771 Ecclesiam
1073 2710 1397 2793 antiquitus
1444 2711 1752 2793 Scripturas
1806 2730 1978 2768 sacrae
2024 2708 2273 2769 lectione
2316 2709 2381 2767 in

242 2803 465 2884 vulgari
501 2805 699 2886 lingua
739 2829 862 2866 non
901 2807 1271 2867 interdixisse
1309 2805 1509 2866 fideles
1531 2852 1546 2881 7
1578 2829 1647 2867 ex
1689 2806 1755 2865 iis
1790 2805 2012 2888 liquet,
2051 2827 2180 2888 quae
2206 2803 2379 2888 paulo

245 2912 383 2961 ante
414 2904 801 2984 praemisimus
841 2903 915 2962 de
958 2904 1392 2986 Scripturarum
1437 2900 1802 2965 versionibus
1851 2901 1913 2960 in
1956 2922 2160 2962 omnes
2194 2900 2378 2961 ferme

311 3117 379 3181 (1)
418 3117 543 3167 Inter
568 3131 741 3170 ceteros
764 3123 972 3170 eminent
991 3120 1229 3171 ‘Lienhard
1250 3160 1262 3183 ,
1349 3124 1487 3174 sacris
1515 3121 1695 3170 Litteris
1732 3130 1832 3169 tum
1861 3138 1916 3170 ex
1945 3120 2133 3169 historia
2163 3119 2376 3168 ecclesia·

242 3196 664 3262 Argentoratensis‚
693 3213 738 3251 et
767 3203 1105 3265 Kistemacher,
1137 3206 1267 3254 theo·
1349 3208 1461 3256 stica
1491 3204 1687 3270 Spiritus
1723 3203 1945 3264 Romi-us,
1968 3205 2018 3250 in
2040 3220 2121 3251 sua
2150 3202 2371 3251 lucubra-

241 3278 374 3346 logos¹
397 3280 772 3333 Monasteriensis
788 3322 802 3346 ‚
840 3287 897 3335 de
926 3286 1098 3352 quibus
1125 3290 1265 3336 etiam
1349 3292 1475 3338 tione
1488 3288 1577 3335 hoc
1592 3287 1929 3351 deargumento
1942 3285 2061 3334 edita
2076 3302 2199 3333 anno
2220 3282 2366 3347 1548,

240 3361 449 3428 loquitur
479 3362 698 3429 Gregoire
716 3405 729 3427 ‚
771 3368 861 3417 loc.
895 3372 972 3417 cit.
1349 3388 1450 3437 cap.
1472 3387 1558 3420 xxx
1573 3405 1585 3429 ‚
1615 3367 1785 3434 quibus
1807 3368 1939 3433 plura
1957 3368 2047 3417 alia
2065 3368 2232 3435 adjecit
2247 3367 2282 3414 F
2285 3383 2368 3415 on-

308 3446 370 3507 (2)
409 3445 545 3495 Plura
582 3446 723 3513 hujus
754 3450 948 3500 diversae
991 3452 1157 3515 agendi
1193 3470 1265 3500 ra·
1350 3463 1457 3503 tana
1474 3491 1487 3512 ‚
1506 3470 1581 3516 op.
1597 3453 1675 3499 cit.
1692 3453 1741 3498 in
1758 3467 1940 3516 propos.
1959 3468 2151 3510 Lxxxm,
2175 3467 2274 3515 cap.
2290 3465 2364 3507 lv,

236 3530 378 3577 tionis
398 3567 411 3589 ‚
456 3548 536 3596 pro
571 3532 760 3581 diversis
791 3545 1049 3600 temporum
1079 3552 1132 3584 ac
1156 3554 1259 3601 per·
1345 3534 1435 3585 col.
1451 3529 1551 3597 848
1569 3543 1613 3582 et
1628 3550 1758 3599 seqq.
1777 3550 1877 3599 qum
1894 3531 1989 3581 illic
2003 3531 2141 3583 recoli
2158 3539 2361 3596 possunt·

236 3626 457 3660 sonarum
504 3614 766 3679 adjunctis,
807 3620 1032 3682 congessit
1070 3628 1168 3666 tum
1205 3636 1258 3667 ex
