2502 4134
2089 167 2203 229 361

323 194 481 232 PAn'r.
520 192 611 230 111⁴.
657 190 801 228 SECT.
849 191 889 227 1.
937 190 1063 228 GAP.
1109 192 1148 227 1.
1199 189 1266 226 DB
1310 190 1436 226 ΕΔΤ.
1484 188 1610 227 Amr.
1660 188 1768 226 1³11).
1812 188 1991 228 sPncw.

114 336 262 398 ullus
299 333 526 395 excludi
560 333 742 414 possit
768 334 876 412 (1).
911 334 1110 414 Neque
1147 332 1236 390 his
1271 333 1571 408 contenti,
1612 332 1805 414 plures
1830 353 1895 392 ac
1917 333 2105 394 varias
2134 332 2208 394 de

113 432 217 489 Dei
239 428 544 489 existentia
571 426 1092 487 demonstrationes
1116 427 1535 507 metaphysicas
1551 472 1568 502 ,
1598 427 2204 508 physico-theologicas

111 546 176 585 ac
206 524 452 584 morales
492 523 863 583 confec-erunt
886 523 999 603 (2),
1032 522 1327 580 imitantes
1355 520 1464 580 hac
1492 522 1552 579 in
1577 533 1740 603 parte
1766 523 2026 600 ethnicos
2053 523 2206 604 ipsos

110 618 519 700 philosophOS‚
560 618 659 699 qui
698 617 913 699 pariter
953 616 1120 697 plura
1159 626 1499 694 argumenta
1537 636 1609 675 ex
1647 617 1871 677 ratione
1917 617 2098 699 petita
2131 615 2208 677 ad

112 715 217 773 Dei
249 715 620 774 existentiam
650 712 1034 782 evincendam
1073 709 1396 769 attulerunt
1427 709 1535 790 (3).

193 809 292 868 43.
345 811 384 868 A
423 812 660 867 Patrum
689 819 886 867 autem
914 805 1167 885 vestigiis
1204 826 1325 864 non
1362 816 1724 864 recesserunt
1754 806 2104 884 scholastici,
2137 831 2208 870 ex

113 902 323 986 quibus
360 904 496 962 satis
521 901 688 962 nobis
711 902 784 960 sit
807 920 1262 961 commemorare
1282 902 1341 959 S.
1371 899 1711 959 Anselmum
1735 913 1793 961 et
1815 904 1869 962 S.
1890 903 2172 964 Thomam
2187 949 2204 980 .,

112 1020 254 1080 quos
290 998 497 1080 reliqui
523 997 737 1079 passim
771 996 951 1056 secuti
980 1007 1119 1054 sunt
1150 995 1260 1076 (4).
1290 996 1520 1053 Etenim
1544 996 1605 1055 S.
1633 996 1938 1056 Anselmus
1970 999 2208 1059 fortasse

113 1094 378 1154 omnium
423 1093 646 1175 primus
691 1090 1251 1151 demonstrationem
1300 1088 1459 1149 dedit
1501 1088 1574 1148 de
1625 1091 1729 1150 Dei
1774 1092 2075 1153 existentia
2094 1120 2115 1167 ‘s
2166 1116 2208 1155 a

105 1189 311 1266 priori
343 1186 514 1266 vulgo
554 1196 952 1267 nuncupatam
995 1185 1107 1263 (5).
1156 1185 1214 1243 S.
1260 1183 1507 1266 Thomas
1551 1205 1673 1243 non
1717 1184 1905 1245 solum
1952 1189 2208 1270 quinque

110 1281 633 1342 demonstrationes
675 1279 748 1339 de
789 1281 896 1339 Dei
942 1278 1242 1338 existentia
1281 1278 1579 1360 proposuit
1617 1279 1744 1359 (6),
1785 1300 1988 1341 verum
2030 1284 2206 1342 etiam

111 1377 244 1435 data
273 1396 447 1456 opera
474 1396 572 1434 eos
598 1373 844 1448 refellit,
875 1374 974 1454 qui
1007 1371 1327 1454 docebant,
1356 1374 1516 1452 quod
1532 1374 1729 1432 Deum
1752 1396 1867 1433 esse
1889 1397 2009 1435 non
2021 1387 2215 1455 potest

102 1492 217 1550 per
236 1473 528 1528 rationem
562 1471 866 1540 inveniri,
903 1469 1007 1527 sed
1030 1489 1150 1547 per
1176 1470 1358 1527 solam
1393 1473 1555 1527 viam
1579 1468 1725 1546 fidei
1760 1479 1815 1528 et
1836 1472 2214 1531 revelationis

108 1576 192 1624 est
211 1575 515 1644 acceptum
528 1607 549 1635 ,
574 1575 638 1623 et
654 1574 820 1624 vocat
840 1584 1101 1622 errorem
1118 1562 1231 1644 (7).
1252 1564 1390 1636 Quae
1411 1562 1648 1644 quidem
1672 1562 1933 1625 doctrina
1956 1565 2210 1628 identica

108 1659 282 1742 plane
325 1681 458 1719 cum
496 1660 570 1718 sit
607 1680 739 1719 cum
774 1659 1034 1718 doctrina
1074 1657 1535 1719 adversariorum
1580 1671 1954 1738 nostrorum,
1999 1672 2163 1743 patet
2190 1707 2213 1738 ,

110 1754 268 1837 quod
303 1756 365 1813 in
398 1766 764 1815 antecessum
800 1753 873 1814 de
907 1775 972 1813 ea
1009 1753 1317 1836 protulerit
1341 1753 1623 1832 judicium
1660 1756 1715 1814 S.
1747 1758 1980 1815 Doctor.
2021 1757 2213 1838 Atque

110 1870 242 1908 cum
279 1848 552 1908 eumdem
585 1870 842 1908 errorem
872 1848 1242 1910 renovaverit
1275 1849 1509 1908 Socinus
1544 1870 1676 1908 cum
1716 1850 2014 1910 nonnullis
2057 1872 2214 1911 asse-

110 1943 212 2003 elis
246 1944 393 2019 suiS‚
430 1966 552 2002 non
581 1943 769 2003 solum
799 1954 1088 2004 nostrates
1106 1988 1122 2018 .,
1159 1964 1364 2005 verum
1399 1942 1510 2025 ipsi
1535 1944 1709 2004 etiam
1733 1947 2122 2007 Protestantes
2147 1946 2213 2005 in-

108 2038 276 2098 illum
310 2039 753 2098 insurrexerunt
791 2037 900 2119 (8).

190 2132 290 2191 44.
338 2135 587 2192 Demum
641 2133 983 2196 revelationi
1031 2133 1366 2193 Christianae
1422 2133 1718 2194 infensum
1766 2156 1890 2197 esse
1930 2135 2214 2216 ejusmodi

112 2238 396 2308 systema,
439 2249 508 2287 ex
543 2249 612 2287 eo
652 2227 817 2289 facile
851 2228 1073 2311 liquet,
1113 2228 1269 2311 quod
1299 2228 1412 2287 nisi
1445 2230 1550 2291 Dei
1585 2230 1892 2291 existentia
1931 2243 2215 2314 tanquam

115 2442 218 2491 εἴναι
270 2439 378 2492 Θεέν
403 2481 421 2503 ,
473 2439 575 2510 ὅπερ
646 2442 981 2508 {Parvola-Oneon
1015 2482 1030 2506 ‚
1091 2439 1120 2501 θ’)

110 2522 489 2587 οἶνιτυπασοῖμεθει
507 2560 524 2585 ,
574 2520 602 2580 θ’)
656 2523 792 2586 Myos
844 2523 1124 2594 εἶσι-ἔγραψεν.

111 2603 240 2654 Orat.
272 2621 403 2671 xxxiv
422 2643 435 2666 ,
453 2622 555 2671 quae
581 2616 649 2655 est
668 2624 701 2654 11
717 2606 796 2655 De
830 2607 1087 2673 Theoloqia
1104 2645 1119 2668 ‚

108 2702 160 2735 n.
179 2701 231 2735 u.
252 2686 329 2734 cit.
356 2688 463 2736 edit.
487 2687 629 2737 Paris.
661 2697 777 2739 tom.
802 2702 849 2750 ι’,
880 2708 983 2756 pag.
1003 2688 1122 2754 540.

176 2766 241 2830 (1)
279 2765 377 2816 cfr.
428 2767 498 2816 De
545 2768 756 2818 Valentia
782 2807 797 2833 ,
855 2770 1120 2821 Commeat.

108 2846 352 2913 theoloqie.
397 2858 514 2899 tom.
551 2866 599 2911 ι,
635 2851 758 2917 disp.
787 2870 835 2914 ι,
865 2864 1028 2920 quaest.
1061 2869 1121 2916 2,

109 2940 281 2993 puncto
311 2947 341 2979 α
357 2966 372 2994 ,
407 2931 599 2998 Quibus
619 2935 773 2982 modis
789 2936 996 3000 probari
1012 2953 1125 3002 pos-

114 3013 203 3072 sit,
224 3011 377 3062 Deum
394 3031 510 3065 esse.
526 3017 617 3065 An
635 3033 732 3065 non
755 3017 906 3067 solum
923 3036 983 3067 ea·
996 3020 1119 3084 fide,

115 3091 196 3139 sed
213 3095 354 3143 etiam
370 3097 634 3159 evidenter,
657 3099 771 3150 edit.
787 3099 936 3167 Lugd.
965 3099 1089 3153 1603
1106 3140 1119 3164 ,

115 3186 219 3235 pag.
246 3171 312 3221 66
341 3186 386 3224 et
413 3194 542 3244 seqq.

183 3251 247 3313 (2)
264 3253 487 3322 Cfr.apud
499 3260 754 3323 Petavium,
773 3264 853 3311 De
870 3261 983 3321 Deo,
1002 3264 1121 3329 libs,

114 3347 219 3396 cap.
262 3349 282 3381 1
313 3346 357 3383 et
381 3352 414 3386 α
432 3376 446 3399 ,
481 3351 527 3389 et
563 3346 812 3407 praesertim
842 3345 966 3410 apud
993 3345 1120 3395 Tho-

113 3415 366 3464 massinum
384 3453 398 3477 ,
437 3418 703 3488 Theoloqic.
732 3425 890 3491 doqm.
927 3437 1042 3477 tom.
1070 3444 1116 3488 1,

112 3492 199 3543 lib.
231 3511 280 3556 ι,
312 3514 415 3564 cap.
446 3515 503 3550 21
536 3513 582 3553 et
610 3520 740 3574 seqq.

175 3573 246 3639 (3)
282 3576 381 3628 Cfr.
410 3579 525 3633 ibid.
611 3596 617 3602 ·

181 3655 250 3719 (4)
284 3655 331 3707 Si
370 3678 518 3713 unum
545 3665 728 3723 fortasse
764 3675 964 3740 excipias
996 3673 1117 3741 AEgi·

1204 2446 1334 2495 dium
1374 2445 1651 2495 Columnam
1670 2483 1684 2507 ‚
1729 2450 1810 2513 qui
1853 2450 2036 2513 negavit
2054 2486 2069 2510 ‚
2115 2451 2219 2500 ullo

1208 2539 1477 2593 argumento
1494 2565 1508 2589 ‚
1539 2538 1584 2577 et
1611 2527 1747 2578 Card.
1765 2527 1834 2578 De
1850 2527 2024 2579 Alliaco
2039 2547 2094 2579 ae
2114 2547 2219 2596 per·

1207 2629 1378 2677 paucos
1397 2613 1510 2661 alios
1522 2649 1535 2673 ‚
1559 2615 1639 2680 qui
1658 2625 1959 2676 censuerunt,
1969 2614 2216 2680 probabili

1206 2695 1356 2743 solum
1381 2705 1648 2760 argumento
1668 2696 1973 2746 demonstrari
1987 2697 2071 2746 Dei
2098 2699 2214 2747 exis-

1206 2778 1392 2824 tentiam
1424 2794 1586 2841 posse,
1632 2780 1805 2844 quique
1839 2797 1866 2827 a
1899 2778 2089 2845 reliquis
2113 2796 2218 2828 om-

1206 2856 1348 2907 nibus
1384 2859 1654 2908 refelluntur
1684 2870 1728 2908 et
1752 2861 2113 2925 impugnantur,
2142 2877 2218 2909 ee-

1205 2941 1288 2988 teri
1320 2944 1563 2991 unanimes
1593 2950 1702 2989 sunt
1732 2943 1782 2990 in
1820 2940 2097 2990 adstruenda
2129 2940 2214 2991 Dei

1205 3023 1446 3070 existentia
1476 3039 1556 3087 per
1582 3040 1735 3072 veram
1758 3019 2211 3072 demonstrationem.

1276 3103 1344 3168 (ὅ)
1381 3103 1437 3153 ln
1470 3100 1746 3170 Prosloqio,
1785 3121 1891 3171 cap.
1929 3119 1960 3153 2
1995 3115 2041 3154 et
2080 3122 2213 3172 seqq.

1204 3183 1370 3244 Hanc,
1417 3196 1468 3233 ut
1509 3196 1796 3251 compertum
1844 3197 1943 3248 est,
1985 3186 2217 3252 adoptavit

1203 3265 1452 3318 Gai-tesius.

1271 3349 1336 3413 (6)
1373 3367 1391 3397 1
1421 3367 1470 3415 p.
1502 3368 1549 3417 q.
1581 3351 1643 3411 3,
1674 3361 1763 3401 art.
1793 3350 1844 3402 3.

1272 3429 1337 3494 (7)
1376 3430 1544 3481 Contr.
1562 3440 1689 3496 qam.
1718 3433 1803 3482 lib.
1824 3449 1866 3493 1,
1893 3450 1996 3499 cap.
2024 3449 2111 3494 12,
2133 3433 2216 3481 ubi

1203 3509 1293 3561 late
1317 3513 1446 3562 hune
1475 3530 1679 3562 errorem
1698 3515 1911 3581 pluribus
1934 3515 2216 3580 argumentis

1204 3594 1388 3643 refellit.

1196 3709 1201 3712 -
1274 3675 1347 3740 (8)
1380 3675 1500 3728 Sane
1550 3676 1746 3729 Socinus
1771 3717 1785 3742 ‚
1836 3682 1886 3729 in
1941 3674 2216 3729 Miscellan.
