2502 4134
256 178 418 219 PART.
461 177 552 216 111.
601 176 753 216 sacr.
799 176 840 216 ι..
883 178 1007 217 cu.
1058 180 1098 215 1.
1150 179 1215 216 1111
1257 178 1390 217 nu.
1441 179 1570 216 AM'.
1614 175 1721 217 mn.
1764 174 1948 214 511101.
2050 153 2168 212 453

53 325 249 401 Major
278 346 296 379 .·
335 318 410 378 ad
447 318 563 377 hoc
583 364 598 394 ‚
643 331 711 378 ut
744 324 812 379 in
849 321 1165 398 reflectione
1206 321 1494 402 possimus
1525 318 1689 378 illam
1715 321 2168 398 persuasionem

49 419 122 476 de
149 419 417 477 realitate
438 416 652 491 objecti
672 436 944 475 revocare
963 461 980 490 ·›
1018 436 1162 497 opus
1188 424 1277 474 est
1303 419 1616 493 inquirere
1645 418 1715 472 in
1748 415 1916 473 nobis
1933 414 2170 492 funda-

51 523 321 572 mentum
358 532 458 569 seu
487 531 736 569 cansam
768 509 923 568 illius
942 554 959 584 ,
991 531 1064 568 ac
1095 510 1452 588 empendere,
1481 518 1680 566 utrum
1712 529 1914 568 revera
1942 528 2046 565 nos
2071 506 2172 566 ad-

50 608 295 686 stringat
342 605 417 664 ad
452 606 529 664 ita
561 606 917 676 tenendum,
947 615 1049 663 aut
1082 614 1283 662 utrum
1324 625 1480 661 mere
1494 603 1948 682 phoenomenica
1971 623 2168 662 neces—

51 701 186 760 sitas
224 701 323 759 illa
360 701 565 774 fuerit,
598 688 687 758 ‘sic
712 710 780 758 ut
806 720 914 758 nos
948 698 1084 757 huic
1133 697 1489 782 apparentiae
1516 708 1652 757 ante
1687 696 2069 758 reflexionem
2101 718 2173 757 ex

50 818 215 856 mero
259 795 488 854 defectu
528 795 868 874 cognitionis
905 795 1293 876 nosmetipsos
1342 793 1756 853 tradiderimus
1784 793 1898 874 (l).
1936 794 2171 853 Minor:

51 892 211 972 atqui
227 912 348 949 non
370 911 678 972 possumus
706 890 768 947 in
792 887 1093 948 nobishoc
1107 890 1588 968 fundamentum
1604 910 1704 948 5011
1732 910 1983 948 causam
2001 889 2175 950 inve-

50 987 178 1045 nire
211 1007 276 1045 ac
306 985 635 1067 expendere
676 984 788 1043 nisi
818 985 1065 1062 fidentes
1100 986 1478 1043 immediatae.
1517 986 1891 1043 conscientiae
1927 994 2176 1050 nostroe,·

50 1082 111 1140 id
156 1081 314 1163 quod
360 1083 527 1139 nullo
576 1081 744 1138 modo
777 1080 903 1139 fieri
942 1091 1167 1161 potest,
1211 1079 1495 1162 siquidem
1529 1079 1941 1162 probavimu5‚
1979 1080 2177 1138 dicta·-

52 1199 187 1237 men
226 1177 595 1235 immediatae
626 1178 1000 1234 conscientioe
1035 1186 1172 1234 ante
1209 1175 1475 1256 quamvis
1518 1174 1693 1233 aliam
1724 1178 2177 1252 persuasionem

54 1295 176 1332 non
212 1292 382 1354 posse
419 1282 652 1330 certum
682 1291 806 1329 esse
827 1313 845 1346 ‚
892 1291 957 1329 ac
989 1269 1238 1353 proinde
1263 1290 1338 1328 ne
1362 1268 1802 1351 persuasionem
1837 1270 2077 1350 quidem
2101 1269 2177 1329 de

53 1367 162 1426 1100
198 1368 526 1425 dictamine
563 1375 752 1422 tutam
783 1385 906 1423 esse
927 1386 1097 1446 posse
1127 1363 1237 1444 (2).
1267 1365 1701 1443 Consequentia
1724 1386 1745 1423 .·
1777 1386 1912 1444 ergo
1937 1387 2012 1424 ne
2043 1368 2180 1446 qui-

52 1461 188 1520 dem
212 1479 523 1541 possumus
555 1456 753 1517 valido
785 1457 964 1516 modo
993 1459 1118 1518 sive
1141 1456 1410 1517 invenire
1444 1459 1567 1518 sive
1589 1449 1921 1540 espendere
1945 1459 2007 1518 in
2028 1463 2180 1519 acti-

52 1557 166 1614 bus
205 1555 442 1632 reflectis
473 1553 952 1632 fundamentum
986 1572 1089 1611 seu
1116 1573 1367 1612 cansam
1398 1554 1787 1634 persuasionis
1830 1553 1983 1612 illius
2004 1600 2020 1628 .‚
2050 1577 2180 1637 quae

50 1649 217 1710 nobis
250 1660 387 1709 ante
413 1647 793 1708 reflexionem
828 1647 963 1727 data
1007 1658 1130 1722 est3
1171 1669 1237 1707 30
1266 1649 1515 1730 proinde
1535 1647 1619 1709 ‘ea
1651 1650 1948 1731 persuasio
1977 1662 2180 1710 manet

48 1756 204 1806 certe
230 1746 660 1803 irrevocabilis.
704 1744 875 1816 Quod
905 1755 1031 1802 erat
1073 1743 1623 1803 demonstrandum.

135 1839 272 1898 166.
322 1842 407 1897 Ita
437 1838 683 1927 demum
717 1838 827 1897 sibi
858 1838 1185 1918 gratulatur
1217 1839 1552 1898 Hermesius
1583 1861 1643 1899 se
1674 1839 1838 1900 basin
1868 1840 2177 1922 metaphy-

52 1935 177 1995 sicae
202 1934 500 1996 invenisse
526 1956 540 1992 :
566 1933 822 2015 primam
851 1933 1067 1993 scilicet
1091 1932 1420 1992 realitatem
1451 1955 1516 1992 ac
1545 1935 1798 2016 primam
1849 1936 2180 2010 veritatem,

48 2052 263 2113 nempe
300 2032 636 2089 realitatem
683 2033 805 2099 rei,
840 2033 1018 2108 cujus
1060 2030 1485 2103 immediatam,
1523 2034 1950 2090 conscientiam
1994 2032 2177 2089 hahe-

48 2148 183 2186 mus
202 2170 225 2198 ,
268 2137 323 2184 et
351 2129 656 2184 veritatem
678 2126 1033 2184 dictaminis
1074 2126 1438 2186 immediatae
1461 2131 1834 2187 conscientiae
1854 2173 1870 2201 .,
1900 2131 2174 2186 testantis

50 2222 122 2280 id
148 2222 310 2300 quod
329 2225 400 2279 in
427 2222 596 2280 nobis
621 2231 707 2279 est
731 2220 843 2300 (3).
876 2218 1070 2280 Habes
1099 2220 1318 2301 optime
1340 2219 1523 2279 lector
1539 2266 1554 2296 ,
1581 2233 1764 2280 totam
1786 2221 1960 2300 hujus
1980 2224 2178 2304 inqui—

51 2315 275 2375 sitionis
313 2336 637 2393 summam3
684 2336 844 2374 nunc
897 2335 968 2374 ex
989 2314 1290 2397 plui-ihm,
1337 2335 1464 2396 quae
1498 2315 1888 2377 animadverti
1919 2317 1985 2375 in
2013 2315 2177 2376 illam

53 2422 293 2493 possent
312 2455 328 2485 ,
365 2431 546 2492 pauca
570 2410 698 2469 haec
722 2410 938 2492 accipe.

138 2506 275 2566 167.
326 2508 370 2565 Ι.
406 2508 847 2585 ⁴Argumentum
893 2516 1190 2586 postremo
1240 2505 1486 2565 allatum
1506 2551 1521 2582 ,
1582 2509 1672 2567 cui
1720 2518 1846 2566 tota
1901 2507 2178 2566 innititur

53 2600 359 2675 machina,
400 2600 618 2683 duplici
646 2601 788 2662 vitio
829 2599 1079 2662 laborat.
1116 2602 1180 2660 10
1219 2602 1479 2660 Primum
1522 2602 1619 2673 hic
1663 2602 2033 2676 HermesiuS‚
2078 2603 2179 2684 qui

51 2695 450 2780 psychologica
473 2696 918 2776 investigatione
939 2740 955 2770 ,
982 2718 1104 2755 non
1126 2695 1308 2777 logica
1330 2695 1836 2757 demonstratione
1857 2742 1874 2773 ,
1904 2698 1989 2756 uti
2014 2700 2179 2757 Kan-

55 2792 169 2850 tius
190 2835 207 2861 ,
240 2791 553 2872 procedere
594 2813 654 2851 se
676 2793 1018 2874 profitetur,
1045 2793 1110 2851 in
1133 2793 1326 2874 ipsum
1354 2793 1709 2874 principium
1743 2793 1944 2852 Kantii
1980 2792 2179 2875 palam

53 2887 290 2963 incidit,
327 2887 470 2945 dum
512 2889 1008 2947 demonstratione
1044 2887 1388 2968 syllogistica
1425 2888 1675 2970 probare
1719 2887 2025 2948 contendit
2060 2888 2181 2946 fac-

56 2993 186 3040 tum
218 2983 412 3064 ipsum
447 2982 521 3043 de
554 2985 1053 3043 irrevocabilitate
1090 2983 1310 3061 reflexa
1334 2987 1750 3062 persuasionis
1796 2984 2034 3043 directoe
2075 2982 2182 3041 im-

57 3076 323 3138 mediatae
362 3078 744 3138 conscientiae.
771 3078 840 3136 20
872 3078 1042 3152 Quod
1076 3078 1258 3158 magis
1287 3089 1405 3151 est,
1449 3078 1857 3161 circumagitur
1890 3088 2091 3161 aperte
2118 3078 2181 3136 in

134 3333 205 3398 (1)
228 3333 469 3386 Undenam
487 3339 753 3404 majorhaec
767 3348 944 3388 constat
956 3337 1080 3387 Her·
1160 3338 1427 3388 Hermesius
1465 3337 1607 3386 fidem
1640 3354 1826 3386 omnem
1847 3374 1860 3398 ‚
1895 3334 1994 3404 jam
2025 3338 2185 3403 impli-

69 3417 212 3464 mesio
233 3453 248 3476 ,
284 3419 371 3465 nisi
400 3435 452 3467 ex
479 3423 743 3470 testimonio
784 3419 1076 3470 immediatae
1160 3423 1249 3487 cite
1270 3421 1513 3485 praestitam
1528 3419 1821 3476 immediata?
1838 3421 2144 3468 conscientia?
2158 3437 2181 3477 ;

69 3498 418 3547 conscientias?
466 3500 588 3567 Ergo
628 3503 768 3552 fidem
790 3541 802 3562 ‚
848 3501 1080 3568 implicite
1162 3513 1207 3551 et
1234 3503 1573 3566 consequentia
1599 3502 1708 3567 ipsa
1732 3519 1784 3551 ex
1811 3505 1857 3550 vi
1887 3512 2065 3551 1311111111
2091 3501 2187 3548 1111ιι

70 3577 230 3629 saltem
250 3616 263 3638 ,
295 3582 394 3646 ejus
426 3585 653 3633 veracitati
680 3585 840 3634 habet.
979 3577 981 3580 ⁵
1160 3589 1235 3650 jus
1261 3584 1531 3649 neqationis
1560 3583 1824 3632 deducitur.

142 3661 213 3726 (2)
250 3660 301 3709 In
334 3662 422 3711 1130
444 3665 622 3713 minori
645 3669 810 3716 iterum
844 3667 1082 3716 subtrahit
1234 3664 1299 3728 (3)
1340 3668 1466 3715 Intr.
1507 3661 1639 3714 Phil.
1672 3682 1780 3732 pag.
1821 3660 1932 3730 198.
