<?xml version="1.0" encoding="UTF-8"?>
<!DOCTYPE html PUBLIC "-//W3C//DTD XHTML 1.0 Transitional//EN"
    "http://www.w3.org/TR/xhtml1/DTD/xhtml1-transitional.dtd">
<html xmlns="http://www.w3.org/1999/xhtml" xml:lang="en" lang="en">
 <head>
  <title>
</title>
<meta http-equiv="Content-Type" content="text/html;charset=utf-8" />
  <meta name='ocr-system' content='tesseract 3.04.00' />
  <meta name='ocr-capabilities' content='ocr_page ocr_carea ocr_par ocr_line ocrx_word'/>
</head>
<body>
  <div class='ocr_page' id='page_1' title='image "a603693809perruoft_0240.png"; bbox 0 0 2502 4134; ppageno 0'>
   <div class='ocr_carea' id='block_1_1' title="bbox 232 23 353 83">
    <p class='ocr_par' dir='ltr' id='par_1_1' title="bbox 232 23 353 83">
     <span class='ocr_line' id='line_1_1' title="bbox 232 23 353 83; baseline 0 -1"><span class='ocrx_word' id='word_1_1' title='bbox 232 23 353 83; x_wconf 79' lang='lat'>232</span> 
     </span>
    </p>
   </div>
   <div class='ocr_carea' id='block_1_2' title="bbox 833 43 1754 87">
    <p class='ocr_par' dir='ltr' id='par_1_2' title="bbox 833 43 1754 87">
     <span class='ocr_line' id='line_1_2' title="bbox 833 43 1754 87; baseline 0.007 -8"><span class='ocrx_word' id='word_1_2' title='bbox 833 43 1028 81; x_wconf 73' lang='lat' dir='ltr'>TRACT.</span> <span class='ocrx_word' id='word_1_3' title='bbox 1073 46 1141 80; x_wconf 78' lang='lat' dir='ltr'>DE</span> <span class='ocrx_word' id='word_1_4' title='bbox 1187 45 1337 83; x_wconf 80' lang='lat' dir='ltr'>mols</span> <span class='ocrx_word' id='word_1_5' title='bbox 1379 47 1754 87; x_wconf 74' lang='lat' dir='ltr'>THEOLOGICIS.</span> 
     </span>
    </p>
   </div>
   <div class='ocr_carea' id='block_1_3' title="bbox 1079 186 1508 244">
    <p class='ocr_par' dir='ltr' id='par_1_3' title="bbox 1079 186 1508 244">
     <span class='ocr_line' id='line_1_3' title="bbox 1079 186 1508 244; baseline 0.014 -6"><span class='ocrx_word' id='word_1_6' title='bbox 1079 186 1508 244; x_wconf 86' lang='lat' dir='ltr'><strong>PROPOSITIO.</strong></span> 
     </span>
    </p>
   </div>
   <div class='ocr_carea' id='block_1_4' title="bbox 237 318 2357 505">
    <p class='ocr_par' dir='ltr' id='par_1_4' title="bbox 237 318 2357 505">
     <span class='ocr_line' id='line_1_4' title="bbox 237 318 2357 406; baseline 0.001 -13"><span class='ocrx_word' id='word_1_7' title='bbox 237 334 469 393; x_wconf 76' lang='lat' dir='ltr'>Proeter</span> <span class='ocrx_word' id='word_1_8' title='bbox 486 350 726 388; x_wconf 80' lang='lat' dir='ltr'>sacram</span> <span class='ocrx_word' id='word_1_9' title='bbox 751 329 1139 406; x_wconf 78' lang='lat' dir='ltr'>Scripturam</span> <span class='ocrx_word' id='word_1_10' title='bbox 1163 329 1413 390; x_wconf 71' lang='lat' dir='ltr'>admitti</span> <span class='ocrx_word' id='word_1_11' title='bbox 1431 318 1753 391; x_wconf 72' lang='lat' dir='ltr'>necessario</span> <span class='ocrx_word' id='word_1_12' title='bbox 1771 334 1983 393; x_wconf 78' lang='lat' dir='ltr'>dehent</span> <span class='ocrx_word' id='word_1_13' title='bbox 2004 336 2357 396; x_wconf 76' lang='lat' dir='ltr'>traditiones</span> 
     </span>
     <span class='ocr_line' id='line_1_5' title="bbox 600 426 1985 505; baseline 0.004 -22"><span class='ocrx_word' id='word_1_14' title='bbox 600 426 827 484; x_wconf 78' lang='lat' dir='ltr'>divz&#39;noe</span> <span class='ocrx_word' id='word_1_15' title='bbox 851 426 1198 504; x_wconf 74' lang='lat' dir='ltr'>doymaticoe</span> <span class='ocrx_word' id='word_1_16' title='bbox 1231 427 1311 484; x_wconf 83' lang='lat' dir='ltr'>ab</span> <span class='ocrx_word' id='word_1_17' title='bbox 1344 428 1452 485; x_wconf 75' lang='lat' dir='ltr'>illa</span> <span class='ocrx_word' id='word_1_18' title='bbox 1473 429 1653 505; x_wconf 82' lang='lat' dir='ltr'>plane</span> <span class='ocrx_word' id='word_1_19' title='bbox 1675 429 1985 491; x_wconf 72' lang='lat' dir='ltr'>distinctae.</span> 
     </span>
    </p>
   </div>
   <div class='ocr_carea' id='block_1_5' title="bbox 169 612 2371 2609">
    <p class='ocr_par' dir='ltr' id='par_1_5' title="bbox 315 612 2360 696">
     <span class='ocr_line' id='line_1_6' title="bbox 315 612 2360 696; baseline 0 -20"><span class='ocrx_word' id='word_1_20' title='bbox 315 616 456 676; x_wconf 79' lang='lat'><strong>341.</strong></span> <span class='ocrx_word' id='word_1_21' title='bbox 503 614 807 695; x_wconf 81' lang='lat' dir='ltr'>Complexi</span> <span class='ocrx_word' id='word_1_22' title='bbox 847 636 1046 674; x_wconf 90' lang='lat' dir='ltr'>sumus</span> <span class='ocrx_word' id='word_1_23' title='bbox 1085 615 1146 672; x_wconf 91' lang='lat' dir='ltr'>in</span> <span class='ocrx_word' id='word_1_24' title='bbox 1192 612 1606 696; x_wconf 84' lang='lat' dir='ltr'>propositionis</span> <span class='ocrx_word' id='word_1_25' title='bbox 1642 617 2046 676; x_wconf 87' lang='lat' dir='ltr'>enunciatione</span> <span class='ocrx_word' id='word_1_26' title='bbox 2089 616 2360 676; x_wconf 90' lang='lat' dir='ltr'>traditio-</span> 
     </span>
    </p>

    <p class='ocr_par' dir='ltr' id='par_1_6' title="bbox 169 709 2367 1825">
     <span class='ocr_line' id='line_1_7' title="bbox 232 709 2360 791; baseline -0 -19"><span class='ocrx_word' id='word_1_27' title='bbox 232 735 380 772; x_wconf 89' lang='lat' dir='ltr'>num</span> <span class='ocrx_word' id='word_1_28' title='bbox 420 711 753 771; x_wconf 88' lang='lat' dir='ltr'>divinarum</span> <span class='ocrx_word' id='word_1_29' title='bbox 802 732 867 769; x_wconf 92' lang='lat' dir='ltr'>ac</span> <span class='ocrx_word' id='word_1_30' title='bbox 906 709 1367 791; x_wconf 82' lang='lat' dir='ltr'>dogmaticarum</span> <span class='ocrx_word' id='word_1_31' title='bbox 1408 712 1808 768; x_wconf 75' lang='lat' dir='ltr'>necessitatem</span> <span class='ocrx_word' id='word_1_32' title='bbox 1845 721 1904 770; x_wconf 84' lang='lat' dir='ltr'>et</span> <span class='ocrx_word' id='word_1_33' title='bbox 1949 715 2360 784; x_wconf 71' lang='lat' dir='ltr'>existentiam,</span> 
     </span>
     <span class='ocr_line' id='line_1_8' title="bbox 169 792 2361 887; baseline -0.003 -18"><span class='ocrx_word' id='word_1_34' title='bbox 169 792 174 797; x_wconf 32' lang='lat'>⁸</span> <span class='ocrx_word' id='word_1_35' title='bbox 233 831 365 869; x_wconf 90' lang='lat' dir='ltr'>cum</span> <span class='ocrx_word' id='word_1_36' title='bbox 391 807 464 866; x_wconf 92' lang='lat' dir='ltr'>ab</span> <span class='ocrx_word' id='word_1_37' title='bbox 494 809 747 869; x_wconf 88' lang='lat' dir='ltr'>invicem</span> <span class='ocrx_word' id='word_1_38' title='bbox 779 806 1003 885; x_wconf 85' lang='lat' dir='ltr'>sejungi</span> <span class='ocrx_word' id='word_1_39' title='bbox 1034 815 1363 887; x_wconf 78' lang='lat' dir='ltr'>nequeant,</span> <span class='ocrx_word' id='word_1_40' title='bbox 1389 826 1453 864; x_wconf 91' lang='lat' dir='ltr'>ac</span> <span class='ocrx_word' id='word_1_41' title='bbox 1478 803 1851 886; x_wconf 80' lang='lat' dir='ltr'>probationes</span> <span class='ocrx_word' id='word_1_42' title='bbox 1875 817 2192 887; x_wconf 91' lang='lat' dir='ltr'>utrumque</span> <span class='ocrx_word' id='word_1_43' title='bbox 2218 827 2361 864; x_wconf 91' lang='lat' dir='ltr'>con-</span> 
     </span>
     <span class='ocr_line' id='line_1_9' title="bbox 233 901 2361 983; baseline -0.002 -19"><span class='ocrx_word' id='word_1_44' title='bbox 233 906 451 964; x_wconf 85' lang='lat' dir='ltr'>ficiant.</span> <span class='ocrx_word' id='word_1_45' title='bbox 499 903 822 982; x_wconf 85' lang='lat' dir='ltr'>Adjecimus</span> <span class='ocrx_word' id='word_1_46' title='bbox 869 912 1068 960; x_wconf 89' lang='lat' dir='ltr'>autem</span> <span class='ocrx_word' id='word_1_47' title='bbox 1112 922 1314 961; x_wconf 87' lang='lat' dir='ltr'>vocem</span> <span class='ocrx_word' id='word_1_48' title='bbox 1356 902 1707 981; x_wconf 69' lang='lat' dir='ltr'>doymati&#39;cae</span> <span class='ocrx_word' id='word_1_49' title='bbox 1751 902 1827 960; x_wconf 90' lang='lat' dir='ltr'>ad</span> <span class='ocrx_word' id='word_1_50' title='bbox 1881 901 2361 983; x_wconf 84' lang='lat' dir='ltr'>praecludendum</span> 
     </span>
     <span class='ocr_line' id='line_1_10' title="bbox 234 997 2366 1078; baseline -0.001 -19"><span class='ocrx_word' id='word_1_51' title='bbox 234 1000 472 1059; x_wconf 89' lang='lat' dir='ltr'>illorum</span> <span class='ocrx_word' id='word_1_52' title='bbox 508 998 964 1059; x_wconf 87' lang='lat' dir='ltr'>Protestantium</span> <span class='ocrx_word' id='word_1_53' title='bbox 993 997 1298 1076; x_wconf 82' lang='lat' dir='ltr'>effugiam,</span> <span class='ocrx_word' id='word_1_54' title='bbox 1336 997 1470 1078; x_wconf 85' lang='lat' dir='ltr'>qui,</span> <span class='ocrx_word' id='word_1_55' title='bbox 1511 998 1618 1056; x_wconf 89' lang='lat' dir='ltr'>etsi</span> <span class='ocrx_word' id='word_1_56' title='bbox 1659 998 1984 1072; x_wconf 70' lang='lat' dir='ltr'><strong>fateantur,</strong></span> <span class='ocrx_word' id='word_1_57' title='bbox 2016 1020 2137 1056; x_wconf 90' lang='lat' dir='ltr'>non</span> <span class='ocrx_word' id='word_1_58' title='bbox 2168 998 2366 1057; x_wconf 87' lang='lat' dir='ltr'>omnia</span> 
     </span>
     <span class='ocr_line' id='line_1_11' title="bbox 234 1092 2367 1179; baseline -0.001 -24"><span class='ocrx_word' id='word_1_59' title='bbox 234 1098 298 1155; x_wconf 91' lang='lat' dir='ltr'>in</span> <span class='ocrx_word' id='word_1_60' title='bbox 333 1096 504 1156; x_wconf 88' lang='lat' dir='ltr'>sacris</span> <span class='ocrx_word' id='word_1_61' title='bbox 536 1096 766 1154; x_wconf 82' lang='lat' dir='ltr'>Litteris</span> <span class='ocrx_word' id='word_1_62' title='bbox 793 1140 808 1170; x_wconf 84' lang='lat'>,</span> <span class='ocrx_word' id='word_1_63' title='bbox 851 1115 977 1179; x_wconf 83' lang='lat' dir='ltr'>quae</span> <span class='ocrx_word' id='word_1_64' title='bbox 1012 1094 1270 1166; x_wconf 86' lang='lat' dir='ltr'>Christus</span> <span class='ocrx_word' id='word_1_65' title='bbox 1298 1104 1358 1152; x_wconf 86' lang='lat' dir='ltr'>et</span> <span class='ocrx_word' id='word_1_66' title='bbox 1402 1092 1659 1174; x_wconf 87' lang='lat' dir='ltr'>Apostoli</span> <span class='ocrx_word' id='word_1_67' title='bbox 1694 1094 1911 1174; x_wconf 77' lang='lat' dir='ltr'>Spiritu</span> <span class='ocrx_word' id='word_1_68' title='bbox 1945 1094 2152 1152; x_wconf 87' lang='lat' dir='ltr'>Sancto</span> <span class='ocrx_word' id='word_1_69' title='bbox 2178 1094 2367 1175; x_wconf 90' lang='lat' dir='ltr'>inspi-</span> 
     </span>
     <span class='ocr_line' id='line_1_12' title="bbox 236 1188 2367 1270; baseline -0.002 -19"><span class='ocrx_word' id='word_1_70' title='bbox 236 1202 407 1251; x_wconf 83' lang='lat' dir='ltr'>rante</span> <span class='ocrx_word' id='word_1_71' title='bbox 447 1189 807 1265; x_wconf 88' lang='lat' dir='ltr'>docuerunt,</span> <span class='ocrx_word' id='word_1_72' title='bbox 847 1190 1164 1260; x_wconf 74' lang='lat' dir='ltr'>contineri,</span> <span class='ocrx_word' id='word_1_73' title='bbox 1202 1188 1571 1247; x_wconf 87' lang='lat' dir='ltr'>contendunt</span> <span class='ocrx_word' id='word_1_74' title='bbox 1603 1200 1839 1262; x_wconf 88' lang='lat' dir='ltr'>tamen,</span> <span class='ocrx_word' id='word_1_75' title='bbox 1882 1211 1984 1253; x_wconf 77' lang='lat' dir='ltr'>ea..</span> <span class='ocrx_word' id='word_1_76' title='bbox 2027 1211 2155 1270; x_wconf 85' lang='lat' dir='ltr'>quae</span> <span class='ocrx_word' id='word_1_77' title='bbox 2193 1189 2367 1247; x_wconf 90' lang='lat' dir='ltr'>sacris</span> 
     </span>
     <span class='ocr_line' id='line_1_13' title="bbox 236 1283 2366 1366; baseline -0.001 -20"><span class='ocrx_word' id='word_1_78' title='bbox 236 1285 421 1346; x_wconf 90' lang='lat' dir='ltr'>Libris</span> <span class='ocrx_word' id='word_1_79' title='bbox 458 1289 580 1344; x_wconf 90' lang='lat' dir='ltr'>non</span> <span class='ocrx_word' id='word_1_80' title='bbox 617 1285 1036 1360; x_wconf 76' lang='lat' dir='ltr'>includuntur,</span> <span class='ocrx_word' id='word_1_81' title='bbox 1078 1283 1396 1365; x_wconf 89' lang='lat' dir='ltr'>adiaphora</span> <span class='ocrx_word' id='word_1_82' title='bbox 1426 1305 1582 1358; x_wconf 84' lang='lat' dir='ltr'>esse,</span> <span class='ocrx_word' id='word_1_83' title='bbox 1620 1284 1980 1366; x_wconf 85' lang='lat' dir='ltr'>minimeque</span> <span class='ocrx_word' id='word_1_84' title='bbox 2010 1285 2084 1342; x_wconf 89' lang='lat' dir='ltr'>ad</span> <span class='ocrx_word' id='word_1_85' title='bbox 2118 1283 2366 1348; x_wconf 81' lang='lat' dir='ltr'>salutem</span> 
     </span>
     <span class='ocr_line' id='line_1_14' title="bbox 238 1378 2367 1461; baseline -0.002 -19"><span class='ocrx_word' id='word_1_86' title='bbox 238 1382 558 1442; x_wconf 88' lang='lat' dir='ltr'>necessaria</span> <span class='ocrx_word' id='word_1_87' title='bbox 590 1382 704 1461; x_wconf 90' lang='lat'>(1).</span> <span class='ocrx_word' id='word_1_88' title='bbox 738 1382 1152 1459; x_wconf 83' lang='lat' dir='ltr'>Subjunximus</span> <span class='ocrx_word' id='word_1_89' title='bbox 1180 1391 1490 1460; x_wconf 61' lang='lat' dir='ltr'>praeterea,</span> <span class='ocrx_word' id='word_1_90' title='bbox 1524 1378 1917 1438; x_wconf 89' lang='lat' dir='ltr'>admittendas</span> <span class='ocrx_word' id='word_1_91' title='bbox 1946 1378 2230 1457; x_wconf 88' lang='lat' dir='ltr'>ejusmodi</span> <span class='ocrx_word' id='word_1_92' title='bbox 2255 1391 2367 1437; x_wconf 88' lang='lat' dir='ltr'>tra·</span> 
     </span>
     <span class='ocr_line' id='line_1_15' title="bbox 239 1472 2367 1556; baseline -0.002 -19"><span class='ocrx_word' id='word_1_93' title='bbox 239 1478 488 1537; x_wconf 89' lang='lat' dir='ltr'>ditiones</span> <span class='ocrx_word' id='word_1_94' title='bbox 528 1500 566 1536; x_wconf 91' lang='lat' dir='ltr'>a</span> <span class='ocrx_word' id='word_1_95' title='bbox 600 1479 928 1556; x_wconf 78' lang='lat' dir='ltr'>Scriptura</span> <span class='ocrx_word' id='word_1_96' title='bbox 949 1479 1139 1556; x_wconf 82' lang='lat' dir='ltr'>plane</span> <span class='ocrx_word' id='word_1_97' title='bbox 1174 1475 1520 1545; x_wconf 65' lang='lat' dir='ltr'>distincta-5,</span> <span class='ocrx_word' id='word_1_98' title='bbox 1556 1473 1631 1532; x_wconf 88' lang='lat' dir='ltr'>ad</span> <span class='ocrx_word' id='word_1_99' title='bbox 1666 1472 2026 1534; x_wconf 81' lang='lat' dir='ltr'>excludenda</span> <span class='ocrx_word' id='word_1_100' title='bbox 2055 1474 2237 1533; x_wconf 89' lang='lat' dir='ltr'>relata</span> <span class='ocrx_word' id='word_1_101' title='bbox 2265 1496 2367 1533; x_wconf 87' lang='lat' dir='ltr'>eo-</span> 
     </span>
     <span class='ocr_line' id='line_1_16' title="bbox 239 1570 2364 1654; baseline -0.002 -22"><span class='ocrx_word' id='word_1_102' title='bbox 239 1573 517 1633; x_wconf 90' lang='lat' dir='ltr'>rumdem</span> <span class='ocrx_word' id='word_1_103' title='bbox 547 1572 760 1654; x_wconf 88' lang='lat' dir='ltr'>placita</span> <span class='ocrx_word' id='word_1_104' title='bbox 788 1573 934 1631; x_wconf 88' lang='lat' dir='ltr'>circa</span> <span class='ocrx_word' id='word_1_105' title='bbox 955 1570 1295 1630; x_wconf 85' lang='lat' dir='ltr'>traditiones</span> <span class='ocrx_word' id='word_1_106' title='bbox 1325 1591 1486 1630; x_wconf 90' lang='lat' dir='ltr'>mere</span> <span class='ocrx_word' id='word_1_107' title='bbox 1516 1571 1838 1630; x_wconf 74' lang='lat' dir='ltr'>inkoesz‘vas</span> <span class='ocrx_word' id='word_1_108' title='bbox 1862 1593 1926 1629; x_wconf 90' lang='lat' dir='ltr'>ac</span> <span class='ocrx_word' id='word_1_109' title='bbox 1951 1573 2364 1630; x_wconf 67' lang='lat' dir='ltr'>declarativas,</span> 
     </span>
     <span class='ocr_line' id='line_1_17' title="bbox 241 1665 2367 1750; baseline -0.001 -22"><span class='ocrx_word' id='word_1_110' title='bbox 241 1668 463 1743; x_wconf 88' lang='lat' dir='ltr'>Quibus</span> <span class='ocrx_word' id='word_1_111' title='bbox 488 1670 569 1726; x_wconf 90' lang='lat' dir='ltr'>ita</span> <span class='ocrx_word' id='word_1_112' title='bbox 600 1667 893 1749; x_wconf 79' lang='lat' dir='ltr'>dispositis</span> <span class='ocrx_word' id='word_1_113' title='bbox 915 1713 931 1742; x_wconf 88' lang='lat'>,</span> <span class='ocrx_word' id='word_1_114' title='bbox 960 1668 1039 1726; x_wconf 89' lang='lat' dir='ltr'>sic</span> <span class='ocrx_word' id='word_1_115' title='bbox 1069 1665 1397 1726; x_wconf 83' lang='lat' dir='ltr'>accedimus</span> <span class='ocrx_word' id='word_1_116' title='bbox 1426 1665 1503 1724; x_wconf 90' lang='lat' dir='ltr'>ad</span> <span class='ocrx_word' id='word_1_117' title='bbox 1524 1677 1753 1726; x_wconf 84' lang='lat' dir='ltr'>assertae</span> <span class='ocrx_word' id='word_1_118' title='bbox 1782 1667 2190 1750; x_wconf 82' lang='lat' dir='ltr'>propositionis</span> <span class='ocrx_word' id='word_1_119' title='bbox 2220 1667 2367 1727; x_wconf 86' lang='lat' dir='ltr'>veri-</span> 
     </span>
     <span class='ocr_line' id='line_1_18' title="bbox 240 1760 893 1825; baseline -0.002 -3"><span class='ocrx_word' id='word_1_120' title='bbox 240 1775 424 1822; x_wconf 85' lang='lat' dir='ltr'>tatem</span> <span class='ocrx_word' id='word_1_121' title='bbox 458 1760 893 1825; x_wconf 90' lang='lat' dir='ltr'>vindicandam.</span> 
     </span>
    </p>

    <p class='ocr_par' dir='ltr' id='par_1_7' title="bbox 241 1856 2371 2609">
     <span class='ocr_line' id='line_1_19' title="bbox 324 1856 2369 1940; baseline 0.001 -24"><span class='ocrx_word' id='word_1_122' title='bbox 324 1858 465 1917; x_wconf 77' lang='lat'><strong>342.</strong></span> <span class='ocrx_word' id='word_1_123' title='bbox 512 1860 727 1917; x_wconf 86' lang='lat' dir='ltr'>Praeter</span> <span class='ocrx_word' id='word_1_124' title='bbox 770 1858 1094 1939; x_wconf 86' lang='lat' dir='ltr'>Scripturas</span> <span class='ocrx_word' id='word_1_125' title='bbox 1132 1857 1451 1940; x_wconf 87' lang='lat' dir='ltr'>necessario</span> <span class='ocrx_word' id='word_1_126' title='bbox 1486 1856 1718 1916; x_wconf 87' lang='lat' dir='ltr'>admitti</span> <span class='ocrx_word' id='word_1_127' title='bbox 1771 1858 2112 1918; x_wconf 84' lang='lat' dir='ltr'>traditiones</span> <span class='ocrx_word' id='word_1_128' title='bbox 2156 1859 2369 1921; x_wconf 83' lang='lat' dir='ltr'>divinae</span> 
     </span>
     <span class='ocr_line' id='line_1_20' title="bbox 243 1952 2370 2035; baseline 0 -23"><span class='ocrx_word' id='word_1_129' title='bbox 243 1975 308 2012; x_wconf 92' lang='lat' dir='ltr'>ac</span> <span class='ocrx_word' id='word_1_130' title='bbox 331 1953 674 2034; x_wconf 73' lang='lat' dir='ltr'>dogmaticae</span> <span class='ocrx_word' id='word_1_131' title='bbox 711 1952 928 2012; x_wconf 90' lang='lat' dir='ltr'>debent</span> <span class='ocrx_word' id='word_1_132' title='bbox 953 1952 1028 2011; x_wconf 89' lang='lat' dir='ltr'>ab</span> <span class='ocrx_word' id='word_1_133' title='bbox 1056 1952 1165 2010; x_wconf 88' lang='lat' dir='ltr'>illis</span> <span class='ocrx_word' id='word_1_134' title='bbox 1197 1952 1371 2033; x_wconf 90' lang='lat' dir='ltr'>plane</span> <span class='ocrx_word' id='word_1_135' title='bbox 1399 1952 1689 2013; x_wconf 71' lang='lat' dir='ltr'>distinctae</span> <span class='ocrx_word' id='word_1_136' title='bbox 1710 1999 1725 2028; x_wconf 85' lang='lat'>,</span> <span class='ocrx_word' id='word_1_137' title='bbox 1762 1955 1811 2012; x_wconf 91' lang='lat' dir='ltr'>si</span> <span class='ocrx_word' id='word_1_138' title='bbox 1842 1953 2060 2035; x_wconf 90' lang='lat' dir='ltr'>absque</span> <span class='ocrx_word' id='word_1_139' title='bbox 2085 1954 2370 2032; x_wconf 88' lang='lat' dir='ltr'>ejusmodi</span> 
     </span>
     <span class='ocr_line' id='line_1_21' title="bbox 246 2047 2365 2129; baseline 0 -21"><span class='ocrx_word' id='word_1_140' title='bbox 246 2048 660 2108; x_wconf 88' lang='lat' dir='ltr'>traditionibus</span> <span class='ocrx_word' id='word_1_141' title='bbox 691 2047 858 2106; x_wconf 89' lang='lat' dir='ltr'>nobis</span> <span class='ocrx_word' id='word_1_142' title='bbox 885 2060 1149 2106; x_wconf 87' lang='lat' dir='ltr'>constare</span> <span class='ocrx_word' id='word_1_143' title='bbox 1170 2060 1423 2129; x_wconf 87' lang='lat' dir='ltr'>nequeat</span> <span class='ocrx_word' id='word_1_144' title='bbox 1446 2048 1559 2107; x_wconf 89' lang='lat' dir='ltr'>fide</span> <span class='ocrx_word' id='word_1_145' title='bbox 1583 2049 1812 2125; x_wconf 87' lang='lat' dir='ltr'>divina,</span> <span class='ocrx_word' id='word_1_146' title='bbox 1836 2060 1963 2108; x_wconf 89' lang='lat' dir='ltr'>tum</span> <span class='ocrx_word' id='word_1_147' title='bbox 1987 2050 2059 2108; x_wconf 92' lang='lat' dir='ltr'>de</span> <span class='ocrx_word' id='word_1_148' title='bbox 2088 2072 2365 2125; x_wconf 89' lang='lat' dir='ltr'>numer0,</span> 
     </span>
     <span class='ocr_line' id='line_1_22' title="bbox 242 2142 2368 2227; baseline 0 -24"><span class='ocrx_word' id='word_1_149' title='bbox 242 2155 373 2203; x_wconf 89' lang='lat' dir='ltr'>tum</span> <span class='ocrx_word' id='word_1_150' title='bbox 409 2143 482 2202; x_wconf 93' lang='lat' dir='ltr'>de</span> <span class='ocrx_word' id='word_1_151' title='bbox 517 2145 900 2210; x_wconf 86' lang='lat' dir='ltr'>canonicitate</span> <span class='ocrx_word' id='word_1_152' title='bbox 935 2142 1248 2224; x_wconf 90' lang='lat' dir='ltr'>divinaque</span> <span class='ocrx_word' id='word_1_153' title='bbox 1277 2165 1570 2202; x_wconf 90' lang='lat' dir='ltr'>sacrorum</span> <span class='ocrx_word' id='word_1_154' title='bbox 1611 2143 1918 2203; x_wconf 90' lang='lat' dir='ltr'>Librorum</span> <span class='ocrx_word' id='word_1_155' title='bbox 1959 2146 2368 2227; x_wconf 89' lang='lat' dir='ltr'>inspiratione,</span> 
     </span>
     <span class='ocr_line' id='line_1_23' title="bbox 241 2238 2370 2323; baseline 0.001 -25"><span class='ocrx_word' id='word_1_156' title='bbox 241 2251 343 2298; x_wconf 89' lang='lat' dir='ltr'>aut</span> <span class='ocrx_word' id='word_1_157' title='bbox 366 2239 440 2298; x_wconf 90' lang='lat' dir='ltr'>de</span> <span class='ocrx_word' id='word_1_158' title='bbox 468 2238 793 2318; x_wconf 83' lang='lat' dir='ltr'>dogmatico</span> <span class='ocrx_word' id='word_1_159' title='bbox 821 2238 1195 2319; x_wconf 85' lang='lat' dir='ltr'>legitimoque</span> <span class='ocrx_word' id='word_1_160' title='bbox 1227 2238 1568 2297; x_wconf 89' lang='lat' dir='ltr'>eorumdem</span> <span class='ocrx_word' id='word_1_161' title='bbox 1603 2262 1778 2299; x_wconf 90' lang='lat' dir='ltr'>sensu</span> <span class='ocrx_word' id='word_1_162' title='bbox 1798 2286 1813 2314; x_wconf 89' lang='lat'>,</span> <span class='ocrx_word' id='word_1_163' title='bbox 1841 2253 1968 2299; x_wconf 90' lang='lat' dir='ltr'>tum</span> <span class='ocrx_word' id='word_1_164' title='bbox 2001 2241 2075 2300; x_wconf 89' lang='lat' dir='ltr'>de</span> <span class='ocrx_word' id='word_1_165' title='bbox 2107 2241 2370 2323; x_wconf 87' lang='lat' dir='ltr'>pluribus</span> 
     </span>
     <span class='ocr_line' id='line_1_24' title="bbox 241 2333 2368 2418; baseline 0.001 -25"><span class='ocrx_word' id='word_1_166' title='bbox 241 2335 367 2393; x_wconf 89' lang='lat' dir='ltr'>aliis</span> <span class='ocrx_word' id='word_1_167' title='bbox 412 2334 665 2393; x_wconf 87' lang='lat' dir='ltr'>articulis</span> <span class='ocrx_word' id='word_1_168' title='bbox 707 2334 870 2410; x_wconf 85' lang='lat' dir='ltr'>fidei,</span> <span class='ocrx_word' id='word_1_169' title='bbox 910 2355 1053 2414; x_wconf 91' lang='lat' dir='ltr'>quos</span> <span class='ocrx_word' id='word_1_170' title='bbox 1098 2333 1403 2392; x_wconf 87' lang='lat' dir='ltr'>nobiscum</span> <span class='ocrx_word' id='word_1_171' title='bbox 1455 2336 1847 2395; x_wconf 82' lang='lat' dir='ltr'>protestantes</span> <span class='ocrx_word' id='word_1_172' title='bbox 1895 2338 2280 2418; x_wconf 66' lang='lat' dir='ltr'>profitentur,</span> <span class='ocrx_word' id='word_1_173' title='bbox 2323 2338 2368 2396; x_wconf 90' lang='lat' dir='ltr'>si</span> 
     </span>
     <span class='ocr_line' id='line_1_25' title="bbox 243 2429 2371 2513; baseline 0.001 -24"><span class='ocrx_word' id='word_1_174' title='bbox 243 2430 378 2489; x_wconf 89' lang='lat' dir='ltr'>talis</span> <span class='ocrx_word' id='word_1_175' title='bbox 402 2441 683 2513; x_wconf 83' lang='lat' dir='ltr'>praeterea</span> <span class='ocrx_word' id='word_1_176' title='bbox 708 2441 980 2488; x_wconf 86' lang='lat' dir='ltr'>constans</span> <span class='ocrx_word' id='word_1_177' title='bbox 1003 2429 1114 2488; x_wconf 83' lang='lat' dir='ltr'>fuit</span> <span class='ocrx_word' id='word_1_178' title='bbox 1137 2430 1312 2488; x_wconf 88' lang='lat' dir='ltr'>totius</span> <span class='ocrx_word' id='word_1_179' title='bbox 1339 2430 1697 2512; x_wconf 88' lang='lat' dir='ltr'>antiquitatis</span> <span class='ocrx_word' id='word_1_180' title='bbox 1718 2452 1952 2503; x_wconf 84' lang='lat' dir='ltr'>sensus;</span> <span class='ocrx_word' id='word_1_181' title='bbox 1982 2431 2027 2490; x_wconf 93' lang='lat' dir='ltr'>si</span> <span class='ocrx_word' id='word_1_182' title='bbox 2047 2431 2105 2489; x_wconf 92' lang='lat' dir='ltr'>id</span> <span class='ocrx_word' id='word_1_183' title='bbox 2131 2431 2371 2492; x_wconf 90' lang='lat' dir='ltr'>demum</span> 
     </span>
     <span class='ocr_line' id='line_1_26' title="bbox 244 2524 2371 2609; baseline 0.001 -25"><span class='ocrx_word' id='word_1_184' title='bbox 244 2537 457 2585; x_wconf 89' lang='lat' dir='ltr'>natura</span> <span class='ocrx_word' id='word_1_185' title='bbox 481 2527 606 2608; x_wconf 89' lang='lat' dir='ltr'>ipsa</span> <span class='ocrx_word' id='word_1_186' title='bbox 630 2527 714 2585; x_wconf 91' lang='lat' dir='ltr'>rei</span> <span class='ocrx_word' id='word_1_187' title='bbox 754 2524 1046 2606; x_wconf 89' lang='lat' dir='ltr'>postulat,</span> <span class='ocrx_word' id='word_1_188' title='bbox 1079 2524 1239 2584; x_wconf 89' lang='lat' dir='ltr'>haud</span> <span class='ocrx_word' id='word_1_189' title='bbox 1266 2526 1460 2609; x_wconf 90' lang='lat' dir='ltr'>paucis</span> <span class='ocrx_word' id='word_1_190' title='bbox 1482 2526 1620 2607; x_wconf 88' lang='lat' dir='ltr'>ipsis</span> <span class='ocrx_word' id='word_1_191' title='bbox 1652 2525 2002 2586; x_wconf 89' lang='lat' dir='ltr'>doctioribus</span> <span class='ocrx_word' id='word_1_192' title='bbox 2035 2529 2371 2587; x_wconf 88' lang='lat' dir='ltr'>Protestan-</span> 
     </span>
    </p>
   </div>
   <div class='ocr_carea' id='block_1_6' title="bbox 1351 2693 2372 2928">
    <p class='ocr_par' dir='ltr' id='par_1_8' title="bbox 1351 2693 2372 2928">
     <span class='ocr_line' id='line_1_27' title="bbox 1352 2693 2370 2755; baseline 0.002 -5"><span class='ocrx_word' id='word_1_193' title='bbox 1352 2693 1448 2751; x_wconf 85' lang='lat' dir='ltr'>non</span> <span class='ocrx_word' id='word_1_194' title='bbox 1475 2704 1678 2751; x_wconf 90' lang='lat' dir='ltr'>multum</span> <span class='ocrx_word' id='word_1_195' title='bbox 1702 2704 1952 2754; x_wconf 89' lang='lat' dir='ltr'>abhorrent</span> <span class='ocrx_word' id='word_1_196' title='bbox 1972 2724 1998 2754; x_wconf 87' lang='lat' dir='ltr'>a</span> <span class='ocrx_word' id='word_1_197' title='bbox 2017 2706 2268 2755; x_wconf 85' lang='lat' dir='ltr'>traditione</span> <span class='ocrx_word' id='word_1_198' title='bbox 2290 2705 2370 2752; x_wconf 80' lang='lat' dir='ltr'>de-</span> 
     </span>
     <span class='ocr_line' id='line_1_28' title="bbox 1351 2785 2372 2854; baseline 0.004 -20"><span class='ocrx_word' id='word_1_199' title='bbox 1351 2785 1619 2847; x_wconf 81' lang='lat' dir='ltr'>clarativa,</span> <span class='ocrx_word' id='word_1_200' title='bbox 1665 2805 1761 2835; x_wconf 87' lang='lat' dir='ltr'>non</span> <span class='ocrx_word' id='word_1_201' title='bbox 1802 2798 1853 2836; x_wconf 90' lang='lat' dir='ltr'>ut</span> <span class='ocrx_word' id='word_1_202' title='bbox 1890 2807 1971 2854; x_wconf 88' lang='lat' dir='ltr'>per</span> <span class='ocrx_word' id='word_1_203' title='bbox 2014 2791 2159 2854; x_wconf 83' lang='lat' dir='ltr'>ipsam</span> <span class='ocrx_word' id='word_1_204' title='bbox 2201 2790 2372 2854; x_wconf 84' lang='lat' dir='ltr'>dogma</span> 
     </span>
     <span class='ocr_line' id='line_1_29' title="bbox 1352 2868 2372 2928; baseline 0.004 -13"><span class='ocrx_word' id='word_1_205' title='bbox 1352 2868 1642 2916; x_wconf 86' lang='lat' dir='ltr'>adstruamus</span> <span class='ocrx_word' id='word_1_206' title='bbox 1665 2905 1679 2928; x_wconf 96' lang='lat'>,</span> <span class='ocrx_word' id='word_1_207' title='bbox 1718 2868 1800 2918; x_wconf 86' lang='lat' dir='ltr'>sed</span> <span class='ocrx_word' id='word_1_208' title='bbox 1840 2881 1892 2918; x_wconf 87' lang='lat' dir='ltr'>ut</span> <span class='ocrx_word' id='word_1_209' title='bbox 1927 2872 2007 2919; x_wconf 89' lang='lat' dir='ltr'>illa</span> <span class='ocrx_word' id='word_1_210' title='bbox 2040 2882 2223 2919; x_wconf 78' lang='lat' dir='ltr'>utamur</span> <span class='ocrx_word' id='word_1_211' title='bbox 2254 2881 2372 2918; x_wconf 85' lang='lat' dir='ltr'>tam-</span> 
     </span>
    </p>
   </div>
   <div class='ocr_carea' id='block_1_7' title="bbox 249 2702 1275 2928">
    <p class='ocr_par' dir='ltr' id='par_1_9' title="bbox 249 2702 1275 2928">
     <span class='ocr_line' id='line_1_30' title="bbox 321 2702 1267 2769; baseline 0 -18"><span class='ocrx_word' id='word_1_212' title='bbox 321 2703 389 2768; x_wconf 91' lang='lat' dir='ltr'>(l)</span> <span class='ocrx_word' id='word_1_213' title='bbox 424 2702 544 2752; x_wconf 89' lang='lat' dir='ltr'>Cum</span> <span class='ocrx_word' id='word_1_214' title='bbox 564 2713 718 2753; x_wconf 88' lang='lat' dir='ltr'>autem</span> <span class='ocrx_word' id='word_1_215' title='bbox 735 2703 808 2752; x_wconf 89' lang='lat' dir='ltr'>vel</span> <span class='ocrx_word' id='word_1_216' title='bbox 824 2703 912 2768; x_wconf 89' lang='lat' dir='ltr'>ipsi</span> <span class='ocrx_word' id='word_1_217' title='bbox 930 2702 1267 2769; x_wconf 85' lang='lat' dir='ltr'>intelligerent,</span> 
     </span>
     <span class='ocr_line' id='line_1_31' title="bbox 249 2784 1275 2852; baseline 0 -18"><span class='ocrx_word' id='word_1_218' title='bbox 249 2786 380 2835; x_wconf 90' lang='lat' dir='ltr'>litem</span> <span class='ocrx_word' id='word_1_219' title='bbox 410 2789 584 2835; x_wconf 88' lang='lat' dir='ltr'>moveri</span> <span class='ocrx_word' id='word_1_220' title='bbox 604 2804 736 2852; x_wconf 88' lang='lat' dir='ltr'>posse</span> <span class='ocrx_word' id='word_1_221' title='bbox 761 2787 818 2835; x_wconf 89' lang='lat' dir='ltr'>de</span> <span class='ocrx_word' id='word_1_222' title='bbox 843 2785 1048 2851; x_wconf 88' lang='lat' dir='ltr'>legitimo</span> <span class='ocrx_word' id='word_1_223' title='bbox 1069 2784 1275 2850; x_wconf 89' lang='lat' dir='ltr'>Scriptu-</span> 
     </span>
     <span class='ocr_line' id='line_1_32' title="bbox 251 2867 1274 2928; baseline 0 -13"><span class='ocrx_word' id='word_1_224' title='bbox 251 2886 409 2917; x_wconf 88' lang='lat' dir='ltr'>rarum</span> <span class='ocrx_word' id='word_1_225' title='bbox 442 2886 608 2928; x_wconf 89' lang='lat' dir='ltr'>sensu,</span> <span class='ocrx_word' id='word_1_226' title='bbox 644 2880 696 2917; x_wconf 89' lang='lat' dir='ltr'>ut</span> <span class='ocrx_word' id='word_1_227' title='bbox 725 2869 837 2917; x_wconf 86' lang='lat' dir='ltr'>huic</span> <span class='ocrx_word' id='word_1_228' title='bbox 866 2867 1162 2916; x_wconf 86' lang='lat' dir='ltr'>incommodo</span> <span class='ocrx_word' id='word_1_229' title='bbox 1193 2885 1274 2916; x_wconf 90' lang='lat' dir='ltr'>oc-</span> 
     </span>
    </p>
   </div>
   <div class='ocr_carea' id='block_1_8' title="bbox 248 2949 1273 3592">
    <p class='ocr_par' dir='ltr' id='par_1_10' title="bbox 248 2949 1273 3592">
     <span class='ocr_line' id='line_1_33' title="bbox 252 2949 1273 3010; baseline 0 -13"><span class='ocrx_word' id='word_1_230' title='bbox 252 2960 489 2999; x_wconf 88' lang='lat' dir='ltr'>currerent</span> <span class='ocrx_word' id='word_1_231' title='bbox 507 2950 833 3010; x_wconf 78' lang='lat' dir='ltr'>protestantes,</span> <span class='ocrx_word' id='word_1_232' title='bbox 862 2950 1171 2999; x_wconf 86' lang='lat' dir='ltr'>distinxeruut</span> <span class='ocrx_word' id='word_1_233' title='bbox 1194 2949 1273 2997; x_wconf 90' lang='lat' dir='ltr'>alii</span> 
     </span>
     <span class='ocr_line' id='line_1_34' title="bbox 251 3031 1272 3098; baseline 0 -20"><span class='ocrx_word' id='word_1_234' title='bbox 251 3034 374 3079; x_wconf 88' lang='lat' dir='ltr'>inter</span> <span class='ocrx_word' id='word_1_235' title='bbox 413 3033 627 3098; x_wconf 79' lang='lat' dir='ltr'>dogmata</span> <span class='ocrx_word' id='word_1_236' title='bbox 656 3034 963 3098; x_wconf 78' lang='lat' dir='ltr'>praqmatica</span> <span class='ocrx_word' id='word_1_237' title='bbox 1007 3043 1050 3080; x_wconf 90' lang='lat' dir='ltr'>et</span> <span class='ocrx_word' id='word_1_238' title='bbox 1086 3031 1272 3095; x_wconf 81' lang='lat' dir='ltr'>sunda-</span> 
     </span>
     <span class='ocr_line' id='line_1_35' title="bbox 251 3113 1270 3179; baseline 0.001 -20"><span class='ocrx_word' id='word_1_239' title='bbox 251 3113 479 3176; x_wconf 73' lang='lat' dir='ltr'>mentalia</span> <span class='ocrx_word' id='word_1_240' title='bbox 496 3115 726 3179; x_wconf 85' lang='lat' dir='ltr'>religionis</span> <span class='ocrx_word' id='word_1_241' title='bbox 744 3116 1021 3175; x_wconf 69' lang='lat' dir='ltr'>christianae,</span> <span class='ocrx_word' id='word_1_242' title='bbox 1038 3124 1081 3162; x_wconf 93' lang='lat' dir='ltr'>et</span> <span class='ocrx_word' id='word_1_243' title='bbox 1098 3130 1270 3161; x_wconf 76' lang='lat' dir='ltr'>secun-</span> 
     </span>
     <span class='ocr_line' id='line_1_36' title="bbox 250 3193 1269 3261; baseline 0.003 -21"><span class='ocrx_word' id='word_1_244' title='bbox 250 3193 394 3241; x_wconf 80' lang='lat' dir='ltr'>daria</span> <span class='ocrx_word' id='word_1_245' title='bbox 429 3212 482 3242; x_wconf 90' lang='lat' dir='ltr'>ac</span> <span class='ocrx_word' id='word_1_246' title='bbox 509 3197 723 3244; x_wconf 80' lang='lat' dir='ltr'>inferiora</span> <span class='ocrx_word' id='word_1_247' title='bbox 751 3197 1041 3261; x_wconf 83' lang='lat' dir='ltr'>pragmaticis</span> <span class='ocrx_word' id='word_1_248' title='bbox 1065 3211 1080 3258; x_wconf 81' lang='lat'><em>3</em></span> <span class='ocrx_word' id='word_1_249' title='bbox 1120 3198 1269 3259; x_wconf 88' lang='lat' dir='ltr'>priora</span> 
     </span>
     <span class='ocr_line' id='line_1_37' title="bbox 250 3276 1267 3327; baseline 0.001 -2"><span class='ocrx_word' id='word_1_250' title='bbox 250 3276 467 3325; x_wconf 85' lang='lat' dir='ltr'>dixerunt</span> <span class='ocrx_word' id='word_1_251' title='bbox 493 3277 742 3327; x_wconf 83' lang='lat' dir='ltr'>clarissime</span> <span class='ocrx_word' id='word_1_252' title='bbox 768 3282 904 3327; x_wconf 85' lang='lat' dir='ltr'>sacris</span> <span class='ocrx_word' id='word_1_253' title='bbox 922 3281 971 3326; x_wconf 88' lang='lat' dir='ltr'>iu</span> <span class='ocrx_word' id='word_1_254' title='bbox 990 3278 1170 3326; x_wconf 87' lang='lat' dir='ltr'>Litteris</span> <span class='ocrx_word' id='word_1_255' title='bbox 1191 3296 1267 3326; x_wconf 86' lang='lat' dir='ltr'>ex-</span> 
     </span>
     <span class='ocr_line' id='line_1_38' title="bbox 248 3360 1266 3424; baseline 0.004 -18"><span class='ocrx_word' id='word_1_256' title='bbox 248 3360 422 3424; x_wconf 88' lang='lat' dir='ltr'>primi,</span> <span class='ocrx_word' id='word_1_257' title='bbox 452 3362 698 3423; x_wconf 85' lang='lat' dir='ltr'>posteriora</span> <span class='ocrx_word' id='word_1_258' title='bbox 735 3379 839 3409; x_wconf 89' lang='lat' dir='ltr'>vero</span> <span class='ocrx_word' id='word_1_259' title='bbox 874 3361 1162 3409; x_wconf 86' lang='lat' dir='ltr'>affirmarunt</span> <span class='ocrx_word' id='word_1_260' title='bbox 1194 3379 1266 3410; x_wconf 89' lang='lat' dir='ltr'>se-</span> 
     </span>
     <span class='ocr_line' id='line_1_39' title="bbox 251 3440 1268 3508; baseline 0.002 -19"><span class='ocrx_word' id='word_1_261' title='bbox 251 3440 461 3489; x_wconf 90' lang='lat' dir='ltr'>cundum</span> <span class='ocrx_word' id='word_1_262' title='bbox 490 3441 668 3506; x_wconf 85' lang='lat' dir='ltr'>regulas</span> <span class='ocrx_word' id='word_1_263' title='bbox 693 3444 1080 3508; x_wconf 84' lang='lat' dir='ltr'>interpretationis</span> <span class='ocrx_word' id='word_1_264' title='bbox 1110 3443 1268 3507; x_wconf 64' lang='lat' dir='ltr'>logicas</span> 
     </span>
     <span class='ocr_line' id='line_1_40' title="bbox 249 3524 1268 3592; baseline 0.006 -20"><span class='ocrx_word' id='word_1_265' title='bbox 249 3541 303 3573; x_wconf 85' lang='lat' dir='ltr'>ex</span> <span class='ocrx_word' id='word_1_266' title='bbox 333 3527 471 3574; x_wconf 86' lang='lat' dir='ltr'>sacris</span> <span class='ocrx_word' id='word_1_267' title='bbox 502 3524 685 3574; x_wconf 87' lang='lat' dir='ltr'>Litteris</span> <span class='ocrx_word' id='word_1_268' title='bbox 714 3528 810 3574; x_wconf 88' lang='lat' dir='ltr'>erui</span> <span class='ocrx_word' id='word_1_269' title='bbox 831 3544 985 3591; x_wconf 77' lang='lat' dir='ltr'>posse.</span> <span class='ocrx_word' id='word_1_270' title='bbox 1015 3526 1115 3592; x_wconf 83' lang='lat' dir='ltr'>Qua</span> <span class='ocrx_word' id='word_1_271' title='bbox 1142 3530 1191 3575; x_wconf 90' lang='lat' dir='ltr'>in</span> <span class='ocrx_word' id='word_1_272' title='bbox 1221 3546 1268 3578; x_wconf 91' lang='lat' dir='ltr'>re</span> 
     </span>
    </p>
   </div>
   <div class='ocr_carea' id='block_1_9' title="bbox 1348 2952 2383 3597">
    <p class='ocr_par' dir='ltr' id='par_1_11' title="bbox 1348 2952 2383 3597">
     <span class='ocr_line' id='line_1_41' title="bbox 1352 2952 2370 3016; baseline 0.004 -18"><span class='ocrx_word' id='word_1_273' title='bbox 1352 2968 1491 3016; x_wconf 89' lang='lat' dir='ltr'>quam</span> <span class='ocrx_word' id='word_1_274' title='bbox 1521 2952 1727 3000; x_wconf 90' lang='lat' dir='ltr'>subsidio</span> <span class='ocrx_word' id='word_1_275' title='bbox 1755 2952 1814 2999; x_wconf 88' lang='lat' dir='ltr'>ad</span> <span class='ocrx_word' id='word_1_276' title='bbox 1841 2953 2186 3002; x_wconf 88' lang='lat' dir='ltr'>conclusionem</span> <span class='ocrx_word' id='word_1_277' title='bbox 2218 2971 2270 3002; x_wconf 83' lang='lat' dir='ltr'>ex</span> <span class='ocrx_word' id='word_1_278' title='bbox 2300 2971 2370 3001; x_wconf 90' lang='lat' dir='ltr'>sa-</span> 
     </span>
     <span class='ocr_line' id='line_1_42' title="bbox 1351 3032 2373 3098; baseline 0.003 -18"><span class='ocrx_word' id='word_1_279' title='bbox 1351 3035 1440 3081; x_wconf 87' lang='lat' dir='ltr'>cris</span> <span class='ocrx_word' id='word_1_280' title='bbox 1476 3032 1654 3080; x_wconf 87' lang='lat' dir='ltr'>Litteris</span> <span class='ocrx_word' id='word_1_281' title='bbox 1685 3033 2019 3083; x_wconf 88' lang='lat' dir='ltr'>eruendam.Si</span> <span class='ocrx_word' id='word_1_282' title='bbox 2039 3052 2146 3082; x_wconf 85' lang='lat' dir='ltr'>vero</span> <span class='ocrx_word' id='word_1_283' title='bbox 2176 3039 2373 3098; x_wconf 82' lang='lat' dir='ltr'>supersit</span> 
     </span>
     <span class='ocr_line' id='line_1_43' title="bbox 1350 3114 2366 3180; baseline 0.003 -17"><span class='ocrx_word' id='word_1_284' title='bbox 1350 3119 1400 3163; x_wconf 90' lang='lat' dir='ltr'>in</span> <span class='ocrx_word' id='word_1_285' title='bbox 1446 3116 1646 3180; x_wconf 85' lang='lat' dir='ltr'>legitimo</span> <span class='ocrx_word' id='word_1_286' title='bbox 1689 3114 1937 3180; x_wconf 80' lang='lat' dir='ltr'>Scripturae</span> <span class='ocrx_word' id='word_1_287' title='bbox 1983 3135 2116 3165; x_wconf 83' lang='lat' dir='ltr'>sensu</span> <span class='ocrx_word' id='word_1_288' title='bbox 2166 3119 2366 3166; x_wconf 85' lang='lat' dir='ltr'>eruendo</span> 
     </span>
     <span class='ocr_line' id='line_1_44' title="bbox 1348 3198 2361 3266; baseline 0.003 -19"><span class='ocrx_word' id='word_1_289' title='bbox 1348 3200 1500 3266; x_wconf 88' lang='lat' dir='ltr'>aliqua</span> <span class='ocrx_word' id='word_1_290' title='bbox 1549 3198 1839 3262; x_wconf 87' lang='lat' dir='ltr'>obscuritas,</span> <span class='ocrx_word' id='word_1_291' title='bbox 1893 3202 2053 3248; x_wconf 87' lang='lat' dir='ltr'>sinunt</span> <span class='ocrx_word' id='word_1_292' title='bbox 2094 3205 2361 3266; x_wconf 88' lang='lat' dir='ltr'>quempiam</span> 
     </span>
     <span class='ocr_line' id='line_1_45' title="bbox 1349 3274 2383 3347; baseline 0.003 -17"><span class='ocrx_word' id='word_1_293' title='bbox 1349 3281 1587 3330; x_wconf 88' lang='lat' dir='ltr'>abundare</span> <span class='ocrx_word' id='word_1_294' title='bbox 1607 3283 1657 3329; x_wconf 90' lang='lat' dir='ltr'>in</span> <span class='ocrx_word' id='word_1_295' title='bbox 1679 3298 1813 3330; x_wconf 85' lang='lat' dir='ltr'>sensu</span> <span class='ocrx_word' id='word_1_296' title='bbox 1834 3298 1942 3341; x_wconf 88' lang='lat' dir='ltr'>suo,</span> <span class='ocrx_word' id='word_1_297' title='bbox 1966 3299 2072 3331; x_wconf 91' lang='lat' dir='ltr'>cum</span> <span class='ocrx_word' id='word_1_298' title='bbox 2092 3295 2359 3347; x_wconf 86' lang='lat' dir='ltr'>autument,</span> <span class='ocrx_word' id='word_1_299' title='bbox 2380 3274 2383 3277; x_wconf 16' lang='lat' dir='ltr'><em>V</em></span> 
     </span>
     <span class='ocr_line' id='line_1_46' title="bbox 1350 3364 2363 3433; baseline 0.005 -23"><span class='ocrx_word' id='word_1_300' title='bbox 1350 3364 1407 3412; x_wconf 88' lang='lat' dir='ltr'>ad</span> <span class='ocrx_word' id='word_1_301' title='bbox 1440 3364 1547 3412; x_wconf 85' lang='lat' dir='ltr'>fidei</span> <span class='ocrx_word' id='word_1_302' title='bbox 1574 3365 1798 3412; x_wconf 88' lang='lat' dir='ltr'>unitatem</span> <span class='ocrx_word' id='word_1_303' title='bbox 1826 3365 2035 3413; x_wconf 84' lang='lat' dir='ltr'>sufficere</span> <span class='ocrx_word' id='word_1_304' title='bbox 2054 3384 2152 3414; x_wconf 90' lang='lat' dir='ltr'>eam</span> <span class='ocrx_word' id='word_1_305' title='bbox 2176 3405 2188 3426; x_wconf 90' lang='lat'>‚</span> <span class='ocrx_word' id='word_1_306' title='bbox 2223 3385 2363 3433; x_wconf 88' lang='lat' dir='ltr'>quam</span> 
     </span>
     <span class='ocr_line' id='line_1_47' title="bbox 1350 3445 2361 3505; baseline 0.005 -12"><span class='ocrx_word' id='word_1_307' title='bbox 1350 3456 1542 3505; x_wconf 79' lang='lat' dir='ltr'>vocant,</span> <span class='ocrx_word' id='word_1_308' title='bbox 1587 3445 1694 3494; x_wconf 90' lang='lat' dir='ltr'>fidei</span> <span class='ocrx_word' id='word_1_309' title='bbox 1728 3447 2022 3495; x_wconf 86' lang='lat' dir='ltr'>concordiam</span> <span class='ocrx_word' id='word_1_310' title='bbox 2069 3451 2119 3496; x_wconf 90' lang='lat' dir='ltr'>in</span> <span class='ocrx_word' id='word_1_311' title='bbox 2160 3450 2361 3498; x_wconf 88' lang='lat' dir='ltr'>articulis</span> 
     </span>
     <span class='ocr_line' id='line_1_48' title="bbox 1351 3528 2291 3597; baseline 0.004 -21"><span class='ocrx_word' id='word_1_312' title='bbox 1351 3528 1781 3578; x_wconf 85' lang='lat' dir='ltr'>fundamentalibus</span> <span class='ocrx_word' id='word_1_313' title='bbox 1816 3540 1953 3596; x_wconf 90' lang='lat' dir='ltr'>atque</span> <span class='ocrx_word' id='word_1_314' title='bbox 1987 3534 2291 3597; x_wconf 87' lang='lat' dir='ltr'>pragmaticis.</span> 
     </span>
    </p>
   </div>
  </div>
 </body>
</html>
