2502 4134
2070 151 2191 208 255

253 179 410 220 PART.
461 179 528 214 11.
578 175 727 212 SBGT.
774 172 836 210 11.
884 170 1003 223 CAP„
1056 174 1095 209 1.
1142 174 1208 209 DE
1253 172 1440 209 NECES.
1492 173 1555 208 Er
1600 171 1778 209 EXIST.
1826 170 1988 210 TRAD.

68 318 199 378 sibi
233 318 622 400 proposuisset
644 315 838 373 omnia
862 313 935 371 ad
959 313 1204 372 salutem
1236 313 1554 372 necessaria
1573 358 1589 382 ,
1617 313 1678 370 in
1700 331 1871 371 sensu
1897 313 2157 393 exposito
2175 357 2191 386 .,

86 410 414 472 immediate
450 410 525 469 ad
556 430 660 468 nos
697 428 800 490 per
834 407 993 466 illam
1021 408 1421 467 transmittere
1443 453 1457 481 .,
1492 417 1550 465 et
1579 406 1955 465 nihilominus
1977 428 2040 465 ea
2076 428 2197 465 non

88 508 197 565 nisi
220 528 289 566 ex
314 518 476 587 parte
497 505 840 563 contineret.
866 502 1079 562 Probet
1097 514 1292 562 autem
1315 501 1673 562 adversarius
1689 547 1705 576 ,
1731 503 1778 561 si
1800 505 1978 584 possit
1996 549 2010 573 ,
2039 502 2197 560 hunc

88 600 195 661 sibi
223 602 401 660 finem
440 603 624 659 Deum
666 599 1056 681 praestituisse.
1092 598 1261 656 Certe
1297 596 1356 654 id
1399 617 1700 676 nunquam
1733 597 1957 656 efficiet.
1989 599 2200 656 Exem-

88 695 250 777 plum
288 694 625 773 legislatoris
671 695 913 752 humani
951 715 1068 752 non
1114 704 1200 751 est
1238 691 1312 750 ad
1350 712 1512 762 rem3
1559 690 1843 770 siquidem
1892 692 2024 751 huic
2076 715 2200 751 non

90 791 346 871 suppetit
384 789 753 868 legislationis
801 809 916 846 suae
952 787 1329 869 depositarius
1362 796 1420 844 et
1463 796 1653 843 custos
1689 785 2090 845 indefectibilis
2135 809 2202 848 ae

91 885 407 944 infallibilis
431 931 446 959 .,
475 896 648 966 prout
682 886 941 966 suppetit
964 887 1081 952 Deo
1105 883 1168 940 in
1198 882 1441 941 Ecclesia
1467 904 1498 939 a
1530 902 1591 940 se
1620 882 1929 941 constituta
1962 884 2071 964 (l).

176 980 312 1038 376.
363 982 489 1038 Non
527 980 822 1061 sequitur,
860 979 926 1035 20
965 977 1121 1058 quod
1157 977 1202 1035 si
1240 997 1442 1035 omnes
1486 976 1792 1050 veritates7
1825 999 1950 1058 quae
1987 980 2107 1038 sive
2137 979 2203 1038 in

98 1076 393 1156 Scriptura
423 1076 542 1133 sive
576 1075 639 1132 in
663 1073 993 1131 Traditione
1017 1070 1303 1129 contineri
1335 1069 1608 1128 dicuntur
1626 1114 1641 1143 ,
1676 1089 1835 1151 aeque
1859 1071 1933 1130 ad
1953 1073 2203 1132 salutem

96 1181 233 1228 sunt
277 1169 644 1241 necessariae,
690 1188 794 1247 per
827 1166 1166 1224 alterutram
1211 1175 1441 1226 tantum
1489 1185 1691 1223 omnes
1739 1168 2053 1226 transmitti
2098 1167 2204 1227 de·

97 1263 359 1335 buerint3
392 1283 530 1320 nam
555 1260 809 1341 alioquin
840 1270 1180 1340 sequeretur
1197 1303 1212 1332 ,
1238 1269 1297 1317 et
1319 1259 1473 1340 ipsas
1494 1259 1837 1319 traditiones
1859 1260 2163 1322 inhaesivas
2184 1306 2203 1338 ‚

166 1490 236 1555 (1)
269 1490 367 1541 Gfr.
387 1489 461 1538 Du
482 1488 652 1538 Perron
665 1526 678 1548 ‚
697 1489 787 1538 loc.
804 1491 888 1537 cit.
905 1505 1004 1554 cap.
1024 1504 1102 1548 111,

96 1575 178 1638 qui
200 1574 402 1637 apposite
435 1574 580 1620 utitur
600 1606 615 1633 ‚
644 1570 705 1619 ad
738 1571 828 1619 hoe
865 1570 1105 1619 declaran-

93 1654 207 1701 dum
226 1688 242 1711 ‚
285 1652 493 1717 exemplo
549 1652 683 1717 legati
703 1687 718 1714 ,
769 1653 845 1700 cui
899 1654 1112 1716 princeps

98 1753 208 1784 suus
226 1737 391 1800 partim
412 1737 462 1781 in
482 1737 663 1799 scriptis
684 1736 848 1798 partim
870 1737 977 1782 viva
1002 1751 1113 1782 voce

100 1816 336 1864 referenda
364 1817 612 1864 committit
641 1816 707 1863 illi
737 1817 792 1863 ad
822 1833 961 1881 quem
990 1815 1114 1864 dele-

100 1907 206 1962 gat,
237 1913 432 1962 quaeque
459 1907 611 1944 tamen
633 1897 842 1945 eamdem
865 1900 1111 1945 auctorita-

106 1988 195 2026 tem
226 1978 463 2037 obtinent,
497 1980 651 2024 statim
676 1996 729 2026 ac
754 1978 925 2042 legatus
953 1978 1114 2025 litteris

102 2060 454 2108 credenti-‘ilibus
470 2060 676 2122 vostendit
701 2078 748 2108 se
771 2078 866 2107 esse
888 2060 1112 2124 legatum,

103 2156 207 2205 pag.
241 2138 358 2188 581.
389 2140 479 2188 Sed
508 2151 687 2204 praestat
712 2140 935 2189 Palmerio
969 2158 1115 2205 oppo-

105 2236 216 2269 nere
245 2231 476 2269 auctorem
506 2228 855 2285 protestantem.
878 2222 957 2270 Sic
979 2224 1117 2286 igitur

107 2302 164 2350 ad
208 2319 305 2349 rem
354 2312 555 2350 nostram
602 2303 762 2350 scribit
812 2302 1023 2364 Grotius,
1068 2305 1118 2350 in

106 2383 350 2429 Annotatis
368 2385 429 2427 ad
445 2385 820 2428 consultationem
838 2384 1117 2440 Cassandri,

106 2470 245 2517 agens
266 2459 320 2502 de
343 2458 614 2514 sufficientia
635 2472 777 2504 1ςαενω
800 2458 1050 2516 Scripturae
1077 2465 1120 2504 et

109 2533 385 2576 auctoritate
425 2533 696 2577 traditionis
734 2549 748 2577 .·
786 2535 992 2590 Apostoli
1029 2547 1122 2579 non

108 2608 280 2664 scripto
327 2611 509 2651 tantum
533 2642 546 2662 ‚
590 2608 667 2652 sed
705 2611 749 2652 et
783 2622 860 2653 ονε
896 2610 1084 2654 docuere
1106 2645 1118 2664 ,

109 2694 140 2727 11
163 2683 306 2728 Thess.
328 2697 383 2736 11,
412 2687 458 2738 5;
483 2698 498 2728 ι
521 2683 624 2729 Cor.
648 2699 715 2739 xl,
750 2698 790 2739 1,
819 2688 861 2729 et
887 2686 1024 2742 prius
1044 2698 1122 2730 ore

110 2770 248 2815 quam
265 2759 434 2816 scripto
442 2772 457 2810 ,·
478 2759 597 2804 sicut
618 2764 659 2803 et
680 2760 842 2816 reliqio
858 2761 1122 2818 primorum

107 2833 357 2877 seculorum
374 2834 470 2878 sola
483 2835 734 2879 traditione
742 2841 1002 2893 propaqata
1012 2836 1119 2892 suit,

111 2909 154 2949 et
181 2905 306 2951 Jesus
338 2906 546 2952 Christus
576 2909 671 2967 ipse
698 2922 776 2954 nec
804 2911 1013 2968 scripsit,
1044 2924 1122 2956 nec

112 2980 336 3025 scribendi
353 2987 628 3040 proeceptum
657 2984 812 3039 dedit,
845 2986 922 3029 sed
948 2987 1123 3043 praedi-

114 3057 265 3101 candi.
296 3056 356 3101 Et
384 3063 587 3102 narrant
619 3063 807 3114 veteres,
841 3062 966 3118 apud
987 3061 1123 3106 Indos

118 3127 234 3172 Asioe
253 3130 475 3176 Ecclesias
494 3134 634 3188 fuisse
654 3135 752 3178 sine
769 3135 901 3179 libris
918 3149 1002 3193 per
1022 3149 1123 3181 cen-

122 3203 215 3244 tum
234 3216 390 3249 annos.
403 3206 504 3251 Non
525 3212 589 3251 est
606 3213 758 3253 autem
774 3210 986 3265 dubium,
1010 3212 1123 3268 quin

118 3285 273 3330 parem
288 3283 606 3327 auctoritatem
622 3284 783 3329 habere
799 3286 1006 3340 debeant,
1026 3299 1124 3344 quae

123 3346 321 3404 Apostoli
341 3356 555 3413 scripsere
577 3363 619 3403 et
641 3373 739 3416 quae
761 3362 934 3406 dixere.
947 3362 1125 3419 Auyus-

127 3419 249 3468 tinu's
280 3429 321 3468 et
348 3428 431 3472 alii
458 3432 512 3475 ab
541 3432 765 3492 Apostolis
796 3441 879 3482 aut
907 3438 1125 3483 instituta

125 3499 207 3539 aut
224 3498 417 3554 probata
436 3516 488 3548 ea
503 3509 713 3563 credunt,
732 3524 829 3570 quw
848 3512 899 3556 in
918 3513 1124 3574 omnibus

125 3570 334 3618 Ecclesiis
352 3583 526 3635 recepta
541 3595 710 3642 semper
723 3587 850 3642 suere
867 3590 990 3633 citra
1008 3589 1125 3635 Con-

122 3646 335 3692 siliorum
354 3652 682 3704 universalium
702 3664 1040 3711 auctoritatem.
1065 3664 1126 3711 At

1187 1488 1241 1532 in
1271 1487 1529 1546 Scripturis
1558 1488 1679 1535 Novi
1708 1489 2002 1546 Testamenti,
2035 1492 2128 1537 imo
2154 1494 2208 1539 in

1190 1564 1298 1609 solis
1321 1564 1454 1609 libris
1469 1564 1600 1610 Lucoe
1622 1569 1665 1610 et
1684 1564 1879 1611 Ioannis
1895 1579 1950 1611 ea
1972 1568 2209 1613 continen-

1196 1643 1274 1684 tur
1286 1674 1298 1693 ,
1322 1653 1421 1697 quoe
1443 1641 1591 1686 cuivis
1610 1641 1866 1686 christiano
1886 1643 2092 1701 coqnitu,
2111 1656 2210 1701 spe-

1191 1719 1322 1770 ratu,
1338 1717 1467 1772 sactu
1482 1719 1590 1760 sunt
1606 1718 1885 1770 necessaria;
1898 1718 2011 1775 quia
2025 1718 2106 1763 hoc
2120 1719 2211 1764 sibi

1191 1790 1331 1845 fuisse
1356 1791 1670 1848 propositum,
1700 1792 1820 1836 alter
1840 1793 1893 1836 in
1915 1793 2209 1850 praefatione,

1194 1868 1313 1912 alter
1345 1869 1397 1912 in
1428 1869 1711 1914 conclusione
1739 1871 1890 1927 operis
1914 1873 2209 1929 profitentur.

1196 1942 1281 1988 Sed
1299 1947 1470 2000 proeter
1490 1944 1582 1988 hoec
1602 1945 1752 1989 multa
1771 1948 1879 1989 sunt
1900 1946 2020 1990 scitu
2045 1947 2208 2003 utilia,

1195 2019 1343 2062 multa
1364 2019 1426 2062 ad
1448 2020 1650 2077 reyimen
1668 2018 1878 2064 Ecclesioe
1899 2021 2039 2065 etiam
2064 2034 2215 2066 neces-

1196 2095 1343 2138 saria.
1379 2095 1508 2139 Recte
1545 2109 1719 2154 quoque
1756 2098 1932 2143 dicitur
1962 2096 2214 2156 Scripturas

1193 2169 1412 2225 paratior
1444 2171 1723 2226 auctoritas,
1759 2172 1873 2229 quia
1905 2173 2215 2218 traditionum

1194 2242 1408 2299 probatio
1429 2244 1666 2288 interdum
1689 2249 1754 2289 est
1775 2246 2006 2302 difficilior
2027 2251 2070 2292 et
2092 2248 2216 2292 labo-

1199 2317 1386 2360 riosior.
1407 2315 1614 2362 Ceterum
1633 2319 1773 2362 etiam
1789 2319 2100 2364 Protestantes
2115 2334 2216 2379 quoe

1202 2400 1420 2450 tuentur,
1460 2411 1513 2442 ea
1548 2411 1642 2442 non
1672 2404 1781 2443 sunt
1810 2402 1967 2444 omnia
1985 2393 2215 2456 ωὖτολεξεὶ

1205 2467 1292 2529 (ad
1315 2469 1538 2531 verbum)
1571 2473 1624 2516 in
1650 2474 1797 2517 sacris
1826 2475 2010 2520 litteris.
2042 2477 2216 2523 Dicunt

1202 2547 1512 2591 admittendas
1535 2551 1892 2606 consequentias.
1915 2550 1977 2596 At
1998 2553 2090 2610 ipsi
2107 2566 2216 2598 con-

1201 2622 1458 2677 sequentias
1494 2635 1607 2680 saepe
1645 2625 1899 2669 admittunt
1931 2639 1988 2670 ea:
2025 2628 2217 2684 privato

1202 2695 1417 2753 cujusque
1433 2697 1641 2755 ingenim·
1657 2699 1778 2743 unde
1797 2703 1861 2744 tot
1878 2704 1920 2744 et
1938 2705 2031 2746 tam
2046 2704 2216 2760 qravia

1205 2769 1327 2814 inter
1344 2771 1463 2828 ipsos
1484 2772 1682 2816 dissidia
1702 2777 1744 2817 et
1764 2775 2040 2831 quotidiana
2057 2778 2216 2822 divor-

1205 2846 1287 2890 tia.
1312 2845 1536 2892 Catholici
1557 2862 1663 2893 vero
1684 2861 1760 2893 eas
1780 2851 2036 2896 admittunt
2066 2866 2217 2898 conse-

1203 2922 1443 2977 quentias,
1481 2935 1595 2980 quas
1631 2924 1822 2968 admisit
1853 2930 1980 2971 vetus
2014 2927 2218 2973 Ecclesia

1204 2996 1395 3053 antiquo
1412 3001 1453 3040 et
1469 2998 1724 3042 universali
1739 3011 1970 3045 consensu.
1981 3001 2128 3060 Atque
2145 3002 2218 3046 ita

1205 3075 1297 3115 stat
1319 3085 1448 3116 omne
1468 3073 1652 3117 verbum
1670 3074 1721 3118 in
1739 3075 1911 3120 duobus
1934 3077 2141 3133 testibus,
2163 3078 2218 3132 in

1204 3145 1448 3205 Scriptura
1469 3153 1511 3193 et
1531 3149 1822 3207 Traditione‚
1847 3165 1946 3209 quoe
1964 3161 2122 3199 mutuo
2142 3155 2217 3211 fa-

1203 3235 1293 3267 cem
1316 3223 1405 3268 sibi
1427 3225 1640 3269 allucent.
1663 3225 1783 3271 Nam
1804 3231 1846 3271 et
1867 3228 2052 3287 scriptis
2083 3230 2218 3275 libris

1205 3300 1430 3344 credimus
1470 3301 1724 3345 testimonio
1752 3301 1959 3348 Ecclesioe
1974 3339 1987 3358 ,
2025 3309 2079 3349 ut
2114 3319 2218 3350 vere

1206 3373 1330 3418 dimit
1344 3373 1654 3433 Au9ustinu8‚
1679 3376 1729 3420 id
1745 3381 1833 3429 est,
1851 3383 2043 3435 propter
2067 3380 2218 3423 tradi-

1208 3449 1373 3505 tiones,
1397 3454 1438 3494 et
1470 3451 1741 3496 traditiones
1769 3455 2040 3510 apostolicas
2063 3453 2218 3511 Scrip-

1209 3527 1318 3569 tura
1337 3527 1689 3572 commendat....
1701 3531 1744 3572 et
1764 3527 1972 3573 Traditio
1994 3532 2219 3586 interpre-

1210 3603 1337 3643 tatur
1356 3599 1663 3659 Scripturam.
1676 3601 1793 3662 Opp.
1806 3603 1884 3650 cit.
1897 3604 2008 3650 edit.
2022 3610 2132 3650 tom.
2147 3617 2213 3660 ιιι,

1211 3692 1309 3738 pag.
1337 3672 1436 3724 628
