2502 4134
333 105 450 165 178

948 117 1147 157 TRAGT.
1186 118 1254 155 mi
1284 118 1437 158 Locls
1479 121 1857 161 THEOLOGIGIS.

327 268 614 329 fundioris
665 262 843 323 studii
880 260 1060 321 critici
1099 259 1622 343 deprehenderunt
1652 264 1892 325 demum
1916 288 2037 326 non
2065 269 2227 349 pauci
2251 290 2453 330 recen-

329 368 514 437 tiores
538 366 932 422 protestantes
954 403 970 434 ‚
1008 358 1183 416 nimis
1207 356 1418 417 leviter
1462 370 1524 419 et
1563 360 1836 422 audacter
1862 365 2206 425 vetustiores
2235 366 2456 449 aliquos

329 461 557 521 criticos
600 467 702 516 aut
739 454 1038 514 sustulisse
1071 464 1171 513 aut
1211 455 1275 512 in
1309 452 1556 514 dubium
1605 478 1902 520 revocasse
1928 460 2095 542 plura
2127 461 2250 521 loca
2272 505 2289 536 ‚
2328 484 2456 544 quae

331 554 632 616 abundare
670 550 1021 611 videbantur
1061 549 1122 608 in
1154 548 1397 630 Vulgata
1455 551 1562 633 (1).
1594 553 1819 634 Syriaca
1844 578 2019 638 porro
2047 556 2310 616 Peschito
2330 602 2346 632 ,
2383 557 2457 618 de

330 673 443 734 qua
464 648 733 709 nondum
750 646 1147 707 controversia
1171 645 1435 705 absoluta
1465 659 1552 706 est
1569 648 1658 729 (2)
1675 694 1691 723 .,
1717 649 1779 707 in
1796 650 2088 734 plerisque
2110 674 2230 734 prae
2253 653 2457 713 ceteris

329 747 594 827 congruit
617 766 751 803 cum
782 743 1018 823 Vulgata
1041 787 1057 817 .,
1090 743 1201 801 etsi
1225 743 1288 800 in
1325 742 1626 802 nonnullis
1653 788 1667 819 2
1701 755 1767 803 ut
1798 747 1864 804 fit
1887 792 1902 820 ,
1936 746 2226 830 discrepet
2249 748 2322 807 ab
2353 771 2453 823 ea3

327 864 538 907 verum
553 861 783 922 semper
797 860 917 921 prae
936 837 1116 897 oculis
1136 837 1477 897 habendum
1493 851 1582 898 est
1604 885 1619 913 ,
1645 841 1972 900 versionem
1995 842 2239 904 latinam
2256 846 2459 905 ceteris

327 961 450 1002 esse
494 936 769 999 omnibus
817 935 1192 995 anteriorem.

408 1035 552 1095 265.
605 1033 691 1094 Ad
726 1033 836 1107 8¹⁰,
865 1031 1015 1112 Neq.
1055 1033 1121 1089 In
1159 1030 1269 1089 hac
1296 1031 1456 1089 enim
1498 1030 1810 1113 hypothesi
1850 1033 2305 1096 destitueremur
2331 1058 2463 1100 ver-

328 1134 490 1193 sione
519 1131 717 1191 critica
741 1175 756 1204 ,
787 1148 970 1210 eaque
1008 1127 1409 1208 antiquissima
1452 1138 1538 1187 tot
1565 1128 1800 1209 publico
1825 1129 2150 1188 seculorum
2189 1153 2296 1190 usu
2321 1154 2459 1215 pro-

328 1230 484 1290 bata.
514 1229 571 1288 Si
613 1226 936 1288 Concilium
974 1247 1199 1284 morem
1236 1225 1503 1305 gessisset
1527 1227 1726 1308 paucis
1764 1227 1908 1301 illis,
1956 1229 2055 1310 qui
2081 1251 2295 1288 novam
2326 1250 2461 1290 ver-

329 1329 552 1386 sionem
571 1347 602 1384 e
619 1322 880 1383 fontibus
901 1321 1024 1381 fieri
1039 1320 1448 1396 consulebant,
1473 1343 1594 1386 non
1613 1322 1904 1402 effugisset
1922 1346 2229 1384 censuram
2247 1325 2460 1384 horum

325 1425 586 1505 ipsorum
610 1467 625 1494 7
652 1420 755 1502 qui
778 1439 937 1477 nunc
965 1417 1156 1478 eidem
1189 1417 1421 1476 crimini
1447 1428 1689 1477 vertunt
1710 1418 1772 1477 id
1793 1464 1808 1493 ,
1844 1419 2000 1501 quod
2029 1420 2209 1480 veluti
2234 1422 2460 1502 sapien-

332 1531 452 1580 tem
486 1516 973 1578 deliberationem
1002 1514 1283 1573 doctiores
1312 1514 1425 1595 ipsi
1451 1515 1848 1574 Protestantes
1877 1515 2267 1576 celebrarunt.
2299 1517 2460 1575 Inter

332 1637 476 1697 quos
528 1613 767 1672 Drusius
796 1633 808 1668 :
842 1613 973 1669 Non
1011 1612 1199 1678 male,
1227 1609 1420 1690 inquit
1441 1653 1457 1682 .
1494 1612 1876 1688 meojudicio
1891 1609 1912 1682 ,3
1957 1613 2168 1670 Patres
2206 1612 2464 1671 Concilii

339 1711 693 1770 Tridentini
730 1716 1084 1785 receperunt
1118 1709 1189 1762 in
1232 1706 1446 1779 scholis
1485 1707 1875 1786 interpretem
1922 1702 2280 1788 vzzlyatn'm;
2311 1729 2459 1766 nam

290 1791 293 1793 ⁵
328 1817 472 1865 utut
509 1825 734 1863 errores
767 1805 997 1881 aliquot
1032 1802 1270 1872 haheat,
1304 1803 1527 1860 habent
1562 1813 1615 1860 et
1648 1805 1764 1862 alii
1798 1826 1932 1863 snos
1948 1849 1970 1878 ,
2012 1808 2176 1885 longe
2203 1809 2461 1885 fortasse

317 1905 527 1983 plures
556 1921 736 1979 quam
766 1901 863 1956 ille
894 1898 1006 1977 (3).
1047 1899 1193 1956 Huic
1237 1899 1565 1957 Buxtorfius
1598 1898 1990 1981 adstipulatur
2028 1900 2133 1981 (4).
2174 1901 2458 1961 Praetereo

330 2125 414 2168 re,
461 2124 631 2172 nempe
666 2104 791 2168 quod
830 2103 1131 2151 emendatius
1159 2101 1356 2167 aliquod
1441 2113 1484 2151 et
1516 2102 1656 2169 longe
1684 2105 1961 2168 copiosiores
1989 2101 2338 2155 Griesbachius.

327 2188 572 2254 exemplar
608 2194 797 2235 secutus
833 2202 932 2234 esse
970 2185 1178 2234 videtur.
1217 2184 1354 2250 Apud

329 2271 467 2322 Rich.
500 2270 680 2319 Simon.
714 2269 852 2317 Hist.
881 2268 1084 2333 critique
1105 2266 1174 2315 du
1189 2267 1352 2316 Nouo.

336 2358 464 2404 Test.
493 2354 632 2418 chap.
668 2349 731 2399 25
751 2389 765 2412 ‚
795 2362 839 2399 et
862 2350 1054 2402 Mox-in..
1075 2349 1255 2401 Exere.
1285 2366 1320 2397 11
1338 2388 1352 2408 ‚
1370 2372 1380 2383 ·

330 2457 429 2504 cap.
463 2437 492 2486 3
512 2473 525 2496 ‚
556 2454 604 2484 n.
634 2435 684 2484 3.
704 2433 781 2482 Sic
799 2437 937 2482 etiam
967 2433 1094 2481 Isaac
1113 2432 1352 2481 Casaubo-

330 2540 421 2570 nus
443 2557 457 2580 ‚
492 2519 550 2568 de
576 2534 670 2585 quo
695 2516 888 2565 Walton
906 2554 919 2576 ‚
951 2514 1092 2564 Prol.
1115 2535 1143 2564 x
1160 2554 1171 2574 ‚
1199 2518 1247 2563 in
1272 2515 1356 2564 Po-

332 2603 446 2670 lygl.
471 2619 609 2649 num.
630 2600 719 2648 ult.
754 2617 859 2664 pag.
880 2597 975 2665 74,
1000 2598 1156 2646 scribit
1178 2614 1192 2645 :
1213 2598 1357 2647 Notis

335 2687 439 2734 suis
457 2683 521 2731 ad
535 2680 804 2746 Evanyelia
820 2689 864 2729 et
878 2680 1004 2729 Acta
1034 2697 1159 2746 saepe
1187 2679 1355 2744 vnlqa-

330 2779 433 2819 tam
468 2767 725 2816 editionem
755 2766 906 2827 qraeci
939 2772 1094 2812 temtus
1134 2762 1357 2811 hodierni

333 2852 532 2901 lectioni
540 2848 765 2915 praefert,
794 2856 839 2895 et
859 2863 970 2895 oum
988 2847 1205 2910 antiquis
1229 2863 1354 2910 97·oe-

334 2937 406 2983 cis
439 2934 568 2983 ,Mssa
607 2930 667 2979 V
661 2930 875 2995 ulqotam
905 2929 1180 2977 convenisse
1199 2937 1354 2976 osten—

336 3018 424 3065 dit.
436 3014 552 3064 Satis
569 3016 706 3064 etiam
723 3025 790 3062 est
805 3013 865 3060 ad
882 3012 972 3060 hoc
984 3012 1356 3075 cognoscendum

338 3099 543 3147 conferre
569 3095 815 3161 Vulgatam
836 3112 943 3143 cum
964 3093 1175 3159 pluribus
1198 3093 1356 3142 lectio-

339 3180 514 3239 nibus,
556 3196 657 3244 quae
699 3186 956 3226 consonant
984 3193 1092 3224 cum
1126 3177 1180 3223 iis
1201 3213 1214 3236 ‚
1252 3192 1357 3242 quae

343 3260 650 3311 offenduntur
678 3260 801 3323 apud
825 3259 1047 3308 Irenaeum
1068 3293 1083 3317 ‚
1115 3256 1360 3307 Tertullia-

343 3361 462 3394 num
486 3344 549 3390 'ac
577 3334 860 3407 Cyprianum
881 3377 895 3403 ,
929 3358 1030 3408 quae
1066 3350 1228 3388 tamen
1262 3341 1358 3390 dis-

346 3427 554 3477 sentiunt
587 3441 613 3471 a
646 3424 873 3484 lectione,
910 3439 1014 3490 quae
1044 3425 1270 3487 reperitur
1310 3426 1360 3471 in

349 3525 496 3579 graeco
524 3514 652 3554 textu
687 3506 898 3570 vulgato,
943 3511 1025 3554 aut
1058 3508 1108 3553 in
1140 3507 1360 3554 varianti-

348 3594 439 3642 bus
466 3585 767 3647 lectionibus,
788 3605 902 3653 quas
933 3587 1130 3654 subjecit
1155 3606 1244 3636 suae
1268 3588 1364 3637 edi-

350 3675 466 3724 tioni
477 3671 725 3722 oxoniensi
733 3667 761 3718 J
764 3686 867 3719 oan.
880 3669 1120 3737 Gregorius
1130 3686 1206 3719 an.
1223 3687 1237 3718 ι
1250 3669 1363 3737 703,

1510 2185 1574 2245 (1)
1603 2185 1668 2233 Ex
1690 2183 1763 2234 his
1778 2189 1976 2234 maxima
1988 2185 2205 2235 Ecclesiae
2222 2188 2464 2253 prudentia

1441 2267 1590 2315 elucet
1610 2305 1623 2326 .,
1659 2285 1762 2333 quae
1785 2307 1798 2327 ‚
1833 2286 1929 2316 nou
1958 2269 2248 2318 obstantibus
2277 2280 2345 2319 tot
2377 2274 2465 2320 cri-

1441 2351 1637 2397 ticorum
1669 2349 1980 2411 clamoribus,
2022 2355 2244 2401 intactum
2288 2363 2464 2402 textum

1441 2450 1577 2480 suum
1603 2437 1914 2484 conservavit.
1935 2433 1983 2481 Si
2005 2435 2114 2500 ipsis
2141 2436 2462 2495 auscultasset‚

1442 2517 1619 2581 quoties
1659 2518 1910 2565 immutare
1952 2535 2006 2565 ac
2060 2520 2330 2581 restituere,
2362 2535 2466 2586 quae

1440 2597 1715 2659 abstulerit,
1748 2596 2016 2647 debuisset?

1512 2680 1577 2743 (2)
1617 2679 1712 2728 cfr.
1751 2679 1953 2746 Bengel‚
1981 2678 2173 2730 Introd.
2217 2682 2274 2730 in
2310 2683 2464 2730 crisin

1440 2762 1559 2812 Nov.
1595 2763 1729 2812 ·Test.
1762 2763 1932 2831 Ridley
1952 2801 1965 2823 ‚
2000 2763 2081 2812 De
2121 2767 2327 2831 syriacis
2359 2783 2465 2814 ver-

1440 2845 1689 2902 sionibus,
1733 2846 1857 2911 apud
1899 2847 2176 2909 Michaelis,
2226 2867 2337 2915 opp.
2382 2852 2464 2899 cit.

1442 2926 1635 2977 Introd.
1653 2938 1770 2978 tom.
1789 2946 1804 2976 1
1821 2966 1832 2987 ‚
1849 2932 2072 2994 premiere
2087 2941 2207 2996 part.
2226 2931 2307 2980 ubi
2326 2934 2464 2981 etiam

1441 3011 1563 3058 idem
1581 3021 1740 3059 auctor
1755 3011 1941 3059 illorum
1969 3016 2218 3062 sententias
2244 3013 2459 3072 discutit,

1441 3093 1577 3157 chap.
1612 3111 1638 3159 7
1662 3130 1674 3150 ‚
1705 3105 1815 3142 sect.
1847 3094 1875 3143 3
1907 3105 1950 3142 et
1974 3092 2020 3157 4.

1511 3175 1573 3239 (3)
1608 3173 1798 3226 Annot.
1827 3179 1883 3224 in
1912 3176 1998 3225 lib.
2028 3176 2181 3225 Num.
2207 3194 2312 3242 cap.
2339 3174 2458 3244 159,

1442 3259 1566 3325 apud
1596 3259 1733 3309 Joan.
1762 3261 2055 3309 Buxtorfium
2074 3262 2144 3310 fil.
2165 3259 2463 3310 Anticritica

1443 3359 1526 3390 seu
1559 3340 1615 3389 V
1613 3342 1816 3391 indicus
1843 3345 2057 3392 veritatis
2085 3344 2349 3406 hebrazcae‚
2372 3344 2482 3395 Ba-

1443 3424 1562 3473 sileae
1595 3422 1757 3488 1653,
1787 3436 1907 3491 part,
1926 3443 1972 3486 1,
2004 3445 2106 3493 cap.
2128 3425 2185 3489 8,
2218 3445 2319 3494 pag.
2333 3379 2496 3488 ,Ῡι4.3

1516 3506 1580 3571 (lo)
1620 3507 1746 3557 Ibid.
1762 3507 2059 3559 Subscribere
2092 3513 2218 3559 enim
2258 3528 2305 3558 se
2346 3525 2460 3574 pro·-
2499 3544 2502 3563 ι

1444 3589 1601 3639 fitetur
1625 3587 1799 3656 judicio
1836 3592 2025 3655 Drusii,
2074 3611 2214 3660 quem
2256 3607 2461 3642 summo-

2478 3457 2502 3515 i

2488 3567 2502 3635 i

1447 3688 1555 3737 pere
1583 3673 1900 3724 commendat.
2460 3636 2500 3714 i

2491 3780 2497 3830 l

2487 3943 2492 4015 i
