2502 4134
255 150 375 208 574
843 171 1040 209 TnAc‘r.
1092 174 1157 209 nn
1202 173 1354 210 Locis
1398 176 1772 218 rnnozoolcts.

254 318 562 398 tionesque
588 338 805 376 novam
837 316 1179 397 singillatim
1211 319 1518 380 instituere
1547 322 1960 402 quaestionem·
2001 328 2254 387 rationes
2267 350 2387 408 pro

256 423 318 472 et
339 423 549 472 contra
572 411 827 493 singulas
853 411 1090 472 illarum
1119 435 1190 474 ex
1217 414 1469 497 propriis
1492 416 1869 476 revelationis
1896 417 2151 487 fontibus
2179 445 2393 507 expen-

259 509 432 581 dere·
472 508 846 569 difficultates
878 531 1084 570 omnes
1115 533 1423 620 superat-eg
1461 512 1694 589 videre7
1739 524 1942 573 utrum
1977 517 2265 580 conclusio
2295 521 2391 580 alii

243 605 479 665 veritati
495 616 866 686 opponatur7
886 617 1086 665 utrum
1107 607 1466 689 principium
1490 607 1728 691 aliquod
1755 610 2132 693 exploratum
2136 616 2391 678 rationis

140 701 156 709 '
244 700 437 760 eidem
484 699 753 777 obsistat,
792 723 857 761 ac
902 702 1148 762 demum
1187 692 1539 778 decernere7
1581 728 1726 765 num
1755 706 1974 789 aliquid
2002 709 2145 795 certi
2172 730 2245 769 ex
2273 721 2394 773 tota

244 796 357 855 hac
408 796 790 879 inquisitione
834 799 984 858 ratio
1034 798 1305 880 colligere
1347 812 1527 882 queat
1571 802 1680 884 (l).
1725 803 1861 864 Jam
1917 824 2056 864 vero
2092 804 2222 885 qais
2275 811 2396 866 non
2434 814 2438 819 ’

248 891 413 954 videt
444 939 458 966 7
494 915 671 974 quam
716 893 954 978 difficile
992 916 1057 954 ac
1090 894 1456 956 salebrosum
1496 898 1570 957 sit
1601 919 1708 980 per
1732 909 1821 957 tot
1855 910 2168 982 tantasque
2191 898 2398 958 amba-

248 1009 345 1069 ges
395 987 469 1046 ad
529 992 858 1069 argumenti
911 990 1154 1050 demum
1204 994 1426 1051 exitum
1480 993 1836 1075 pervenire?
1877 996 2067 1068 Quam
2109 993 2287 1054 facilis
2337 996 2399 1054 in

249 1084 395 1144 adeo
439 1084 719 1167 perplexa
762 1097 822 1146 et
864 1085 1178 1168 multiplici
1218 1088 1598 1170 inquisitione
1636 1090 1847 1149 erroris
1883 1090 2156 1172 illapsus!
2209 1092 2400 1164 Quam

248 1180 402 1239 latus
444 1202 686 1263 campus
726 1181 1151 1243 subtilitatibus
1202 1205 1268 1243 ac
1308 1185 1469 1244 tricis
1515 1197 1786 1268 pateret7
1825 1207 1859 1246 a
1912 1185 2126 1268 quibus
2162 1186 2401 1245 nonnisi

250 1299 401 1358 aegre
433 1289 490 1337 te
522 1277 830 1360 expedias!
867 1279 1022 1354 Quid
1045 1301 1187 1340 vero
1211 1281 1394 1361 magis
1421 1282 1891 1366 inopportunum
1912 1288 2204 1361 juvenum
2229 1283 2399 1343 theo-

250 1375 518 1455 logorum
556 1374 858 1435 mentibus
898 1375 1344 1437 informandis?

338 1472 479 1532 349.
531 1473 685 1547 Quin
727 1484 787 1531 et
833 1473 980 1533 illud
1021 1473 1157 1532 addi
1190 1485 1415 1556 potest,
1463 1475 1616 1542 hanc
1660 1475 2008 1534 methodum
2048 1476 2228 1537 valde
2266 1475 2398 1534 fidei

251 1568 639 1652 periculosam
686 1581 863 1650 atque
918 1570 1065 1628 adeo
1110 1571 1348 1627 noxiam
1400 1570 1669 1628 existere.
1720 1571 1802 1627 Ex
1853 1569 2032 1628 dubio
2074 1571 2235 1628 enim
2274 1582 2399 1630 tota

252 1668 459 1748 incipit
501 1666 800 1747 inquisitio
842 1655 902 1724 et
940 1687 1046 1746 per
1094 1663 1346 1722 dubium
1391 1663 1784 1748 progreditur.
1832 1667 2116 1744 Dogmata
2155 1685 2401 1747 quaeque

257 1761 391 1821 fidei
417 1760 717 1820 habentur
744 1761 831 1818 uti
864 1758 1235 1842 problemata
1258 1803 1273 1831 7
1292 1757 1378 1819 ,de
1407 1759 1620 1839 quibus
1650 1760 1797 1818 ratio
1825 1758 2136 1819 individua
2158 1761 2401 1848 demum

254 1856 469 1916 debeat
504 1855 840 1916 decernere.
896 1856 1028 1930 Esto
1050 1899 1064 1928 7
1106 1852 1266 1936 quod
1305 1851 1558 1911 dubium
1601 1854 1770 1912 initio
1803 1855 2247 1934 hypotheticum
2273 1867 2401 1915 tan—

255 1964 384 2011 tum
414 1953 526 2026 sitg
575 1951 678 2011 sed
696 1954 1032 2031 positivum
1074 1971 1138 2008 ac
1184 1951 1344 2010 reale
1381 1949 1534 2009 facili
1573 1972 1881 2032 progressu
1920 1952 2139 2011 evadit.
2168 1952 2399 2037 Quippe

256 2050 490 2109 animus
554 2048 829 2107 assuescit
877 2047 1318 2130 persuasionem
1367 2047 1432 2105 in
1479 2046 1616 2107 fidei
1660 2047 2006 2107 veritatibus
2057 2070 2402 2130 suspensam
2490 2050 2493 2051 ⁷

256 2145 478 2205 habere
501 2145 800 2228 7propriis
839 2143 1060 2203 viribus
1103 2144 1274 2202 unice
1307 2143 1524 2218 fide1e7
1566 2145 1976 2205 auctoritatem
2003 2165 2242 2203 omnem
2265 2166 2402 2224 gra-

257 2243 490 2301 viorum
501 2192 940 2322 theologorum
977 2252 1394 2314 contemnere7
1438 2261 1622 2300 novas
1653 2222 2034 2323 conceptibus
2058 2245 2183 2319 jam
2220 2241 2402 2299 firmis

257 2340 518 2421 ratisque
553 2338 713 2399 ideas
740 2338 1091 2414 adnectere
1129 2337 1447 2396 Ecclesiae
1432 2337 1613 2419 ipsius
1643 2338 2043 2418 magisterium
2082 2337 2174 2395 sin
2202 2338 2400 2395 minus

258 2435 558 2518 despicere
581 2481 597 2511 7
637 2431 845 2495 saltem
887 2435 959 2494 ad
998 2456 1099 2493 sua
1128 2438 1410 2516 cujusque
1455 2433 1671 2516 placita
1714 2432 2193 2507 accommodare7
2226 2442 2402 2515 atque

206 2606 210 2610 ι
259 2533 337 2591 ita
361 2553 567 2592 revera
604 2534 896 2591 rationem
925 2532 986 2590 in
1011 2529 1186 2590 rebus
1209 2530 1347 2590 fidei
1375 2551 1497 2589 non
1531 2529 1716 2590 veluti
1746 2528 2082 2590 universale
2104 2527 2402 2610 quoddam

259 2629 729 2690 instrumentum
755 2675 770 2704 7
797 2629 900 2688 sed
926 2628 1106 2688 veluti
1131 2629 1369 2688 unicum
1398 2625 1659 2687 medium
1688 2647 1753 2685 ac
1781 2627 2111 2709 principem
2131 2647 2403 2684 normam

259 2723 499 2785 habere.

345 2820 484 2881 350.
536 2823 711 2902 Cujus
736 2822 821 2881 rei
862 2820 1232 2888 luculentum
1254 2867 1270 2895 7
1316 2821 1453 2881 licet
1483 2821 1650 2880 triste
1678 2819 2018 2900 exemplum
2064 2816 2400 2900 suppeditat

262 2916 456 2977 seculo
506 2920 611 2977 XII
670 2917 1066 2992 Abaelardus7
1123 2918 1273 2996 sicut
1317 2917 1458 2976 alibi
1513 2917 2136 2989 commemoravimus7
2185 2912 2401 2994 quique

262 3012 417 3072 illius
462 3013 724 3074 scholam
767 3015 948 3075 secuti
996 3025 1135 3085 sunt
1168 3014 1279 3095 (2).
1314 3015 1523 3073 Nostra
1555 3034 1695 3074 vero
1733 3024 1901 3072 aetate
1932 3011 2006 3086 ad
2052 3006 2400 3070 methodum

329 3206 396 3270 (Ι)
438 3207 549 3256 Hoec
568 3209 728 3256 omnia
754 3207 936 3273 aliaque
954 3209 1092 3256 etiam
1112 3206 1287 3265 multa,
1442 3205 1510 3269 (2)
1547 3204 1667 3252 Sane
1690 3203 1851 3254 Petrus
1875 3199 2156 3250 Abaelardus
2172 3237 2185 3260 7
2213 3199 2270 3248 de
2303 3216 2397 3266 quo

262 3304 371 3355 quae
403 3292 754 3355 inquisitionem
786 3290 911 3338 banc
938 3292 1061 3338 circa
1092 3288 1293 3355 quodvis
1327 3331 1330 3333 Α
1376 3287 1429 3336 S.
1459 3285 1717 3336 Bernartius
1745 3286 1933 3344 scribit,
1965 3286 2100 3347 epist.
2132 3299 2252 3348 192,
2282 3283 2398 3331 edit.

226 3366 229 3369 ’
265 3372 433 3437 dogma
466 3375 808 3438 impeditiorem
840 3373 996 3422 adhuc
1031 3390 1084 3421 ac
1115 3371 1294 3420 diffici-
1377 3369 1535 3419 Maur.
1570 3383 1586 3419 ε
1629 3368 1755 3418 Cum
1783 3366 1840 3414 de
1879 3364 2125 3412 Trim'tate
2155 3364 2396 3430 loquitur,

267 3454 438 3505 liorem
470 3455 708 3516 reddunt,
765 3456 1027 3522 praescribit
1070 3466 1114 3503 et
1157 3456 1295 3518 exigit
1377 3455 1510 3519 sapie
1542 3451 1759 3510 Arinem
1791 3464 1902 3495 cum
1943 3447 1999 3494 de
2036 3449 2235 3512 qratia,
2271 3449 2403 3513 sapit

267 3538 536 3588 Hermesius
553 3575 565 3595 7
593 3540 643 3586 in
663 3556 743 3587 sua
762 3537 1144 3603 Meduodoloqia,
1175 3553 1293 3603 prae-
1381 3535 1674 3600 Polaqium5
1702 3548 1813 3579 emm
1840 3531 1907 3578 -de
1936 3547 2144 3596 persona
2179 3529 2366 3580 Christi
2379 3565 2397 3590 ,
2468 3566 2502 3596 x.

267 3626 406 3672 missa
434 3619 738 3687 Doqmaticae
766 3622 966 3690 speciali
1006 3622 1298 3670 christiano·
1382 3618 1516 3684 sapit
1544 3615 1826 3666 Nestorium
1843 3650 1859 3673 ,
1900 3614 1950 3662 in
1977 3614 2062 3662 hos
2096 3613 2302 3679 aliosque
2331 3630 2403 3661 er-
2490 3614 2502 3631 ‘²

267 3705 514 3755 catholica?
537 3744 549 3766 7
584 3703 610 3770 §
640 3701 724 3767 43.
1385 3698 1739 3763 rores-dilapsus
1771 3708 1837 3746 est
1872 3715 1924 3747 ex
1958 3695 2176 3746 methodo
2200 3733 2212 3755 7
2257 3711 2400 3761 qnam
