2502 4134
2061 161 2178 225 379

297 192 452 230 PART.
502 192 591 228 111.
637 190 786 228 SECT.
835 192 874 227 1.
921 190 1043 228 GAP.
1093 192 1133 227 1.
1179 190 1245 227 ΒΕ
1289 188 1419 228 RAT.
1468 188 1596 227 ANT-
1646 187 1753 224 ΕΠ).
1797 185 1976 224 SPRc'r.

87 355 156 396 ex
192 336 313 416 ipsa
357 333 595 392 rationis
633 354 697 392 ac
735 332 1110 415 philosophiae
1150 342 1356 390 natura
1379 376 1395 405 ,
1451 330 1537 389 uti
1583 328 1897 392 adversarii
1937 338 2186 387 conten-

86 429 272 499 dunt,
314 451 445 508 neq.
490 429 753 504 Etenim,
793 428 840 487 si
882 430 945 486 1ο
975 426 1266 488 sensibilia
1301 436 1533 484 tantum
1568 426 1720 484 facta
1758 445 1823 484 ac
1859 422 2036 484 realia
2073 421 2183 482 ob·

82 527 234 604 jecta
260 535 481 606 spectes
506 569 521 597 ,
563 525 829 583 notiones
860 545 998 584 vero
1027 521 1380 582 universales
1411 521 1595 582 veluti
1618 520 1949 580 arbitrarius
1972 518 2186 579 mentis

85 619 258 679 foetus
275 662 292 693 .,
320 640 384 677 ac
410 619 695 699 principia
722 617 1018 678 rationalia
1043 615 1226 676 veluti
1252 616 1489 675 inanem
1514 617 1898 694 tautoloyiam
1931 614 2150 693 rejicias
2170 653 2193 689 ,ἶ

88 713 284 771 statim
320 713 603 772 sensismo
639 733 704 771 ac
737 711 1145 771 materialismo
1179 708 1405 791 patebit
1441 708 1629 767 aditus
1664 707 1774 788 (l);
1818 710 1884 766 20
1918 709 1965 767 si
2000 707 2196 790 phile«

89 807 355 889 sophiam
397 829 634 866 omnem
679 830 715 866 a
749 810 958 886 priori
1000 816 1332 865 construere
1372 803 1667 891 volueris.
1695 802 1858 863 nulla
1886 808 2195 883 factorum

90 902 289 960 habita
319 902 579 976 ratione,
614 923 679 960 ac
718 922 947 981 semper
979 901 1338 973 ratiocinari,
1375 899 1517 980 quin
1553 899 1616 956 in
1655 897 1845 980 aliqua
1881 900 2194 959 necessaria

94 1018 159 1055 ac
193 1018 298 1078 per
335 1018 394 1055 se
432 996 688 1056 evidenti
731 996 976 1055 veritate
1014 995 1242 1053 insistas
1264 1039 1279 1067 .,
1317 994 1379 1050 in
1415 992 1841 1073 scepticismum
1877 992 2197 1075 prolabaris

94 1102 325 1173 oportet
357 1091 469 1171 (2);
503 1091 570 1150 30
605 1091 651 1149 si
683 1089 1082 1160 immediatam
1124 1111 1189 1149 ac
1230 1100 1559 1148 concretam
1601 1087 1848 1147 absoluti
1882 1110 1948 1148 ac
1985 1089 2199 1148 infiniti

92 1186 464 1246 intuitionem
494 1207 601 1267 pro
634 1196 751 1243 tuae
784 1184 1160 1266 philosophiae
1198 1206 1390 1244 sumas
1430 1183 1695 1257 exordi0,
1740 1185 1895 1246 viam
1938 1185 2003 1243 in
2043 1207 2198 1267 pan-

96 1279 411 1340 theismum
441 1278 603 1338 facile
628 1288 852 1338 sternes
870 1278 977 1359 (3);
998 1279 1064 1337 40
1085 1279 1131 1337 si
1154 1278 1450 1339 hominem
1469 1323 1486 1354 .‚
1518 1288 1799 1360 tanquam
1818 1280 1948 1360 E90
1961 1302 2202 1359 purum

101 1386 164 1434 et
198 1376 634 1433 abstractionem
671 1374 731 1430 in
770 1384 889 1432 tota
923 1373 1290 1455 philosophia
1332 1372 1682 1433 considerari
1722 1372 1935 1435 debere
1965 1386 2203 1435 conten·

93 1470 227 1543 das,
253 1467 680 1527 rationalismus
708 1467 800 1528 vel
827 1467 1165 1528 idealismus
1190 1479 1577 1550 consequetur
1598 1468 1709 1552 (4).
1736 1469 1912 1551 Atqui
1933 1470 1982 1530 si
2010 1469 2206 1530 omnia

165 1714 230 1776 (l)
267 1711 321 1760 Id
351 1711 516 1778 probat
541 1714 829 1778 empirismus
850 1712 1007 1762 Lockii
1023 1751 1037 1774 ‚
1061 1731 1115 1762 ac

98 1797 245 1846 multo
274 1798 419 1861 magis
445 1796 740 1856 Condillacii,
759 1797 843 1862 qui
861 1800 1046 1846 tandem
1064 1800 1115 1846 in

100 1879 309 1928 Helvetio
327 1915 341 1938 ,
390 1876 666 1940 Cabanisio‚
711 1888 800 1927 etc.
845 1880 902 1926 ad
945 1898 1115 1945 purum

102 1961 480 2009 materialismum
526 1960 715 2008 decidit.
770 1960 900 2009 Certe
942 1961 1010 2009 nil
1050 1972 1118 2010 est

102 2043 227 2109 quod
247 2045 394 2107 magis
423 2044 563 2089 animi
592 2042 933 2107 simplicitatem
953 2060 1006 2091 ac
1023 2046 1117 2109 spi·

105 2125 403 2173 ritualitatem
445 2124 684 2185 ostendat,
734 2143 874 2191 quam
925 2125 1118 2174 facultas

106 2205 387 2271 percipiendi
420 2208 627 2254 notiones
663 2209 938 2256 universales
958 2244 972 2268 ,
1010 2225 1118 2256 cum

107 2303 266 2335 sensus
299 2303 542 2351 corporeus
573 2291 758 2335 nonnisi
786 2289 834 2336 id
870 2290 997 2354 quod
1028 2291 1123 2337 sin-

106 2370 262 2434 gulare
275 2378 342 2417 est
357 2379 400 2418 et
414 2369 707 2418 individuum
727 2372 867 2436 possit
882 2374 1120 2437 attingere.

107 2451 223 2500 Haec
260 2456 425 2501 veritas
460 2453 824 2518 philosophicam
849 2453 901 2504 S.
932 2455 1123 2505 Thomae

108 2542 316 2582 mentem
339 2535 532 2582 minime
563 2534 800 2598 effugerat.

178 2613 243 2678 (2)
277 2615 347 2662 Ita
378 2615 760 2665 trascendentales
781 2617 998 2666 idealistae
1028 2617 1124 2667 vel·

106 2695 203 2744 lent
224 2712 254 2743 a
266 2697 431 2760 priori
454 2699 679 2747 rationem
709 2698 906 2765 logicam
935 2695 992 2747 de
1017 2701 1126 2764 ipsis

107 2776 375 2824 veritatibus
399 2777 525 2841 sacti
547 2796 625 2827 seu
649 2781 902 2829 existentiae
926 2780 1094 2829 habere
1110 2817 1124 2841 ‚

107 2874 162 2906 ac
180 2875 360 2924 semper
379 2859 545 2909 frustra
574 2872 784 2928 quaerunt
801 2862 917 2911 illud
938 2861 1130 2927 aliquid

107 2925 449 2991 inconcussum
468 2977 487 3005 ,
519 2961 577 2993 ex
617 2962 711 3012 quo
745 2948 886 3010 possit
923 2946 1128 3011 philoso-

113 3021 216 3086 phia
241 3026 456 3076 exordiri.
953 3032 957 3037 ’

179 3103 244 3166 (3)
279 3106 379 3157 Hoc
406 3108 496 3157 fuit
532 3110 718 3157 initium
751 3127 805 3158 ac
844 3110 1128 3176 postulatum

117 3182 409 3251 philosophias
447 3189 750 3256 schellingii,
795 3190 1129 3241 Bouterweckii

118 3262 403 3334 aliorumque
448 3273 884 3322 trascendentalium
925 3275 1130 3323 realista-

1197 1717 1414 1764 omnium
1437 1715 1864 1767 indemonstratum
1884 1756 1898 1779 ,
1917 1735 1977 1768 ao
1999 1720 2214 1769 maxime

1197 1797 1623 1846 indemonstrabile
1631 1833 1647 1859 ,
1663 1816 1720 1847 ao
1737 1806 1949 1849 maxime
1964 1802 2069 1849 sine
2081 1802 2216 1849 omni

1199 1881 1388 1927 ratione
1401 1898 1421 1941 ,·
1446 1881 1516 1928 ita
1540 1881 1645 1927 sine
1670 1882 1885 1943 ratione,
1904 1882 2214 1946 quemadmo-

1201 1962 1315 2009 dum
1325 1979 1510 2028 suprem
1518 1979 1597 2010 um
1603 1964 1910 2028 principium
1922 1963 2193 2013 Criticiami
2199 1982 2222 2014 ‚⁷

1203 2042 1311 2109 qu
1339 2061 1465 2094 sum.
1490 2044 1676 2096 Philos.
1692 2043 1896 2110 Schrift.
1919 2057 2003 2096 seu
2023 2045 2217 2112 Scripta

1193 2126 1528 2193 philosophica
1537 2164 1550 2189 ‚
1569 2127 1808 2176 Landshut
1825 2144 1841 2176 1
1853 2128 1970 2195 809,
1983 2146 2087 2194 pag.
2108 2145 2124 2177 ι
2135 2127 2217 2179 52.

1203 2209 1520 2259 Pantheisticae
1555 2210 1722 2259 horum
1765 2221 2004 2259 auctorum
2047 2229 2103 2260 ex
2143 2211 2221 2259 his

1204 2293 1441 2357 principiis
1475 2291 1775 2340 deductiones
1804 2295 1910 2340 satis
1940 2302 2063 2340 notae
2091 2302 2218 2340 sunt.

1280 2373 1348 2437 (h)
1385 2372 1688 2437 Distinguunt
1702 2373 2085 2423 trascendentales
2101 2375 2222 2422 inter

1205 2452 1312 2522 Eyo
1324 2472 1508 2522 purum
1522 2490 1540 2517 ‚
1570 2457 1771 2520 positum
1788 2458 1975 2521 inpuro
1997 2464 2224 2522 conceptu

1207 2556 1260 2588 ac
1278 2542 1328 2587 in
1350 2546 1456 2587 ente
1472 2553 1598 2586 mere
1616 2537 1863 2602 coqitabili
1875 2574 1892 2596 ,
1923 2548 1967 2588 et
1996 2536 2048 2586 E
2045 2555 2105 2603 qo
2120 2555 2220 2587 em-

1201 2621 1419 2688 piricam
1435 2637 1517 2668 seu
1532 2630 1797 2668 concretum
1807 2628 1858 2682 vet
1872 2621 2086 2670 existens.
2096 2619 2223 2670 Con-

1210 2703 1412 2752 tendunt
1442 2720 1577 2767 porro
1609 2704 1659 2749 in
1686 2701 1972 2768 philosophia
2001 2705 2137 2752 unice
2168 2703 2227 2752 de

1211 2783 1314 2850 qu
1329 2801 1457 2851 puro
1479 2786 1655 2832 institui
1679 2802 1810 2850 posse
1831 2802 2108 2834 sermonem.
2126 2785 2228 2850 Ipse

1213 2869 1413 2936 Krugius
1427 2906 1440 2928 ‚
1473 2871 1554 2934 qui
1576 2879 1731 2917 tamen
1755 2869 2044 2918 idealismum
2063 2886 2118 2918 ac
2133 2871 2229 2917 cri-

1213 2954 1447 3002 ticismum
1468 2951 1661 3011 refellit,
1682 2961 1725 2999 et
1747 2952 2102 3016 synthetismum
2121 2968 2230 3017 pro-

1203 3035 1370 3084 ·fitetur
1388 3073 1402 3097 ,
1453 3033 1790 3099 philosophiam
1840 3034 1908 3081 nil
1958 3033 2086 3082 aliud
2134 3049 2232 3083 esse

1215 3118 1350 3167 vellet
1378 3118 1468 3165 nisi
1496 3116 1747 3164 scientiam
1758 3115 1930 3181 sormoe
1944 3117 2233 3181 oriqinarioe

1203 3203 1326 3268 puri
1356 3200 1484 3266 Ego.
1518 3200 1770 3266 Nunquam
1804 3217 1916 3266 ergo
1956 3200 2097 3249 homo
2127 3219 2230 3250 rea-

1212 3284 1268 3333 lis
1284 3323 1296 3347 ‚
1322 3303 1403 3333 ens
1423 3287 1644 3333 nimirum
1669 3284 1893 3333 rationale
1915 3301 1970 3333 ac
1988 3284 2229 3344 sensibile,

119 3363 222 3392 ‘⁰¹¹¹
242 3383 256 3406 9
288 3352 367 3414 qui
395 3355 587 3416 Proinde
610 3357 850 3404 seientiam
882 3355 968 3404 Dei
999 3355 1133 3404 ab80·
1214 3369 1265 3415 in
1287 3369 1370 3415 ista
1392 3365 1681 3432 philosophia
1707 3367 1964 3431 attingitur.
1984 3365 2084 3415 Cfr.
2113 3369 2234 3415 inter

118 3425 266 3475 lutam
295 3447 320 3478 e
348 3433 442 3481 sola
471 3446 636 3486 natura
670 3440 858 3504 rationis
892 3440 1126 3505 hujusque
1209 3460 1386 3499 ceteros
1412 3449 1532 3498 Imre
1551 3486 1564 3507 ‚
1592 3448 1824 3497 Amicum
1841 3448 2001 3512 foedus
2028 3447 2234 3496 rationis

115 3511 290 3559 iutuitu
337 3514 607 3568 immediate
651 3525 997 3587 provenientem
1039 3521 1128 3570 sibi
1212 3547 1324 3578 cum
1344 3531 1666 3597 emperiemia,
1691 3527 1876 3580 Philas.
1892 3546 2015 3596 para
2033 3531 2063 3580 3
2081 3565 2095 3590 ‚
2125 3529 2233 3578 Me·

114 3591 424 3644 vindicarunt.
452 3596 574 3648 Hinc
611 3598 922 3670 schellingius
955 3613 1128 3652 statue·
1214 3612 1348 3678 tuph.
1374 3612 1552 3679 applic.
1581 3631 1687 3677 pag.
1722 3608 1966 3662 302-306.

119 3681 189 3719 rat
221 3689 236 3723 ι
267 3671 394 3723 Deua
414 3687 482 3724 est
503 3687 571 3727 ese
587 3684 896 3749 principium
923 3687 1133 3733 'nomime
