2502 4134
264 56 383 115 486
872 78 1067 116 macr.
1119 83 1188 119 ns
1232 82 1383 120 Loms
1429 84 1800 124 rnuomcmffi.

268 226 413 308 quin
451 225 583 284 fidei
623 237 850 284 naturae
891 247 957 286 ac
991 228 1204 287 merito
1241 228 1592 309 derogetur,
1650 249 1717 288 ac
1763 251 2147 316 quaecumque
2184 234 2405 295 motiva

268 320 672 383 credibilitatis
706 341 873 403 posse
911 333 1148 383 tantum
1199 326 1391 383 obices
1434 344 1766 397 removere,
1821 337 1888 385 ut
1930 330 2201 390 credatur
2225 377 2240 407 a
2283 353 2406 391 non

270 423 419 478 vero*
449 417 887 497 persuasionem
927 419 1113 480 ullam
1151 421 1432 481 inducere
1453 468 1468 492 ,
1501 420 1663 503 quod
1692 420 2055 485 credendum
2089 427 2184 487 sit.

353 513 497 570 215.
545 513 626 572 Ut
655 513 830 593 igitur
860 516 933 576 ad
968 539 1096 576 rem
1131 518 1321 599 ipsam
1350 518 1730 589 accedamus3
1771 519 2042 600 quamvis
2070 523 2412 584 admittere·

272 622 370 667 tur
416 610 722 690 proprium
756 611 1084 674 scientificae
1123 613 1646 673 demonstrationis
1679 635 1801 674 esse
1822 661 1837 685 2
1880 625 1947 673 ut
1980 621 2302 680 necessario
2339 620 2413 679 ad

275 706 719 766 assentiendum
747 721 913 790 cogat
930 710 1300 770 intellectum
1328 757 1344 785 .‚
1387 710 1568 769 talem
1603 709 1791 769 nihilo
1813 712 1996 770 secius
2023 713 2147 773 vim
2173 713 2270 774 illa
2294 739 2415 776 non

272 800 484 877 habet,
524 803 637 862 nisi
663 824 798 864 cum
831 805 1124 866 evidentia
1160 807 1684 866 demonstrationis
1725 808 1873 867 circa
1903 810 2194 886 objectum
2227 810 2418 893 ipsum

275 901 617 958 immediate
662 921 728 959 ac
776 905 1104 963 intrinsece
1148 914 1632 978 versatur‚,non
1681 904 1827 963 item
1871 925 2008 963 vero
2059 926 2192 964 cum
2234 906 2423 967 solum

276 995 545 1074 ejusdem
587 996 766 1056 afficit
801 998 1258 1060 credibilitatem
1288 998 1407 1079 (l).
1467 1000 1647 1059 Porro
1684 999 2148 1074 demonstratio,
2191 1022 2319 1084 quae
2352 1003 2427 1064 de

281 1092 419 1151 fidei
472 1094 717 1154 veritate
747 1094 813 1153 in
844 1117 1057 1176 genere
1087 1097 1185 1171 fit7
1222 1107 1324 1155 aut
1380 1094 1456 1156 de
1499 1096 1635 1157 fidei
1672 1096 1927 1155 articulis
1956 1097 2135 1156 etiam
2169 1098 2430 1179 singilla-

282 1190 393 1247 tim
418 1236 432 1263 ,
487 1191 732 1250 minime
758 1194 1183 1252 immediatam
1227 1214 1330 1252 seu
1358 1195 1759 1252 intrinsecam
1795 1193 2159 1253 evidentiam
2184 1194 2432 1273 objecto-

283 1308 417 1345 rum
467 1286 604 1346 fidei
649 1288 914 1368 attingit,
967 1289 1071 1349 sed
1111 1292 1511 1348 eoetrinsecam
1564 1301 1799 1348 tantum
1850 1300 2026 1371 atque
2069 1293 2435 1364 mediatam,

285 1403 489 1442 eorum
506 1383 776 1444 videlicet
796 1387 1261 1445 credibilitatem
1279 1430 1302 1458 ,
1328 1407 1393 1444 ac
1419 1396 1731 1467 propterea
1756 1385 2125 1445 intellectum
2143 1387 2217 1446 ad
2230 1399 2435 1448 assen-

287 1501 418 1539 sum
449 1479 838 1562 praebendum
868 1481 1329 1564 haudquaquam
1367 1502 1474 1563 per
1498 1503 1558 1542 se
1584 1502 1789 1562 cogere
1819 1481 1996 1542 valet.

370 1577 515 1635 216.
566 1578 690 1636 Hoc
725 1589 923 1637 autem
976 1579 1331 1638 luculentius
1362 1577 1554 1637 adhuc
1594 1579 1865 1637 firmatur
1900 1600 1971 1638 ex
2008 1601 2077 1639 eo
2102 1626 2119 1655 ,
2161 1578 2321 1662 quod
2344 1579 2440 1640 hic

292 1684 497 1753 agatur
531 1673 603 1732 de
637 1673 924 1750 ejusmodi
970 1674 1480 1743 demonstratione
1506 1720 1521 1748 ,
1561 1694 1689 1755 quae
1734 1695 1856 1732 non
1891 1676 2047 1756 parit
2097 1697 2205 1755 per
2228 1697 2288 1734 se
2314 1678 2441 1738 evi-

294 1770 559 1830 dentiam
599 1772 1076 1850 metaphysicam
1110 1770 1383 1852 quamvis
1422 1769 1485 1828 in
1530 1790 1659 1828 eam
1692 1769 2049 1851 quandoque
2075 1769 2289 1831 resolvi
2315 1792 2446 1853 pos-

294 1868 370 1925 sit
408 1888 516 1949 per
558 1867 844 1948 principia
867 1912 882 1941 7
918 1879 984 1925 ut
1020 1867 1188 1926 aiunt
1208 1911 1224 1940 ,
1256 1865 1476 1943 reflexa
1502 1865 1613 1945 (2).
1653 1867 1932 1925 Ceterum
1956 1866 2253 1932 evidentia
2277 1912 2294 1941 7
2320 1887 2448 1949 quae

294 1962 501 2022 haberi
524 1974 719 2044 potest
742 1984 850 2045 per
881 1963 1243 2026 motivorum
1268 1960 1725 2021 credibilitatem
1742 2007 1760 2039 ,
1787 1983 1912 2021 non
1929 1973 2020 2022 est
2041 1962 2153 2021 nisi
2181 1961 2450 2045 plerum-

300 2081 417 2143 que
456 2062 736 2129 moraZiS,
783 2071 883 2117 aut
922 2058 1228 2118 interdum
1258 2062 1551 2138 physica,
1599 2081 1708 2140 pro
1744 2058 1812 2116 iis
1853 2080 2104 2141 nempe,
2153 2060 2257 2140 qui
2287 2059 2447 2140 signa

302 2179 368 2216 ac
404 2155 667 2237 prodigia
718 2153 898 2213 oculis
934 2156 1051 2213 suis
1097 2166 1485 2235 usurparunt.
1534 2153 1768 2213 Moralis
1803 2176 1978 2236 porro
2015 2154 2343 2230 evidentia,
2378 2176 2451 2215 ex

302 2252 511 2312 morali
554 2250 908 2311 certitudine
937 2272 1229 2330 exurgens
1251 2297 1267 2326 .,
1306 2250 1531 2333 pendet
1550 2297 1565 2326 ,
1608 2250 1693 2309 uti
1733 2248 1873 2310 alias
1902 2250 2315 2312 adnotavimus
2338 2297 2355 2327 ,
2381 2271 2453 2311 ex

302 2361 571 2408 accurata
607 2347 1071 2408 consideratione
1098 2347 1360 2428 plurium
1398 2347 1688 2406 factorum
1714 2347 2219 2428 contingentium,
2251 2347 2315 2406 in
2339 2367 2454 2429 qua
2497 2340 2502 2343 ’

301 2444 555 2529 proinde
604 2444 762 2503 haud
806 2467 1019 2527 parum
1067 2442 1222 2505 valet
1259 2444 1565 2526 dispositio
1608 2443 1734 2523 ipsa
1778 2442 2023 2521 subJecti
2068 2445 2337 2503 animum
2382 2440 2458 2501 ad

307 2564 439 2602 rem
482 2540 687 2601 sedulo
728 2540 1120 2623 applicantiS,
1160 2562 1224 2600 ac
1257 2541 1557 2599 rationum
1604 2540 1727 2601 vim
1770 2540 1880 2600 rite
1923 2541 2304 2624 percipientis
2342 2538 2452 2619 (3).

310 2636 483 2712 Quod
520 2638 567 2696 si
597 2639 727 2720 quis
772 2638 1005 2717 signum
1046 2635 1287 2719 aliquod
1334 2636 1452 2695 suis
1486 2635 1753 2696 sensibus
1789 2637 2130 2698 immediate
2167 2634 2417 2721 percipit
2439 2678 2455 2708 .,

310 2732 731 2795 certitudinem
781 2730 1025 2815 quidem
1058 2754 1122 2791 ac
1164 2731 1526 2792 evidentiam
1545 2733 1872 2813 physicam
1899 2733 2189 2793 factorum
2224 2731 2458 2791 illorum

313 2831 597 2914 acquirit,
642 2853 763 2889 non
810 2851 876 2889 ea
925 2840 1127 2888 tamen
1164 2828 1464 2891 evidentia
1509 2829 1672 2889 videt
1709 2851 1966 2899 nexum,
2008 2831 2107 2912 qui
2145 2826 2461 2888 intercedit

314 2929 473 2988 inter
501 2927 648 2986 facta
676 2926 774 2984 illa
798 2948 864 2985 ac
878 2928 1071 2985 Deum
1098 2924 1472 2987 revelantem
1494 2970 1510 2999 ‚
1538 2946 1732 3006 neque
1747 2926 1912 2985 videt
1933 2925 2189 2986 revelata
2214 2923 2459 3002 objecta,

385 3177 453 3240 (l)
489 3175 595 3224 Duo
636 3177 739 3225 haec
780 3176 840 3224 ab
886 3178 1089 3225 invicem
1121 3174 1351 3224 discr-imi·
1507 3175 1576 3240 (2)
1614 3174 1924 3233 Recolantur‚
1959 3191 2060 3239 quae
2105 3176 2372 3240 scripsimus
2416 3177 2466 3222 in

317 3258 475 3306 nanda
514 3269 661 3318 sunt,
715 3276 824 3306 cum
877 3256 968 3306 alia
1012 3260 1071 3306 sit
1106 3256 1354 3305 evidentia
1437 3268 1572 3307 tract.
1608 3257 1687 3306 De
1717 3273 1828 3305 vera
1858 3254 2012 3320 Reliq.
2041 3266 2163 3322 part.
2194 3274 2242 3317 1,
2265 3274 2463 3322 capau,

315 3343 414 3399 rei,
430 3342 518 3390 alia
533 3342 778 3389 evidentia
795 3340 1230 3402 credibililatiae‚ut
1245 3343 1355 3389 scite
1439 3360 1494 3391 n.
1529 3339 1623 3408 174
1653 3350 1696 3389 et
1720 3357 1820 3405 seq.

317 3424 645 3473 animadvertit
678 3423 877 3482 Suarez,
909 3424 997 3474 loc.
1034 3426 1115 3474 cit.
1147 3434 1259 3472 sect.
1289 3439 1316 3489 7
1337 3459 1351 3482 ‚
1510 3421 1580 3486 (3)
1615 3422 1715 3470 cfr.
1755 3419 2073 3470 Proenotand.
2115 3439 2249 3470 num.
2283 3435 2344 3485 27
2370 3456 2386 3481 ‚
2424 3429 2468 3469 et

317 3525 367 3556 n.
417 3522 479 3565 α,
532 3508 645 3554 item
688 3517 800 3555 sect.
850 3503 915 3565 5,
963 3524 1017 3555 n.
1061 3503 1096 3553 6
1132 3518 1177 3555 et
1217 3523 1353 3571 seqq.
1441 3522 1544 3570 quae
1576 3505 1716 3569 paulo
1744 3514 1850 3552 ante
1878 3502 1976 3569 jam
2003 3503 2225 3553 diximus·

319 3591 420 3640 cfr.
454 3595 587 3639 etiam
618 3589 953 3639 Proenotanda
972 3598 1124 3638 nostr.
1148 3607 1200 3637 n.
1234 3585 1320 3650 24.
