2502 4134
384 159 547 198 PART.
598 158 662 194 11.
711 157 835 195 CAP.
883 155 920 193 l.
966 158 1035 193 DE
1079 157 1238 196 SACR.
1287 156 1429 194 LIBR.
1479 155 1610 195 CAN.
1665 159 1732 196 Er

2186 136 2266 195 29

1782 158 2028 196 AUCTOR.

153 303 341 363 Tabia
376 303 472 360 uti
492 300 602 381 (1).
628 299 858 359 Profert
885 298 1127 358 demum
1151 299 1522 359 auctoritates
1548 299 1624 358 ad
1655 301 1933 360 veritates
1959 300 2094 360 fidei
2122 323 2265 360 eon-

143 394 515 454 stabiliendas
556 415 628 454 ex
668 393 831 453 libris
867 393 1331 454 Machabaeorum
1365 393 1455 473 (2)
1477 437 1495 466 ,
1530 414 1603 452 ex
1639 393 1789 454 libro
1829 395 2137 478 Sapientiae
2176 397 2266 479 (3)

144 502 203 550 et
235 512 307 549 ex
340 489 729 550 Ecclesiastico
757 489 872 567 (4).

223 585 324 644 40.
369 587 425 643 S.
458 584 704 665 Cyrillus
729 583 1162 665 Hierosolymit.
1191 585 1408 667 passim
1434 605 1507 644 ex
1527 582 1678 642 libro
1705 586 2014 664 Sapientiae
2034 633 2050 661 ,
2085 611 2261 670 quem

145 679 322 739 etiam
360 678 684 738 Salomonis
715 691 884 739 vocat
915 679 1028 760 (5),
1071 692 1197 739 tum
1232 701 1302 766 ex
1333 678 1729 740 Ecclesiastico
1762 679 1872 759 (6),
1904 701 1976 739 ex
2004 684 2224 744 Baruch
2243 731 2258 759 ,

146 795 322 855 quem
343 774 697 855 Prophetam
720 774 860 833 dicit
884 775 998 852 (7),
1025 786 1199 856 atque
1227 797 1296 834 ex
1321 775 1631 856 postremis
1652 774 1908 834 Danielis
1938 777 2227 856 capitibus
2244 826 2259 852 ‚

145 870 470 929 testimonia
508 879 791 950 tanquam
820 891 893 929 ex
924 871 1221 951 Scriptura
1254 870 1452 931 divina
1488 870 1707 952 promit
1741 870 1855 951 (8).

225 965 326 1023 41.
375 967 555 1023 Verus
611 966 754 1024 item
795 964 1142 1022 Athanasius
1193 964 1283 1043 (9)
1339 985 1463 1022 non
1507 965 1698 1023 solum
1741 986 1812 1025 ex
1849 966 2069 1026 eisdem
2103 966 2265 1029 libris

145 1057 381 1118 adducit
425 1058 755 1119 testimonia
797 1056 873 1115 ad
917 1078 1020 1130 ea,
1063 1078 1195 1136 quae
1244 1056 1381 1116 fidei
1432 1069 1608 1130 sunt,
1652 1060 2010 1136 adserenda,
2049 1063 2156 1122 sed
2198 1086 2264 1124 ea

146 1164 425 1233 praeterea
459 1153 642 1211 utitur
667 1149 917 1209 formula
953 1150 1111 1231 apud
1144 1162 1372 1211 veteres
1403 1144 1616 1210 usitata
1651 1153 1724 1212 ad
1756 1155 2083 1238 Scripturas
2122 1157 2264 1219 divi-

145 1266 251 1304 nas
282 1244 682 1325 significandas
702 1290 719 1320 .,
757 1244 972 1305 scilicet
1011 1267 1024 1302 :
1059 1249 1222 1304 sieut
1247 1251 1544 1326 scriptum
1579 1259 1663 1307 est
1688 1248 1839 1329 (10).

140 1488 205 1539 τοὶ
232 1494 446 1551 τοιαῦτα,
481 1492 663 1540 οἷτεθεῒν
698 1488 758 1557 τρὶ
788 1492 826 1540 ἔν
855 1493 957 1545 ταῖς
997 1493 1163 1547 inun-
1235 1509 1389 1557 puero
1413 1493 1699 1559 juvenculo.
1732 1494 1872 1544 Porro
1906 1499 2081 1562 phrasis
2110 1504 2264 1568 scrip-

142 1569 262 1626 οἵαις
294 1573 517 1639 φερέμενοι
553 1573 841 1640 indemnem,
873 1572 950 1624 xa)
974 1597 1161 1638 νομοτη-

142 1659 288 1712 θῆσοιι
305 1664 363 1712 τῆ
379 1654 664 1717 cibavit-nrt
679 1652 937 1707 &metam
963 1655 1164 1730 μὴ’-τοίς

141 1739 244 1803 παρ’
273 1739 422 1791 atini}
457 1737 777 1805 ἐπιφερομένοις
807 1737 929 1807 ἱεροῖς
946 1739 1162 1803 βίβλους,

139 1817 723 1875 κολακὲυεινδὲΊουὸοιιόυς
743 1860 757 1883 ,
781 1820 858 1871 καὶ
878 1830 1036 1872 netem
1058 1861 1072 1883 ,
1097 1827 1164 1873 ἵνα

139 1900 399 1963 μεταδῶ-ιν
429 1903 529 1965 ἡμῖν
554 1908 634 1952 rbi!
656 1907 891 1971 καθαιρεῖν,
913 1903 992 1954 καὶ
1016 1904 1163 1970 pandi»

140 1981 344 2048 radosta
397 1983 596 2047 ἕχᾶντων.
644 2006 697 2037 Β.
750 1985 803 2050 4.
850 1988 962 2038 edit.
1005 1989 1159 2039 Maur.

138 2082 249 2131 opp.
274 2077 388 2115 tom.
419 2085 461 2129 ι,
496 2086 544 2133 p.
585 2068 662 2119 16.

216 2147 286 2209 (1)
316 2148 441 2196 Ibid.
475 2167 525 2199 n.
564 2151 640 2200 13.

215 2226 285 2290 (2)
306 2227 356 2274 Ε
357 2229 509 2277 xhort.
523 2231 588 2278 ad
600 2229 805 2298 Martyr.
822 2252 871 2282 n.
892 2249 956 2283 22
973 2245 1017 2284 et
1030 2253 1161 2302 seqq.

219 2306 286 2371 (3)
327 2308 467 2359 Com.
500 2310 719 2372 Celsum,
751 2315 836 2364 lib.
869 2319 952 2376 ni,
987 2334 1039 2366 n.
1063 2315 1160 2377 60,

148 2398 195 2436 et
219 2388 327 2436 alibi
357 2393 543 2453 passim.

220 2469 287 2532 (la)
326 2470 446 2519 Ibid.
475 2473 562 2521 lib.
595 2490 642 2522 lv
660 2509 674 2534 ‚
704 2474 768 2524 28
787 2512 800 2535 ,
835 2486 880 2524 et
901 2475 1029 2525 alibi.
1048 2476 1167 2526 Vide

146 2551 352 2599 'indicem
387 2551 593 2600 locorum
627 2554 677 2603 S.
709 2555 952 2620 Scripturae
980 2558 1040 2606 ad
1074 2559 1167 2607 cal-

152 2648 254 2681 cem
284 2635 654 2700 uniuscujusque
682 2636 947 2686 voluminis.

134 2772 137 2776 ,
222 2713 286 2778 (5)
327 2713 517 2764 Catech.
542 2731 588 2764 ix
607 2753 621 2777 ‚
650 2735 785 2767 num.
813 2733 861 2768 2.
884 2719 996 2768 edit.
1018 2719 1165 2769 Tout-

152 2798 214 2844 tei
231 2833 245 2856 ,
275 2807 320 2845 et
345 2798 475 2846 alibi.

222 2877 286 2942 (6)
327 2878 519 2928 catech.
543 2897 611 2941 vi,
630 2899 765 2931 num.
785 2880 846 2948 43
877 2883 1070 2935 Catech.
1089 2904 1133 2934 xi
1148 2924 1161 2946 ‚

153 2977 204 3010 n.
246 2977 303 3027 19
321 2998 333 3020 ,
363 2976 453 3011 etc.

221 3042 287 3105 (7)
328 3042 521 3093 Catech.
550 3062 625 3109 xl,
654 3063 703 3093 n.
741 3045 799 3095 15
817 3085 830 3108 ,
858 3048 939 3096 ubi
968 3050 1162 3099 scribit:

154 3121 295 3171 Audi
323 3124 620 3191 Prophetam
648 3126 884 3177 dicentem
914 3147 932 3175 .·
963 3130 1065 3180 Hic
1099 3142 1166 3180 est

161 3201 292 3253 Deus
310 3218 496 3268 noster,
526 3216 614 3257 etc.
643 3220 688 3259 et
713 3210 843 3260 alibi.

226 3284 286 3348 (8)
326 3288 519 3338 Catech.
542 3306 619 3338 xv¹
636 3328 649 3351 ,
681 3310 733 3341 n.
766 3292 825 3340 31
849 3330 861 3354 ‚
891 3294 973 3342 ubi
998 3298 1089 3360 agit
1107 3294 1164 3344 de

158 3362 342 3417 historia
370 3368 587 3420 Susannae
606 3410 620 3434 ‚
646 3384 690 3421 et
720 3374 848 3423 addit
874 3392 888 3425 z
917 3376 1164 3444 Scriptum

1242 1586 1343 1625 tum
1372 1587 1441 1626 est
1466 1598 1520 1629 ex
1544 1598 1631 1629 usu
1662 1591 1763 1630 tum
1793 1581 2134 1649 Scripturarum
2161 1599 2263 1638 tum

1243 1657 1326 1707 SS.
1359 1660 1548 1709 Patrum
1583 1664 1642 1711 ad
1679 1665 1969 1715 denotandas
2004 1667 2263 1734 Scripturas

1249 1743 1430 1792 divinas
1462 1756 1726 1809 usurpatur,
1765 1758 1816 1795 ut
1849 1758 2012 1797 notum
2042 1762 2123 1800 est.

1310 1826 1378 1889 (9)
1416 1826 1522 1875 Dixi
1562 1827 1724 1876 Verus
1759 1830 2089 1894 Athanasius,
2119 1837 2265 1900 siqui-

1244 1908 1351 1956 dem
1383 1911 1549 1958 criticis
1585 1923 1873 1976 compertum
1908 1924 1974 1963 est
1996 1954 2008 1975 ,
2043 1915 2263 1983 Synopsis

1244 2000 1478 2040 auctorem
1497 1995 1690 2042 minime
1705 1994 2009 2045 Athanasium
2026 2014 2144 2048 esse.
2160 1999 2260 2050 Cfr.

1243 2071 1446 2123 Maurin.
1481 2075 1593 2124 edit.
1621 2076 1876 2126 admonitio
1892 2115 1906 2138 ‚
1931 2089 2045 2129 tom.
2065 2098 2101 2128 ιι
2117 2117 2131 2137 ,
2152 2100 2261 2147 opp.

1240 2171 1347 2220 pag.
1386 2154 1480 2219 124
1507 2168 1551 2205 et
1579 2175 1680 2224 seq.
1699 2157 1918 2208 Attamen
1942 2173 2091 2210 noster
2116 2162 2263 2212 Dom-

1240 2237 1323 2286 bre
1366 2239 1619 2288 Athanasio
1666 2259 1768 2289 eam
1816 2242 1994 2293 tribuit.
2042 2248 2123 2294 Ast
2167 2247 2265 2296 haec

1243 2319 1497 2382 sphalmata
1546 2320 1708 2386 juveni
1757 2325 2020 2374 candidato·
2048 2328 2261 2378 donanda

1246 2410 1354 2446 sunt
1383 2417 1491 2448 cum
1521 2403 1736 2465 pluribus
1767 2405 1886 2452 aliis.

1317 2480 1416 2543 (10)
1453 2481 1550 2530 Hac
1567 2485 1692 2531 enim
1711 2485 1866 2548 phrasi
1886 2489 2032 2535 utitur
2057 2486 2106 2537 S.
2125 2489 2266 2540 Atha-

1246 2563 1402 2609 nasius
1431 2563 1482 2609 in
1508 2580 1583 2628 ep.
1612 2575 1666 2611 m
1687 2601 1700 2623 ,
1728 2565 1793 2612 ad
1823 2563 2081 2634 Serapion.
2111 2589 2165 2620 n.
2198 2571 2261 2635 4,

1246 2643 1447 2707 allegans
1485 2645 1625 2694 verba
1663 2645 1907 2711 Sapientia>
1949 2666 1995 2709 1,
2035 2667 2061 2715 7
2085 2689 2097 2711 ‚
2141 2663 2185 2701 et
2214 2657 2264 2702 in

1245 2718 1448 2791 Apeloq.
1466 2727 1532 2775 ad
1549 2725 1685 2794 Imp.
1706 2728 1958 2782 Constant.
1984 2752 2036 2781 n.
2066 2750 2121 2799 17
2141 2772 2154 2795 ‚
2179 2739 2264 2786 ad.-

1245 2806 1422 2856 ducens
1446 2809 1584 2857 verba
1612 2828 1665 2859 ex
1699 2811 1819 2861 Tob.
1848 2830 1893 2861 iv
1914 2852 1927 2875 ‚
1969 2832 2047 2881 ¹9·
2071 2817 2266 2884 Insuper

1245 2888 1440 2938 afferens
1470 2908 1527 2938 ex
1550 2892 1742 2957 epistola
1770 2891 1818 2942 S.
1853 2895 2097 2946 Alexandri
2128 2901 2187 2950 ad
2217 2920 2265 2950 se

1245 2976 1503 3039 conscripta
1518 3012 1530 3034 ‚
1548 2978 1599 3023 in
1615 2975 1665 3024 A
1658 2976 1821 3042 poley.
1841 2988 2006 3028 contra
2022 2983 2069 3028 A
2073 2984 2256 3046 rienes,

1243 3071 1294 3102 n.
1336 3052 1439 3115 66,
1480 3057 1619 3105 verba
1658 3058 1964 3108 Ecclesiastici
2004 3081 2147 3123 xxxx,
2193 3065 2257 3129 4,

1244 3135 1404 3185 scribit
1444 3155 1457 3186 :
1500 3141 1588 3186 Ait
1631 3140 1836 3204 quodam
1872 3145 1928 3190 in
1966 3143 2064 3193 loco
2103 3143 2260 3195 Sacra

1243 3216 1499 3285 Scriptura
1535 3239 1553 3268 .·
1598 3229 1812 3270 mortuus
1853 3233 1922 3271 est
1961 3228 2090 3273 enim
2126 3238 2264 3293 pater

1243 3300 1372 3364 ejus,
1394 3303 1536 3365 quasi
1557 3318 1656 3350 non
1679 3313 1795 3352 esset
1818 3316 2053 3357 mortuus.
2072 3309 2136 3358 Ex
2156 3316 2261 3376 qui-

1245 3380 1333 3428 bus
1352 3381 1520 3447 duplex
1540 3384 1765 3433 habemus
1785 3389 2098 3438 testimonium
2117 3391 2261 3440 Atha-

159 3451 228 3491 εει
249 3449 411 3511 enim3
438 3450 701 3520 Γέγραπται
740 3453 828 3523 γᾴρ
848 3495 862 3517 ,
905 3468 954 3507 et
983 3460 1173 3508 adducit
1256 3466 1371 3511 nasii
1389 3475 1431 3512 et
1448 3463 1691 3515 Alexandri
1714 3486 1796 3533 pro
1816 3468 1974 3537 diviua
1994 3476 2262 3521 auctoritate

158 3527 296 3574 verba
337 3547 439 3595 quae
476 3534 692 3600 leguntur
731 3537 853 3587 Dan.
893 3557 1009 3601 xm,
1050 3539 1116 3604 45
1149 3558 1162 3590 :

158 3603 417 3657 Suscitavit
443 3611 577 3663 Deus
595 3614 838 3682 Spiritum
855 3618 1085 3669 Sanctum
1111 3624 1166 3669 in

1249 3543 1583 3611 Ecclesiastici3
1619 3558 1664 3597 et
1695 3551 1894 3615 allegans
1930 3555 1980 3600 in
2012 3556 2142 3618 epist.
2182 3553 2262 3604 De

1250 3623 1448 3674 decretis
1493 3626 1742 3687 Nicamis,
1781 3649 1833 3681 n.
1878 3648 1934 3681 η
1958 3671 1970 3694 ,
2015 3633 2150 3684 verba
2177 3634 2265 3690 Ba-
