2502 4134
292 61 455 99 nar.
500 62 566 98 11.
611 61 760 99 sacr.
809 63 872 99 11.
921 62 1043 100 cuv.
1086 61 1125 98 1.
1169 60 1238 96 ns
1280 58 1470 96 uncas.
1519 59 1585 94 m·
1627 56 1802 93 nx1s'r.
1853 54 2015 93 TRAn.
2080 31 2204 91 233

104 202 254 261 tibus
283 201 748 270 assentientibus,
782 205 958 285 Atqui
991 205 1069 263 ita
1103 224 1163 262 se
1196 225 1287 263 res
1321 200 1519 260 habet.
1564 201 1654 260 Sic
1683 220 1856 282 porro
1877 219 1984 279 per
2008 208 2203 279 partes

103 296 386 355 minorem
412 299 690 378 propositi
718 298 1044 379 argumenti
1073 298 1454 358 ostendimus·

184 388 337 465 343.ω
370 391 449 449 Ac
491 391 553 448 10
589 391 824 472 quidem
863 396 1252 452 protestantes
1297 390 1595 450 nobiscum
1632 411 1820 449 sacros
1857 386 2056 448 Libros
2090 387 2202 447 ad-

103 484 378 560 mittunt,
413 506 622 566 eosque
649 487 736 544 uti
769 487 1048 547 divinitus
1082 487 1390 569 inspiratos
1415 496 1474 565 et
1493 485 1796 569 canonicos
1825 482 2045 542 habent
2073 481 2162 564 (1)
2182 527 2199 557 ,

101 578 281 637 immo
306 599 444 638 vero
470 580 705 638 unicum
731 581 1179 641 fundamentum
1203 602 1268 639 ac
1297 579 1554 658 regulam
1583 577 2004 636 credendorum
2025 598 2203 656 agen-

104 672 428 754 dorumque
459 673 818 755 adaequatam
860 676 985 736 illos
1028 697 1149 735 esse
1182 673 1565 734 contendunt.
1604 674 1782 730 Porro
1810 673 1936 731 fieri
1963 673 2203 732 omnino

104 753 344 849 nequit,
390 780 456 826 ut
506 770 631 828 sine
673 770 882 829 divinis
933 764 1341 829 traditionibus
1392 778 1550 827 certo
1591 765 1730 847 ipsis
1767 786 1832 823 ac
1862 766 1974 825 fide
2003 766 2205 827 divina

106 875 364 937 constet,
408 865 646 945 quinam
681 864 1065 924 determinate
1109 864 1227 923 sint
1270 862 1553 943 ejusmodi
1593 859 1760 934 libri,
1797 871 1969 942 atque
2004 872 2205 920 utrum

105 959 322 1017 fuerint
364 980 471 1019 nec
508 980 586 1019 ne
626 958 826 1019 divino
865 960 1080 1040 Spiritu
1117 959 1349 1017 afflante
1385 955 1727 1037 conscripti,
1766 975 1899 1013 cum
1929 967 2206 1015 neutrum

105 1054 166 1111 in
194 1055 331 1134 ipsis
358 1052 518 1112 libris
553 1054 949 1126 contineatur3
987 1064 1046 1111 et
1064 1098 1081 1127 .,
1121 1053 1169 1111 si
1199 1050 1409 1111 alicubi
1441 1061 1754 1132 utrumque
1784 1050 2203 1127 affirmaretur,

107 1148 292 1207 nodus
319 1148 643 1228 quaestionis
666 1147 932 1207 nondum
970 1147 1189 1206 solutus
1218 1157 1368 1206 esset
1389 1193 1405 1222 ,
1434 1168 1566 1205 cum
1595 1156 1654 1206 et
1684 1145 1757 1205 de
1780 1145 1889 1204 hoc
1911 1145 2035 1227 ipso
2056 1145 2206 1206 libro

107 1242 286 1324 quaeri
318 1263 545 1322 semper
577 1244 782 1301 merito
817 1242 998 1323 possit
1021 1287 1037 1317 .,
1075 1242 1234 1302 unde
1273 1253 1428 1301 certa
1455 1241 1568 1301 fide
1610 1252 1870 1316 constet,
1911 1262 2046 1300 eum
2079 1253 2209 1301 tum

104 1357 325 1394 sacrum
366 1347 492 1393 tum
531 1336 795 1396 divinum
830 1358 974 1396 esse.
1033 1338 1179 1396 Huic
1220 1338 1380 1396 enim
1419 1336 1667 1396 defectui
1702 1336 1962 1419 suppleri
2005 1338 2208 1418 nequit

105 1429 225 1490 sive
250 1451 358 1509 ope
385 1430 603 1489 critices
625 1476 640 1504 ,
668 1432 791 1490 sine
812 1430 936 1490 aliis
961 1431 1257 1514 quibusvis
1283 1432 1556 1490 humanis
1584 1431 1947 1491 adminiculis
1969 1475 1989 1506 ,,
2012 1441 2078 1488 ut
2102 1452 2205 1490 suo

22 1550 29 1557 ·
106 1524 462 1583 ostendimus
499 1524 624 1584 loco
665 1525 788 1606 (2);
824 1548 956 1586 cum
1000 1527 1254 1585 humana
1299 1528 1514 1608 quaevis
1558 1528 1864 1586 auctoritas
1901 1547 2206 1607 nunquam

107 1618 281 1677 fidem
311 1618 568 1680 divinam
597 1622 783 1702 pariat
803 1667 819 1696 ,
861 1643 988 1703 quae
1017 1622 1165 1680 nulli
1200 1622 1433 1681 errandi
1467 1621 1763 1680 formidini
1788 1620 2111 1699 subjaceatt,
2144 1631 2210 1679 ut

107 1725 268 1795 patet
289 1736 359 1773 ex
379 1713 647 1774 fluctibus
667 1761 683 1790 ,
711 1716 920 1797 quibus
944 1718 1146 1799 quovis
1165 1709 1429 1800 tempore
1453 1719 1846 1777 protestantes
1873 1718 2047 1776 etiam
2063 1717 2209 1775 circa

110 1809 262 1866 hunc
294 1809 598 1867 articulum
626 1812 823 1890 agitati
858 1824 1029 1883 sunt,
1062 1823 1122 1871 et
1156 1834 1312 1871 nunc
1348 1814 1598 1872 maxime
1624 1813 1938 1890 agitantur.
1967 1813 2208 1871 Verum-

107 1914 302 1963 tamen
330 1904 423 1963 hic
458 1907 645 1984 agitur
679 1906 751 1965 de
785 1907 919 1967 fidei
953 1908 1129 1990 ipsius
1164 1908 1450 1991 principio
1484 1907 1910 1970 fundamentali
1945 1919 2004 1967 et
2038 1907 2209 1965 unico

104 2003 266 2076 juxta
293 2001 679 2061 Protestantes
701 2002 810 2082 (3).

192 2093 330 2153 344.
377 2096 444 2152 20
486 2096 599 2154 Sed
657 2118 761 2156 nec
804 2099 996 2158 minus
1036 2099 1369 2159 necessariae
1421 2110 1559 2158 sunt
1610 2098 1949 2158 traditiones
1995 2097 2210 2158 divinae

113 2186 186 2245 ad
231 2209 463 2247 sensum
522 2211 814 2251 sacrorum
862 2192 1164 2252 Librorum
1227 2192 1617 2272 dogmaticum
1668 2192 2203 2254 determinandum.

179 2431 243 2495 (l)
278 2431 563 2497 Loquimur‚
590 2443 641 2480 ut
668 2443 818 2498 patet,
849 2434 907 2483 de
931 2433 1114 2481 Protes-

111 2515 314 2582 tantibus
330 2548 345 2573 ,
377 2531 491 2579 quos
514 2515 787 2565 orthodoxos
807 2527 998 2575 vocant,
1033 2534 1114 2563 seu

112 2594 170 2643 de
209 2597 294 2654 iis,
332 2597 411 2661 qui
444 2595 594 2644 adhuc
630 2598 926 2662 symbolismo
962 2598 1115 2646 adhae-

114 2688 238 2740 rent3
263 2677 489 2743 siquidem
514 2678 571 2727 de
596 2679 694 2727 aliis
711 2717 723 2738 ‚
755 2680 867 2745 quid
888 2682 1108 2739 sentiant,

115 2760 334 2808 diximus.

184 2840 417 2903 (2)Sect.1‚
437 2858 537 2906 cap.
552 2857 567 2887 1
582 2878 594 2900 ‚
614 2858 776 2906 propp.
796 2856 814 2889 1
828 2851 871 2890 et
894 2851 988 2902 11,t.
1017 2857 1115 2890 vm.

182 2923 249 2987 (3)
286 2923 405 2973 Sane
430 2923 645 2972 Newman
663 2962 676 2982 ‚
705 2927 755 2973 in
782 2942 859 2989 op.
890 2923 1114 2972 Lectures

119 3019 180 3051 on
200 3004 274 3052 tlte
292 3005 585 3071 prophetical
612 3007 737 3072 office
762 3007 822 3071 of
835 3007 911 3055 the
935 3006 1113 3055 charoli

119 3086 292 3133 viewed
311 3087 546 3152 relatively
570 3096 614 3136 to
627 3090 904 3137 Romanism
923 3089 1022 3137 and
1028 3106 1116 3154 po-

114 3164 262 3227 pular
276 3173 652 3232 protestantism,
682 3189 762 3219 seu
792 3171 1036 3220 Lectiones
1058 3170 1115 3218 de

114 3247 259 3311 officio
279 3252 543 3316 prophetico
571 3253 797 3303 Ecclesiae
826 3263 1028 3321 spectato
1058 3256 1114 3302 in

114 3329 278 3376 ordine
305 3333 367 3378 ad
394 3337 737 3384 romanismum
772 3345 815 3384 et
841 3337 907 3385 ad
933 3345 1113 3403 protes-

113 3411 419 3473 tantismmn,
450 3414 597 3467 Lond.
626 3416 747 3485 1837
770 3435 784 3467 ε
812 3417 992 3483 Omnes
1013 3435 1111 3467 seo-

116 3499 199 3550 tae,
233 3491 418 3554 scribit,
450 3493 556 3546 lect.
586 3514 602 3545 ι
622 3535 636 3559 ,
676 3517 780 3566 pag.
811 3499 876 3548 32
902 3510 948 3550 et
976 3518 1109 3568 seqq.

1202 2432 1446 2480 nobiscum
1478 2432 1791 2500 (anglicanis)
1811 2436 2127 2496 conveniunt,
2153 2449 2211 2482 ac

1202 2515 1432 2582 differunt
1446 2533 1476 2563 a
1493 2519 1855 2566 romanensibus
1870 2555 1887 2581 ‚
1916 2521 1973 2567 in
1987 2527 2205 2585 spectan-

1202 2598 1279 2646 dis
1304 2598 1484 2647 Bibliis
1502 2598 1648 2648 veluti
1673 2601 1898 2649 vexillum
1928 2589 2210 2668 appellatio·

1202 2683 1284 2729 nis
1312 2684 1366 2728 in
1391 2682 1797 2746 inquisitionibus
1824 2683 2172 2732 doctrinalibus
2189 2719 2207 2746 ‚

1200 2765 1421 2828 quamvis
1464 2780 1762 2830 unaqnoeque
1805 2766 2038 2814 diversam
2078 2768 2212 2814 viam

1201 2846 1334 2892 ineat
1367 2847 1422 2893 in
1457 2848 1661 2894 materia
1684 2845 1819 2910 fidei.
1858 2845 1997 2895 Hinc
2026 2856 2211 2896 contro-

1202 2930 1355 2977 versia
1382 2931 1507 2978 inter
1535 2929 1860 2978 Protestantes
1885 2928 2082 2994 facilior
2105 2937 2205 2991 est,

1200 3013 1429 3076 qnoniam
1467 3011 1533 3058 ad
1567 3011 1734 3059 Biblia
1764 3022 2040 3073 revocatur,
2076 3014 2208 3060 circa

1199 3110 1308 3157 quoe
1331 3093 1528 3158 quilibet
1554 3093 1797 3158 disputare
1811 3101 1988 3159 potest;
2005 3093 2088 3141 sed
2110 3111 2208 3142 non

1200 3183 1267 3222 est
1288 3177 1480 3235 certior,
1503 3176 1618 3239 qaia
1631 3174 1725 3221 dno
1746 3191 1839 3223 non
1857 3176 2203 3235 inveniuntur,

1199 3258 1286 3320 qui
1321 3273 1478 3304 secum
1505 3254 1751 3304 collineant
1786 3256 1942 3321 quoad
1975 3258 2206 3323 interpre-

1199 3339 1422 3387 tationem
1454 3337 1725 3386 Bibliorum
1745 3376 1759 3400 ,
1791 3341 2020 3404 quoniam
2048 3354 2203 3387 nnus-

1197 3421 1394 3486 quisque
1418 3421 1762 3487 interpretatur
1789 3438 1846 3470 ea
1875 3421 2012 3471 modo
2036 3436 2136 3469 suo.
