2502 4134
392 154 555 191 PAn'r.
602 150 691 186 111.
739 149 889 186 SEGT.
938 149 976 186 l.
1023 148 1146 187 CAP.
1195 151 1260 186 11.
1306 150 1374 185 1113
1417 151 1547 186 ΕΔΤ.
1593 149 1710 187 CUM
1754 149 1864 185 Fu).

2079 125 2196 189 525

71 297 254 368 tutio,
302 291 732 374 philosophiam
770 312 835 349 ac
870 288 1204 371 disciplinas
1242 289 1495 370 reliquas
1529 290 1876 349 excolendas
1915 274 2194 372 suscepit,

70 390 131 449 id
163 411 235 449 ex
267 411 336 449 eo
384 388 599 447 factum
636 397 758 458 est,
801 385 935 465 quia
974 383 1049 443 ad
1080 382 1420 464 exemplum
1446 385 1688 444 Lutheri
1718 395 1777 443 et
1804 383 2031 444 Calvini
2053 429 2070 459 7
2097 387 2200 466 qui

70 508 130 545 se
154 485 504 559 extulerant,
532 484 805 544 adversus
830 480 1528 554 Ecclesiaeauctoritatem,
1553 482 1948 541 Protestantes
1967 482 2193 562 sequio-

69 603 160 640 res
199 582 488 658 injustum
526 586 901 638 excusserunt
937 574 1399 657 patriarcharum
1436 597 1677 634 suorum
1702 582 1947 657 jugum,
1987 588 2046 637 et
2090 600 2196 659 per

69 677 382 758 quamdam
418 675 772 735 reactionem
796 672 876 729 ita
906 692 967 729 se
1010 669 1083 729 ab
1121 672 1283 728 omni
1324 671 1775 752 emanciparunt
1812 674 2194 747 auctoritate,

68 784 134 830 ut
155 772 438 830 rationem
465 790 734 828 normam
752 766 1080 848 principem
1103 811 1118 836 .,
1149 765 1267 823 imo
1292 765 1524 824 unicam
1545 811 1561 838 ,
1586 768 1997 826 constituerint
2015 790 2196 847 agen-

71 868 279 926 dorum
308 879 367 926 et
391 864 815 925 credendorum
839 862 929 940 (1)
945 907 962 930 ,
1001 880 1065 919 ac
1089 858 1329 918 demum
1354 859 1619 941 plerique
1649 883 1851 921 eorum
1878 863 1939 920 in
1957 884 2197 922 omne-m

69 964 430 1043 impietatem
470 959 678 1041 dilapsi
710 958 827 1017 sint
851 1002 866 1030 ,
912 957 997 1013 uti
1048 966 1170 1013 tota
1207 955 1591 1031 rationalismi
1628 955 1867 1016 historia
1896 959 2192 1039 patefacit.

70 1061 206 1118 Haec
247 1080 352 1117 nos
390 1057 691 1130 dolenteS‚
728 1076 849 1113 non
885 1052 1083 1112 animo
1121 1054 1515 1111 protestantes
1551 1053 1915 1129 insectandi,
1945 1054 2193 1115 dicimus

69 1265 326 1312 heimerum
342 1300 354 1321 ‚
377 1265 442 1309 sic
462 1261 521 1309 de
539 1261 870 1309 lutheranismo
890 1258 1050 1307 scribit
1069 1273 1081 1307 ε

78 1345 380 1408 Ubicumque
401 1352 566 1406 reynat
588 1341 988 1400 lutheranismus,
1009 1339 1086 1386 ibi

66 1427 332 1475 litterarum
361 1428 429 1472 est
450 1425 696 1470 interitus.
716 1421 768 1468 E
769 1431 788 1468 t
810 1432 970 1468 tamen
998 1421 1086 1467 hoc
1105 1461 1107 1463 .

63 1507 214 1573 §enus
227 1507 479 1554 hominum
498 1506 708 1551 maxime
729 1500 884 1548 literis
907 1499 1078 1548 alitur.

67 1589 174 1639 Duo
203 1598 389 1636 tantum
419 1594 640 1650 quaerunt
652 1620 667 1644 ‚
692 1600 887 1644 censum
905 1591 948 1629 et
964 1597 1106 1649 uxo-⁴

67 1689 182 1720 rem.
207 1671 376 1719 Cetera
388 1676 587 1734 proestat
605 1665 703 1713 illis
724 1665 773 1712 E
776 1663 1081 1728 vanqelium,

66 1754 151 1801 hoc
175 1762 267 1811 est,
285 1760 560 1816 potestatem
585 1748 808 1808 vivendi,
832 1757 884 1794 ut
901 1746 1082 1795 volum.

68 1834 190 1900 Opp.
209 1835 318 1882 edit.
345 1833 494 1896 Lugd.
514 1832 674 1880 Batav.
698 1829 847 1896 1703,
874 1839 1078 1886 teman,

66 1926 183 1982 part.
220 1925 384 1980 poster.
415 1914 507 1963 col.
549 1912 695 1978 1139.

135 1998 197 2060 (l)
237 1996 413 2060 Nempe
448 1997 601 2054 ratio,
639 2012 718 2059 per
755 2003 952 2059 systema
975 1992 1086 2040 Pro-

66 2081 339 2128 testantismi
376 2093 591 2143 oppressa
622 2087 758 2142 atque
795 2077 853 2124 ad
890 2075 1085 2124 nihilis-

68 2177 198 2207 mum
214 2160 412 2224 dejecta,
436 2176 516 2223 per
537 2160 784 2224 quamdam
804 2159 1081 2206 reactionem

45 2260 114 2311 *se
142 2242 330 2301 extulit,
365 2259 418 2289 ac
449 2242 702 2289 vindicavit
728 2258 774 2288 se
805 2240 862 2288 de
893 2257 1081 2304 oppres-

68 2322 244 2372 soribus
289 2326 380 2372 suis
394 2361 411 2385 2
461 2333 507 2370 et
549 2325 598 2370 in
644 2322 771 2370 aliud
823 2332 1080 2370 extremum

67 2404 305 2471 prolapsa*
319 2409 515 2471 jugum,
554 2406 754 2470 cujusvis
798 2405 1081 2451 auctoritatis

67 2489 290 2542 excussit.
321 2496 372 2534 ut
401 2478 509 2534 alias
537 2502 648 2534 cum
667 2486 726 2535 cl.
746 2483 952 2533 Moehler
978 2487 1081 2533 ani-

68 2572 408 2620 madvertimus.
426 2570 637 2619 Ceterum
667 2580 891 2635 quantum
915 2578 1081 2617 coutu-

67 2655 202 2702 lerint
222 2653 432 2703 catholici
449 2652 686 2717 Principes
702 2653 759 2700 ad
782 2654 1078 2700 scientiarum

66 2753 119 2783 ac
148 2736 375 2783 bonarum
412 2737 579 2783 artium
620 2735 829 2782 ardorem
870 2736 1078 2781 excitan-

67 2819 179 2866 dum
193 2856 205 2879 ,
228 2829 423 2866 exeunte
440 2835 532 2867 sec.
547 2834 607 2866 xv
622 2827 666 2865 et
682 2820 871 2865 ineunte
886 2834 962 2866 xvr
977 2827 1080 2865 aute

67 2910 267 2948 exortam
299 2900 674 2947 reformationem
701 2936 714 2957 ‚
760 2888 912 2963 colligi
948 2898 1079 2946 facile

69 2991 214 3044 potest
241 2999 294 3030 ex
327 2984 409 3040 iis,
444 2998 547 3046 quae
580 2978 725 3028 habet
760 2978 959 3040 Andres‚
998 2997 1074 3044 op.

70 3067 149 3111 cit.
181 3064 262 3113 lib.
293 3083 340 3124 1,
375 3083 475 3130 cap.
522 3064 578 3112 13
601 3103 613 3122 ‚
651 3082 702 3111 n.
738 3078 836 3111 220
867 3073 912 3112 et
943 3081 1074 3130 seqq.

71 3149 151 3194 ubi
182 3150 377 3197 ostendit
405 3149 746 3197 aemulationem
763 3185 775 3206 ‚
805 3163 908 3213 qnae
934 3149 1079 3212 viguit

69 3234 188 3278 inter
214 3229 349 3278 Italiae
379 3233 606 3296 principes
630 3231 886 3289 Mediceos,
913 3229 1077 3278 Esten-

67 3329 135 3359 ses
152 3347 165 3371 ,
193 3310 326 3358 Rom.
345 3311 614 3370 PontificeS‚
646 3312 851 3376 aliosque
870 3313 920 3358 in
939 3311 1076 3358 disci-—

66 3394 203 3458 plinis
237 3392 455 3442 omnibus
489 3393 840 3460 promovendis;
872 3395 1075 3441 civitates

64 3478 293 3542 principes
325 3475 520 3524 Romam
538 3515 552 3537 ‚
578 3478 859 3527 Florentiam
879 3513 892 3535 ‚
932 3476 1072 3524 Urbi-

64 3576 178 3606 num
198 3593 212 3615 ‚
243 3559 493 3606 Ferrariam
510 3595 525 3617 ‚
560 3569 652 3609 etc.
678 3562 799 3608 inter
823 3577 870 3608 se
896 3559 1072 3623 depri-

64 3651 190 3689 matu
211 3641 518 3690 contendisse.
534 3641 725 3708 Antiqui
745 3643 924 3691 codices
937 3643 1069 3707 graeci

1170 1267 1214 1304 et
1237 1257 1368 1305 latini
1395 1256 1605 1322 undique
1625 1232 2142 1324 conquirebantur.'Leo
2164 1280 2193 1310 x

1169 1337 1400 1386 excitabat
1434 1338 1679 1386 Erasmum
1701 1375 1714 1398 ‚
1762 1337 1962 1390 Sancten
2001 1342 2193 1408 Pagnini

1167 1419 1377 1484 aliosque
1408 1420 1565 1468 doctos
1589 1419 1716 1467 illius
1749 1425 1912 1471 aetatis.
1934 1422 2067 1487 Quod
2085 1442 2192 1474 vero

1168 1503 1406 1566 speciatim
1438 1504 1603 1550 attinet
1627 1503 1685 1551 ad
1715 1506 1834 1552 viros
1863 1505 2192 1558 ecclesiasticos

1139 1621 1147 1629 .
1166 1583 1215 1628 in
1245 1584 1573 1646 promovendis
1602 1587 1804 1633 scientiis
1821 1621 1834 1644 ‚
1859 1591 1967 1635 satis
1987 1592 2074 1636 erit
2091 1608 2196 1640 eru-

1168 1664 1319 1713 ditum
1346 1683 1462 1730 opus
1486 1684 1753 1730 percurrere
1784 1667 1847 1717 cl.
1874 1666 2082 1719 Severini
2102 1673 2192 1721 Fa-

1167 1745 1346 1805 briant,
1391 1751 1465 1795 cui
1499 1751 1571 1796 tit.
1609 1749 1712 1797 Dei
1739 1750 1964 1813 beneficii
1989 1758 2197 1819 prostati

1167 1827 1304 1892 daqli
1334 1828 1646 1878 ecclesiastici
1688 1831 1780 1878 olle
1819 1834 2041 1894 sciense,
2083 1835 2195 1886 Ber-

1165 1928 1301 1974 gamo
1343 1909 1468 1960 1832
1488 1949 1502 1971 ‚
1537 1914 1588 1960 in
1615 1931 1708 1978 quo
1737 1915 1965 1975 ostendit,
1989 1919 2101 1982 quid
2123 1919 2192 1967 illi

1167 1994 1450 2041 contulerint
1502 1996 1553 2041 in
1604 1997 1931 2059 promovendis
1986 1995 2197 2048 Mathesi

1157 2094 1315 2142 pura,
1354 2077 1670 2140 mechanica,
1712 2079 2117 2146 hidrodynamica
2146 2094 2193 2134 et

1165 2161 1366 2207 'cantica
1383 2196 1396 2218 ‚
1427 2162 1586 2224 optz'ca
1601 2197 1614 2220 ‚
1640 2166 1964 2223 astronomia,
1998 2182 2191 2230 9809111-

1156 2241 1280 2307 phio
1310 2252 1354 2288 et
1389 2241 1732 2306 chronoloqia;
1768 2244 1883 2291 duas
1916 2248 2027 2294 item
2065 2265 2191 2313 egre-

1164 2325 1258 2388 gias
1293 2319 1634 2371 dissertationes
1664 2324 1799 2373 Card.
1831 2325 1958 2385 Mai,
1992 2346 2190 2393 quarum

1165 2405 1304 2452 altera
1322 2407 1540 2470 inscripta
1564 2416 1631 2453 est
1649 2422 1664 2454 ε
1688 2406 1865 2454 Mariti
1878 2407 1934 2455 di
1949 2409 2045 2457 Pio
2065 2408 2194 2458 VII

1164 2503 1189 2534 e
1215 2485 1294 2533 del
1311 2487 1433 2534 clero
1465 2501 1597 2535 verso
1627 2487 1674 2535 la
1704 2487 2011 2548 letter-atum,
2041 2493 2187 2542 altera

1165 2585 1270 2616 vero
1306 2571 1379 2616 :l
1406 2569 1699 2618 vicendevoli
1731 2571 1868 2638 uffizj
1898 2572 2022 2620 della
2058 2575 2188 2624 Reli·

1159 2654 1302 2714 qione
1321 2669 1346 2700 e
1377 2651 1494 2699 delle
1518 2657 1635 2701 arti.
1657 2653 1715 2700 In
1740 2656 1911 2720 quibus
1930 2659 2000 2704 vir
2024 2658 2188 2709 doctus

1163 2752 1322 2782 omnes
1354 2751 1496 2799 prope
1533 2735 1799 2799 disciplinas
1825 2755 1878 2785 ac
1901 2738 2046 2787 bonas
2069 2751 2185 2790 artes

1163 2818 1390 2881 percurrit
1411 2853 1424 2874 ‚
1463 2816 1756 2882 ostenditque
1786 2818 2149 2871 luculentissime
2165 2859 2179 2882 ,

1161 2915 1306 2963 quam
1331 2897 1453 2946 bene
1493 2900 1642 2946 meriti
1680 2898 1738 2947 de
1766 2899 1856 2947 illis
1887 2902 2060 2951 fuerint
2090 2902 2181 2951 Ca·

1161 2980 1320 3028 tholici
1333 3016 1348 3042 ,
1366 2982 1613 3044 praesertim
1632 2997 1737 3029 vero
1758 2982 2051 3033 ecclesiastici
2068 3003 2183 3053 quo-

1165 3065 1231 3109 vis
1256 3071 1479 3125 tempore.
1500 3061 1679 3126 Quibus
1705 3063 1763 3111 ad
1793 3066 1944 3130 majus
1962 3067 2184 3117 reforma-

1162 3147 1299 3192 tionis
1320 3132 1518 3193 dedecus
1543 3145 1682 3209 adjici
1715 3156 1908 3209 possunt
1925 3164 2034 3213 opp.
2054 3166 2178 3200 com.

1162 3226 1545 3285 Montalembert,
1576 3224 1659 3275 Du
1695 3225 1750 3273 V
1747 3227 2017 3278 andalismo
2043 3241 2086 3278 et
2113 3232 2181 3279 du

1164 3309 1499 3359 Catholicisme
1529 3310 1653 3356 dans
1681 3309 1823 3370 Part,
1861 3310 1985 3359 Paris
2019 3310 2138 3374 1841
2163 3352 2176 3373 ,

1159 3394 1265 3446 vol„
1288 3409 1301 3438 1
1323 3430 1336 3451 ,
1370 3395 1418 3440 in
1449 3388 1517 3453 83
1559 3401 1603 3440 et
1630 3394 1930 3440 Monumem
1963 3393 2022 3442 de
2046 3393 2179 3442 Phis-

1157 3476 1276 3522 τοίω
1303 3473 1359 3521 de
1391 3476 1550 3521 sainte
1577 3470 1828 3522 Elisabeth
1851 3474 1909 3523 de
1928 3474 2174 3540 Honqrt'e,

1158 3556 1284 3605 Paris
1323 3553 1440 3613 1841
1468 3591 1481 3617 ,
1514 3555 1607 3604 vol.
1639 3571 1687 3615 1,
1724 3557 1773 3603 in
1801 3557 1883 3605 fol.
