2502 4134
2117 118 2225 178 471

331 134 490 169 ΡΔΒΤ.
539 134 628 170 111.
677 132 829 170 SEGT.
876 136 918 170 1.
967 135 1091 171 GAP.
1128 136 1170 172 1.
1219 136 1287 173 DE
1328 135 1454 173 ΕΔΤ.
1499 136 1632 175 ANT.
1681 138 1792 174 Fu).
1844 138 2023 176 SPECT·

122 275 321 335 nescit
342 275 652 358 theoretica
692 276 873 350 ratio,
931 288 1128 335 utrum
1173 282 1532 346 onznisciens
1571 280 1681 353 sit,
1722 278 1824 338 sed
1861 279 2051 339 solum
2093 282 2200 340 scit
2220 329 2236 356 7

120 370 423 429 scientiam
461 375 583 448 ejus
620 370 941 434 humanam
987 373 1159 452 longe
1185 373 1597 434 transcendere
1638 375 1745 456 (1).
1778 378 2066 450 Quoniam
2100 399 2239 440 vero

120 467 272 524 Deus
313 465 612 525 voluntate
651 489 751 526 sua
784 468 1073 529 mundum
1111 468 1330 527 creavit
1351 514 1366 538 ,
1397 468 1534 528 hinc
1556 475 1677 547 ejus
1706 493 1807 531 seu
1836 484 2234 533 creaturarum

117 572 388 619 naturam
432 561 754 641 intelligere
807 563 1044 639 debuit,
1094 584 1159 622 ac
1210 562 1457 644 proinde
1501 567 1678 624 etiam
1726 568 1868 625 ordo
1913 579 1974 626 et
2012 570 2236 647 finium

116 660 530 715 convenientia
552 659 610 714 in
637 657 774 736 ipsis
796 657 958 716 velut
982 678 1127 739 opus
1146 657 1444 716 intentum
1472 681 1503 734 a
1537 660 1660 718 Deo
1686 658 1891 719 haberi
1922 661 2100 721 debet
2121 665 2232 741 (2).

116 750 228 809 Sed
263 763 461 809 tamen
505 755 662 809 ratio
703 752 1018 811 theoretica
1061 774 1181 810 non
1232 753 1456 832 cogitur
1492 752 1602 812 hoc
1645 766 1872 827 tenere,
1908 757 2020 815 nisi
2056 757 2239 819 relate

113 846 184 904 ad
212 850 580 907 ordinemret
602 851 1077 906 convenientiam
1103 849 1235 905 finis
1264 849 1422 908 inter
1443 848 1701 908 diversas
1729 862 1924 931 partes
1958 857 2234 935 cujusque

113 945 451 1020 sz'rayularis
492 947 680 1013 entis,
723 964 844 1000 non
892 963 1028 1002 vero
1073 942 1255 1002 relate
1304 943 1378 1001 ad
1430 948 1853 1004 connexionem
1896 948 2237 1028 finiumque

111 1038 664 1096 subordinationem
700 1037 869 1095 unius
913 1039 1063 1096 entis
1092 1037 1168 1095 ad
1202 1031 1495 1097 alterum.
1524 1040 1752 1099 Etenim
1806 1042 1932 1100 fieri
1974 1042 2235 1104 absolute

112 1131 337 1210 potuit,
373 1128 615 1207 utjDeus
653 1130 975 1190 intenderit
1010 1153 1101 1190 res
1131 1137 1296 1211 ipsas
1327 1145 1387 1191 et
1425 1137 1786 1193 intrinsecas
1825 1157 2028 1196 earum
2064 1138 2220 1199 rela-

111 1225 297 1283 tiones
317 1250 334 1296 ς
363 1230 705 1283 eatrinsecoe
726 1247 863 1283 vero
884 1246 1082 1285 rerum
1104 1227 1259 1285 inter
1281 1247 1343 1286 se
1366 1228 1482 1287 sint
1503 1234 1653 1309 opus
1677 1228 1851 1308 plane
1871 1234 2228 1308 fortuitum,

111 1318 432 1377 nullimode
462 1319 758 1376 intentum
782 1341 815 1377 a
846 1321 968 1378 Deo
1003 1319 1113 1398 (3).
1152 1320 1546 1380 Nihilominus
1581 1323 1729 1380 ratio
1762 1334 2035 1401 practica
2060 1327 2229 1388 nobis

110 1415 398 1492 imperat7
438 1422 505 1469 ut
550 1432 645 1470 eas
683 1413 860 1470 etiam
916 1417 1285 1472 eatrincecas
1333 1414 1644 1474 relationes
1690 1417 2070 1479 admittamus
2122 1428 2230 1504 pr'o

110 1505 319 1565 effectu
339 1503 736 1585 intelligentiae
756 1505 970 1566 divinae
990 1507 1102 1585 (4).
1126 1510 1375 1567 Demum
1401 1510 1550 1574 ratio
1567 1511 1878 1573 theoretica
1900 1537 2019 1573 non
2034 1528 2229 1597 potest

110 1600 402 1660 affirmare
423 1646 438 1673 7
467 1600 623 1681 quod
641 1603 793 1660 Deus
813 1603 1107 1679 futurum
1131 1625 1298 1662 omne
1321 1604 1492 1677 sciat,
1522 1605 1624 1664 sed
1645 1615 1877 1666 tantum
1902 1609 2046 1667 illud
2070 1614 2233 1689 quod

105 1707 324 1774 spectat
347 1707 655 1754 creaturas
686 1718 826 1755 suas
846 1697 956 1776 (5).

107 1917 355 1961 apparere,
378 1905 544 1961 quippe
571 1916 723 1948 omnes
744 1917 863 1948 meos
886 1908 1125 1962 conceptus
1206 1893 1331 1957 quod
1365 1910 1503 1958 Supra
1535 1898 1727 1943 asseruit
1762 1896 1819 1944 de
1849 1898 2113 1946 infirmitate
2146 1917 2218 1948 al·-

109 1978 419 2030 transcendit;
439 1979 516 2022 sed
536 1991 648 2022 num
669 1979 844 2023 idcireo
864 1979 958 2023 ista
979 1980 1123 2024 reali·
1205 1978 1412 2038 gementi
1459 1976 1661 2041 physico·
1673 1977 1938 2044 theologici.
1982 1979 2052 2027 lbi
2092 1983 2216 2029 enim

95 2057 162 2096 ter
185 2053 375 2109 infinita
397 2052 544 2096 est?...
565 2052 662 2110 qu
687 2053 838 2109 iqitur
860 2053 933 2097 ita
954 2066 1024 2097 me
1044 2067 1116 2098 co·

94 2126 243 2181 hibeo,
265 2130 318 2170 ut
335 2126 501 2171 nilhae
513 2127 566 2170 de
576 2139 627 2170 re
638 2128 800 2182 sciam,
824 2127 920 2172 nisi
939 2128 1113 2185 quod...

86 2201 297 2259 potentia
315 2201 400 2245 Dei
420 2201 604 2245 ratione
625 2203 911 2246 extensionis
929 2203 1114 2260 quidem

89 2290 182 2321 suoe
203 2277 459 2321 maoeimam
479 2277 839 2322 admirationem
861 2279 1048 2334 eti-citet,
1071 2286 1114 2325 et

90 2353 213 2411 quod
236 2352 288 2397 ob
310 2353 528 2397 intimam
544 2357 771 2399 naturam
793 2367 926 2399 suam
939 2390 953 2409 ,
969 2357 1115 2413 siqui-

91 2429 192 2472 dem
239 2428 450 2485 potentia
497 2430 707 2473 creatrix
754 2434 821 2473 est
842 2464 854 2482 ‚
905 2435 969 2474 est
1027 2431 1113 2475 illa

90 2503 293 2546 maxime
320 2502 552 2558 sublimis,
583 2503 713 2560 cujus
743 2504 944 2548 hominis
984 2506 1112 2550 ratio

91 2577 254 2621 habeat
285 2575 462 2630 idea‘m,
494 2579 570 2622 sed
601 2583 804 2636 respectu
825 2580 955 2636 cujus
974 2581 1111 2626 intel-

91 2653 229 2696 lectus
273 2652 473 2696 hominis
519 2653 699 2698 nullum
741 2655 941 2713 amplius
978 2656 1109 2701 habet

86 2739 367 2791 conceptum,
389 2745 490 2792 pag.
522 2726 640 2790 456.

152 2820 210 2883 (1)
246 2821 298 2868 Si
320 2824 460 2867 etiam
477 2824 551 2868 hic
569 2828 830 2881 quoeratur,
850 2825 1023 2883 inquit,
1043 2839 1107 2871 an

86 2899 287 2954 facultas
308 2899 619 2956 coynoseitiva
636 2900 720 2945 Dei
736 2901 925 2957 infinita
945 2903 1026 2957 sit,
1053 2915 1107 2947 ac

87 2978 248 3019 utrum
265 2974 361 3031 ejus
371 2975 571 3033 coynitio
589 2976 651 3019 sit
668 2965 1009 3033 omniscientia,
1031 2979 1107 3023 de-

90 3047 166 3092 beo
190 3050 383 3104 iterum,
414 3051 533 3094 sicut
562 3051 648 3107 feci
679 3052 733 3096 de
757 3055 968 3110 potentia
993 3055 1106 3107 Dei,

92 3125 379 3180 respondere,
402 3139 472 3170 me
487 3127 538 3170 id
553 3127 652 3170 sine
666 3130 1016 3184 supernaturali
1034 3143 1105 3173 re-

91 3197 314 3243 velatione
337 3201 534 3257 probare
563 3215 656 3246 non
680 3216 808 3259 posse
826 3236 840 3258 ,
878 3203 1016 3261 idque
1053 3204 1107 3249 ob

100 3273 300 3317 eamdem
320 3276 550 3321 rationem
569 3281 622 3321 ut
642 3291 806 3335 supra,
828 3296 929 3342 pag.
957 3276 1071 3340 462.

167 3355 233 3418 (2)
270 3356 392 3405 thid.
430 3376 529 3424 pag.
559 3358 677 3427 457.
705 3361 770 3409 Ex
801 3379 856 3409 eo
877 3361 1001 3427 quod
1030 3363 1109 3411 hic

99 3437 296 3486 affirmat
325 3438 584 3491 Hermeeius
613 3443 671 3492 de
699 3446 966 3493 necessitate
1004 3461 1108 3508 spe-

98 3519 250 3567 ctandi
287 3521 516 3569 mundum
555 3524 681 3573 velut
710 3543 823 3590 opus
852 3526 1107 3590 profectum

99 3617 154 3648 ex
192 3600 485 3665 intelligentia
521 3602 604 3652 Dei
627 3642 640 3665 ,
674 3608 866 3656 minime
893 3618 1105 3667 revocat,

1199 2056 1418 2117 agebatur
1435 2058 1492 2109 de
1511 2058 1782 2122 probatione
1800 2063 2047 2109 existentiae
2071 2065 2216 2127 ipsius

1197 2136 1281 2186 Dei
1304 2138 1578 2188 deducenda
1608 2158 1661 2188 ex
1689 2141 1857 2189 ordine
1879 2145 2081 2192 cosmica
2094 2161 2113 2204 ,·
2139 2145 2217 2193 hic

1195 2235 1305 2267 vero
1325 2257 1338 2278 ‚
1368 2224 1511 2284 posita
1533 2223 1631 2286 jam
1660 2225 1900 2271 existentia
1921 2223 2036 2284 Dei,
2068 2226 2216 2274 dedu-

1195 2300 1315 2349 citur
1332 2311 1512 2348 tantum
1529 2337 1543 2360 ‚
1575 2303 1702 2368 quod
1721 2302 1882 2351 debuit
1899 2322 2052 2354 creare
2069 2324 2211 2355 mnn-

1194 2384 1307 2430 dum
1340 2383 1578 2432 volnntate
1604 2394 1650 2433 et
1674 2385 1991 2450 intelligentia.

1265 2464 1335 2528 (3)
1374 2463 1488 2512 thid.
1516 2483 1623 2530 pag.
1653 2463 1773 2529 458.

1259 2547 1327 2608 (li)
1363 2545 1691 2594 Gravissimam
1706 2550 1930 2596 rationem
1945 2549 2075 2597 affert
2090 2549 2207 2598 Her-

1193 2631 1380 2677 mesius.
1415 2634 1467 2680 Si
1496 2648 1716 2693 namque,
1750 2635 1816 2680 ait
1847 2635 1971 2694 ipse,
2004 2650 2087 2681 nos
2114 2651 2207 2683 non

1189 2712 1321 2755 modo
1341 2711 1392 2755 in
1414 2711 1570 2768 aliquo
1591 2711 1779 2768 speciali
1799 2724 1930 2766 casu,
1948 2713 2094 2757 sedin
2108 2726 2206 2758 am-

1183 2787 1280 2845 plis
1306 2791 1491 2831 naturoe
1520 2787 1674 2844 reqnis
1705 2787 1915 2831 universe
1935 2800 1988 2832 ac
2008 2788 2107 2831 sine
2127 2801 2203 2832 ea:-

1190 2863 1446 2920 ceptione...
1471 2863 1816 2906 admitteremus
1841 2855 1961 2907 ¹tales
1987 2862 2205 2919 fortuitos

1188 2939 1368 2995 effectus
1384 2973 1398 2991 ,
1433 2937 1847 2982 contradictorium
1881 2941 1990 2981 esset
2026 2937 2206 2995 emiqere

1187 3025 1322 3056 usum
1344 3013 1596 3057 intellectus
1617 3016 1659 3055 et
1679 3012 1879 3056 rationis
1897 3012 1949 3055 in
1966 3016 2094 3056 arcto
2111 3012 2204 3057 cir-

1187 3088 1288 3131 culo
1306 3088 1523 3143 practieae
1544 3091 1711 3131 nostroe
1732 3086 1840 3130 vitm
1861 3086 1924 3130 ad
1943 3086 2115 3131 similes
2140 3086 2205 3142 es-

1187 3162 1331 3217 sectus
1349 3163 1476 3220 lonqe
1497 3162 1722 3205 tenuiores
1740 3161 2027 3214 obtinendos,
2050 3161 2205 3208 illum-

1189 3250 1275 3294 que
1299 3237 1593 3294 proeseribere
1628 3237 1770 3281 veluti
1805 3235 2203 3299 indispensabilem

1190 3313 1252 3356 ad
1290 3312 1624 3356 instituendam
1669 3315 1711 3355 et
1754 3311 2066 3356 ordinandam
2109 3323 2205 3355 mo-

1190 3387 1336 3431 ralem
1379 3386 1785 3442 conformationem
1826 3387 1976 3431 animi
2009 3387 2174 3433 ,nostri
2192 3419 2205 3437 ‚

1190 3479 1289 3526 pag.
1325 3460 1437 3524 458.

1261 3544 1329 3605 (5)
1358 3544 1464 3607 Peg.
1487 3541 1603 3606 463.
1620 3543 1690 3591 En
1706 3545 1926 3591 rationem
1948 3542 2167 3589 Hermesii
2187 3557 2201 3587 :

1194 3626 1316 3681 Quia
1338 3628 1417 3674 hoc
1445 3625 1700 3686 (futurum)
1725 3627 1768 3671 si
1788 3626 1910 3671 reale
1926 3626 2030 3681 fiat,
2053 3622 2206 3668 sciunt
