2502 4134
262 89 386 150 442
852 112 1047 150 macr.
1096 113 1164 150 nn
1208 112 1360 152 iouis
1403 115 1777 157 mammolas·

352 259 488 318 154.
535 260 604 315 20
628 260 869 316 Natura
901 261 1252 336 systematis.
1286 256 1372 317 Ad
1415 256 1569 316 hanc
1592 257 2049 340 dignoscendam
2101 285 2248 345 opus
2277 285 2404 321 om·

264 357 408 415 nino
461 363 549 413 est
589 353 787 435 paucis
842 351 1122 413 exhibere
1173 374 1471 412 summam
1517 354 1733 435 primae·
1771 354 1928 416 illius
1971 358 2400 441 inquisitioni5.,

265 471 439 533 quam
478 448 663 509 veluti
700 459 1031 508 ceterarum
1075 447 1262 507 basim
1293 449 1629 509 Hermesius
1661 451 1944 512 instituit.
1983 453 2171 514 Cardo
2202 476 2400 515 versa-

265 558 363 604 tur
400 546 465 603 in
500 566 602 620 ec,
641 567 717 604 an
762 545 934 605 detur
964 566 1072 627 pro
1098 545 1359 604 humana
1398 557 1600 605 mente
1631 548 1924 606 certitudo
1960 554 2207 628 proprie
2239 553 2403 610 dicta

266 643 337 700 de
376 646 624 700 veritate
652 663 725 700 ac
771 643 1046 701 realitate
1081 642 1367 719 objectiva
1392 663 1603 700 rerum
1638 641 1777 722 (1ss
1800 642 2032 724 Duplex
2060 648 2228 721 juxta
2254 648 2403 706 Her-

264 736 519 796 mesium
558 737 732 815 hujus
775 735 1145 796 certitudinis
1192 736 1806 819 psychologicaorigo
1850 759 1976 798 esse
2019 751 2261 821 potest:
2309 740 2404 802 vel

264 833 424 892 enim
452 832 868 893 determinatio
908 833 1090 891 animi
1118 833 1269 893 circa
1299 835 1611 894 veritatem
1647 834 1819 894 nobis
1850 839 2180 895 necessario
2213 835 2406 919 impo-

261 930 458 1005 nitur,
500 940 560 988 et
594 927 810 988 dicitur
844 940 1039 988 tenere
1071 951 1186 1009 pro
1223 950 1357 988 vero
1375 950 1395 997 ‚·
1422 930 1518 991 vel
1543 932 1730 990 libere
1759 953 1790 989 a
1833 930 2003 990 nobis
2038 931 2404 1006 admittitur,

263 1038 324 1085 et
360 1025 573 1091 dicitur
593 1027 908 1086 admittere
930 1047 1049 1105 pro
1085 1047 1218 1086 vero
1255 1026 1367 1107 (2).
1405 1028 1490 1086 De
1521 1038 1770 1110 utraque
1793 1048 1933 1107 ergo
1953 1028 2015 1086 in
2045 1027 2262 1111 duplici
2283 1048 2409 1088 sec·-

265 1122 425 1181 tione
462 1121 710 1204 inquirit
756 1121 1125 1181 HermesiuS.

349 1217 487 1276 1551.
535 1219 715 1277 Porro
741 1229 936 1276 tenere
963 1239 1081 1297 pro
1123 1240 1254 1278 vero
1291 1216 1381 1300 (3)
1419 1229 1507 1278 est
1548 1240 1619 1278 ex
1651 1224 1985 1278 necessitate
2015 1221 2408 1293 immediata,

176 1373 181 1377 .
266 1315 316 1374 si
358 1315 658 1375 enascitur
696 1315 760 1373 in
792 1325 995 1374 mente
1031 1335 1103 1374 ex
1137 1335 1298 1374 mera
1328 1316 1857 1396 repraesentatione>
1888 1314 2135 1392 subjecti
2162 1337 2228 1374 ac
2251 1338 2409 1398 prae—

267 1411 442 1471 dicati
473 1422 534 1471 et
559 1432 745 1471 nexus
779 1411 938 1470 inter
967 1421 1321 1493 utrumque,
1365 1411 1509 1492 quin
1548 1425 1750 1470 tamen
1780 1411 2144 1493 intelligatur
2175 1411 2409 1472 realitas

263 1507 395 1567 talis
411 1529 620 1583 nexuS.,
645 1507 789 1589 quin
810 1506 928 1566 ulla
953 1506 1279 1566 intercedat
1306 1511 1585 1588 cogniti&
1600 1518 1687 1567 est
1706 1528 1843 1568 vero
1859 1529 1929 1567 ex
1943 1510 2277 1588 coynitione
2292 1508 2404 1589 (lt),

263 1625 334 1663 ac·
354 1602 605 1686 proinde
641 1624 714 1663 ex
739 1609 1084 1663 necessitate
1117 1603 1426 1676 mediata,
1471 1603 1518 1661 si
1562 1601 1719 1661 illius
1751 1624 1937 1662 nexus
1966 1603 2204 1663 realitas-
2226 1604 2406 1664 intel-

261 1699 506 1781 ligatur,
535 1698 697 1781 quod
722 1711 926 1759 tamen
951 1699 1290 1778 contingere
1326 1708 1522 1780 potest
1547 1719 1617 1757 ex
1651 1699 1709 1759 vi
1738 1709 1841 1757 aut
1871 1701 2278 1779 intelliqentioe
2306 1711 2407 1759 aut

252 1797 617 1874 phantasiae.
672 1795 840 1854 Prius
885 1815 1022 1873 ergo
1062 1795 1274 1875 quaerit
1318 1795 1695 1869 Hermesius5
1749 1806 1951 1852 utrum
1998 1794 2179 1854 detur*
2215 1807 2411 1857 tenere

250 1913 375 1971 pro
405 1913 537 1951 vero
571 1902 772 1951 tutum
803 1912 868 1950 ac
894 1891 1134 1949 firmum
1173 1911 1246 1949 ex
1273 1893 1632 1972 cognitione,
1656 1911 1788 1972 quae·
1820 1890 2099 1974 procedat
2132 1891 2206 1951 ab
2242 1896 2411 1952 intel-

263 1991 512 2069 liyentia
540 1998 642 2048 aut
676 1988 977 2047 evidentia
1008 1987 1095 2047 rei
1124 1985 1238 2067 (5).
1286 1988 1433 2046 Cum
1473 1999 1672 2047 autem
1705 1987 1831 2047 haec
1878 1989 2277 2070 intelligentia
2306 2001 2408 2049 aut

264 2225 571 2292 periculosam
604 2223 828 2273 effecerit.
866 2222 934 2270 Ex
981 2223 1071 2271 hoc
1114 2223 1288 2271 factum
1444 2221 1509 2285 (l)
1549 2221 1817 2271 Hermesius
1858 2219 1923 2283 ita
1973 2239 2072 2271 rem
2125 2225 2344 2289 proponit
2391 2242 2407 2272 :

264 2319 365 2368 est,
398 2317 449 2355 ut
476 2307 604 2356 Prof.
634 2306 815 2355 Baltzer
840 2308 1007 2355 vitium
1028 2304 1175 2373 hujus
1193 2323 1292 2354 me·
1374 2301 1531 2354 Estne
1548 2322 1641 2371 pro
1663 2304 1856 2353 homine
1879 2305 2215 2354 determinatio
2232 2306 2400 2373 aliqua

261 2392 394 2440 thodi
415 2395 465 2440 in
480 2400 759 2457 praeceptore
776 2407 859 2438 suo
874 2388 1116 2438 Hermesio
1136 2389 1292 2456 aliqua
1373 2405 1520 2454 super
1545 2391 1743 2436 veritate
1758 2426 1771 2449 ‚
1800 2406 1908 2454 quae
1938 2397 2045 2438 tuta
2061 2391 2129 2438 sit
2145 2408 2270 2457 -per
2286 2406 2409 2455 quas

262 2493 315 2525 ex
344 2486 475 2542 parte
502 2475 802 2524 dissimulare.
820 2491 917 2523 non
950 2476 1168 2539 potuerit.
1187 2475 1293 2538 Qui
1375 2474 1484 2520 vias
1526 2474 1776 2521 enascitur
1814 2472 2014 2522 illa-ae
2060 2472 2178 2522 una
2204 2490 2264 2522 ea·
2307 2473 2410 2523 illis

260 2559 363 2609 vult
408 2559 725 2609 Hermesiwm
768 2558 1110 2620 considerare,
1158 2558 1293 2607 debet
1368 2564 1527 2624 potest
1553 2573 1702 2605 necne
1735 2558 1899 2622 aptari
1933 2556 1999 2605 ad
2035 2556 2407 2607 demonstratio-

253 2643 514 2710 prineipia
558 2643 695 2708 ejus,
742 2658 843 2689 non
893 2640 1105 2706 sormam
1151 2658 1291 2689 assu-
1375 2658 1486 2689 nem
1499 2637 2087 2693 christianismiflntrod.
2103 2640 2239 2691 Phil.
2254 2660 2303 2708 p.
2317 2639 2404 2691 83.

260 2743 453 2775 mere...
470 2726 655 2774 Forma
677 2724 812 2790 apud
829 2723 1144 2773 Hermesium
1159 2724 1293 2772 debet
1444 2723 1509 2788 (2)
1547 2722 1670 2773 Ibid.
1710 2739 1817 2789 pag.
1862 2720 1949 2773 86.
1989 2723 2111 2772 Illud
2145 2723 2284 2773 nobis
2315 2723 2406 2770 im·

263 2808 473 2859 absolute
502 2808 558 2857 ob
572 2807 740 2875 plures
766 2808 978 2856 rationes
1002 2805 1106 2855 diei
1126 2809 1293 2872 qravis
1370 2808 1599 2873 ponitur,
1621 2809 1682 2854 ita
1699 2807 1758 2854 ab
1775 2806 2017 2856 Hermesio
2039 2806 2227 2856 effertur
2241 2842 2255 2867 ,
2277 2803 2406 2853 wird

262 2910 320 2941 ae
360 2891 576 2959 implexa
618 2889 1012 2958 (schwerfallige)
1036 2927 1049 2946 ,
1083 2890 1137 2937 id
1165 2889 1294 2956 quod
1378 2906 1475 2937 uns
1505 2887 1770 2953 anqethan.

261 2977 532 3025 necessario
567 2980 798 3041 consequi
824 2991 945 3042 opus
975 2983 1078 3022 erat
1109 2990 1169 3022 ea·
1189 2991 1292 3023 me·-
1445 2970 1512 3036 (3)
1560 2971 1745 3019 Tenere
1798 2988 1889 3038 pro
1943 2987 2057 3019 vero
2102 2971 2118 3034 (
2154 2969 2235 3018 das
2285 2969 2321 3017 F
2324 2973 2403 3018 iir—

262 3059 401 3107 thado
445 3057 965 3124 eurietion-analytica
1015 3059 1089 3106 ita
1133 3074 1291 3106 severe
1375 3054 1700 3117 wahrhalten)
1746 3055 1972 3103 consistit
2015 3054 2072 3101 iu
2116 3050 2231 3112 hoe,
2280 3053 2408 3117 quod

258 3152 532 3206 persecuta,
552 3141 955 3207 quemadmodum
969 3143 1024 3190 in
1040 3139 1291 3190 Hermesio
1373 3155 1460 3187 nos
1486 3146 1731 3185 teneamus
1752 3137 1873 3201 (non
1913 3146 2094 3184 tantum
2124 3135 2404 3200 cogitemus)

263 3227 501 3289 eontinqit
515 3224 780 3273 obluctante
794 3240 903 3272 cum
917 3223 1292 3289 reliquiisKan-
1362 3221 1618 3290 judicium
1651 3230 1873 3269 nostrum·
1897 3235 2161 3267 consonare
2186 3237 2296 3267 cum
2329 3236 2407 3267 ve·

264 3308 414 3355 tiauae
452 3306 769 3357 haereditatis.
803 3326 883 3373 op.
912 3293 990 3355 cit.
1022 3308 1134 3355 fasc.
1166 3304 1287 3374 259.
1374 3307 1545 3362 ritate,
1580 3320 1638 3353 ao
1654 3303 1857 3370 proinde
1886 3301 2082 3351 realiter
2104 3305 2305 3352 ewistere
2326 3319 2399 3350 re-

265 3389 403 3455 Quod
442 3392 605 3438 attinet
640 3390 697 3438 ad
733 3392 988 3456 principia
1029 3389 1255 3438 Hermesii
1273 3426 1287 3449 ‚
1375 3387 1604 3436 lationem
1631 3387 1886 3451 coqitatam
1913 3387 2042 3434 inter
2067 3387 2334 3451 subjeetum
2360 3393 2404 3433 et

265 3473 457 3539 posthac
496 3472 757 3522 videbimus
783 3509 797 3532 ‚
844 3475 1050 3540 aliasque
1088 3472 1146 3522 ab
1188 3474 1288 3537 ipso
1368 3469 1715 3536 pmdieatum.
1747 3468 1864 3516 ibid.

265 3556 493 3607 Baltzerio
536 3556 848 3606 confessiones
890 3559 1112 3622 ingenuas
1161 3557 1290 3604 exci·
1444 3552 1507 3615 (4)
1545 3550 1654 3601 Aac
1685 3549 2031 3602 Erkenntniss.

266 3643 466 3705 piemus.
902 3651 966 3709 ἧς,
1442 3634 1513 3698 (5)
1556 3633 1822 3684 Hermesius
1849 3652 1953 3684 vere
1982 3634 2219 3685 exorditur
2250 3633 2407 3700 inqui-
