2502 4134
332 154 494 197 PART.
542 151 605 191 11.
652 150 775 189 cu.
815 149 860 186 1.
907 146 978 186 m:
1019 144 1178 187 sAcR.
1226 145 1378 183 Lum.
1427 143 1560 185 cm.
1609 145 1676 182 ΕΤ
1719 144 1965 185 AUCTOR.

2079 126 2215 185 ‘49

97 305 260 366 dant.
294 299 589 386 Scriptura
620 292 856 353 nullum
885 290 1114 372 uspiam
1139 309 1379 348 censum
1403 286 1618 346 horum
1639 286 1927 348 librorum
1950 288 2211 350 exhibet.

97 401 242 460 Cum
281 406 477 455 autem
510 392 635 451 haec
669 388 788 448 sola
816 386 1167 445 documenta
1198 385 1353 458 sint,
1388 403 1459 442 ex
1489 382 1699 463 quibus
1725 383 1895 442 nobis
1923 386 2214 464 genuinus

95 515 283 555 canon
327 481 588 549 constare
629 483 850 590 possit
885 480 1112 555 elucet,
1153 479 1405 561 seposita
1443 477 1706 537 Ecclesiae
1743 479 2040 540 catholicae
2083 502 2215 540 auc·

95 589 365 659 toi-itate
405 582 632 642 nullam
672 580 832 640 viam
869 586 1087 635 certam
1115 572 1582 636 Protestantibus
1611 572 1775 632 illam
1803 576 2218 656 respuentibus

96 694 296 765 patere
327 699 496 762 posse
527 677 600 736 ad
634 695 918 735 canonem
958 671 1068 731 sibi
1105 669 1604 731 constituendum.

179 776 280 837 77.
328 777 479 834 Sane
515 791 822 851 nunquam
854 767 963 827 sibi
989 765 1300 827 constitere
1333 763 1679 825 acatholici
1663 786 1726 822 ln
1759 786 2007 824 numero
2036 766 2221 827 libro-

99 894 232 933 rum
262 870 675 930 canonicorum
714 863 1068 923 definiendO.
1113 862 1432 922 Lutherani
1468 859 1542 919 ab
1579 859 1749 919 initio
1789 865 2115 938 rejecerunt
2149 883 2222 922 ex

101 988 396 1028 sacrorum
428 962 748 1022 Bibliorum
763 980 946 1018 censu
971 957 1149 1017 libros
1168 978 1372 1016 omnes
1401 956 1984 1015 deutero-canonicos
2004 957 2226 1017 Veteris

101 1061 358 1123 Foedcris
373 1105 389 1133 ,
408 1079 472 1117 ac
491 1075 693 1116 omnes
716 1051 1299 1113 deutero-canonicos
1330 1052 1480 1110 Novi
1494 1050 1855 1110 Testamenti
1875 1074 1888 1110 :
1919 1052 2227 1133 epistolam

103 1155 376 1218 videlicet
395 1151 471 1211 ad
489 1148 796 1220 Hebrae03‚
828 1143 1135 1227 epistolam
1159 1146 1217 1203 S.
1239 1144 1441 1204 Jacobi
1459 1191 1474 1218 7
1504 1156 1564 1205 et
1588 1145 1822 1205 S.Judae
1839 1192 1855 1222 ,
1882 1148 1933 1206 11
1957 1149 2016 1207 S.
2037 1150 2226 1224 Petri,

107 1253 157 1310 ΙΙ
185 1261 246 1310 et
275 1251 352 1308 ΠΙ
379 1249 439 1305 S.
468 1241 719 1305 'Joannis
749 1262 868 1300 una
899 1262 1033 1300 cum
1057 1241 1421 1323 Apocalypsi.
1456 1242 1736 1303 Calvinus
1772 1245 2068 1326 primique
2106 1251 2228 1324 ejus

105 1343 333 1404 asseclae
367 1339 714 1422 repulerunt
751 1337 974 1419 pariter
1008 1336 1189 1396 libros
1227 1359 1432 1397 omnes
1474 1338 2057 1399 deutero-canonicos
2100 1343 2228 1402 Vct.

103 1441 282 1514 Test.‚
326 1458 460 1496 cum
497 1435 712 1494 'tamen
758 1432 1343 1492 deutero-canonicos
1387 1435 1535 1491 Novi
1577 1436 1732 1494 Test.
1779 1434 1960 1494 libros
2005 1438 2236 1496 retine-

103 1547 235 1598 rent
277 1536 389 1616 (l).
438 1537 561 1608 Qua
600 1532 663 1590 in
703 1551 765 1589 re
809 1529 1085 1592 videntur
1120 1530 1392 1612 antiquos
1433 1530 1608 1590 fuisse
1648 1531 1860 1590 imitati
1895 1531 2235 1610 haemfficoe,

105 1641 505 1714 expungentes
547 1626 831 1686 nimirum
874 1647 982 1706 pro
1029 1624 1296 1685 lubidine
1347 1648 1449 1685 sua
1500 1648 1531 1685 e
1579 1627 1888 1686 Librorum
1935 1650 2238 1690 sacrorum

106 1749 285 1787 censu
305 1771 321 1797 .,
356 1731 499 1807 quos
530 1721 844 1783 cerebrosis
868 1722 984 1780 suis
1014 1723 1359 1783 commentis
1384 1722 1685 1782 adversari
1708 1744 1879 1805 posse
1906 1722 2234 1805 deprehen-

109 1821 327 1882 debant
359 1822 469 1900 (2).
505 1819 898 1880 Protestantes
944 1816 1220 1901 deinceps
1264 1840 1526 1877 seorsum
1564 1820 1788 1901 sumpti
1822 1820 2015 1900 quoad
2060 1821 2233 1883 hosce

107 2012 357 2075 Barnabas,
387 2021 523 2077 prout
553 2021 598 2060 et
621 2021 728 2060 ante
754 2015 909 2076 ipsum
944 2009 1121 2075 praesti—

109 2107 223 2145 terat
249 2097 398 2145 Clem.
423 2096 554 2144 Alex.
577 2092 759 2144 Strom.
785 2095 873 2143 lib.
904 2108 942 2141 11
961 2129 976 2153 ,
1010 2093 1121 2141 edit.

112 2177 231 2228 Pott.
253 2179 417 2227 Venet.
455 2174 578 2244 1757
599 2215 612 2237 ‚
643 2196 747 2243 pag.
776 2174 903 2244 447,
925 2176 1006 2224 ubi
1037 2175 1124 2224 cfr.

116 2259 272 2311 adnot.
300 2259 409 2307 edit.
437 2269 484 2307 et
508 2262 679 2309 iterum
712 2259 832 2306 ibid.
867 2275 967 2322 pag.
993 2254 1092 2323 472
1111 2293 1125 2316 ‚

116 2350 216 2389 tum
243 2340 329 2388 lib.
359 2358 416 2400 v,
442 2355 548 2404 pag.
575 2338 695 2388 683.
718 2339 776 2386 Et
793 2339 898 2387 haeo
918 2340 1131 2402 specimi-

118 2425 192 2470 nis
228 2423 370 2486 gratia
410 2421 615 2469 attulisse
646 2421 876 2480 sufficiat,
911 2429 963 2466 ut
992 2437 1134 2483 appa-

114 2500 243 2562 reat,
287 2514 459 2568 quanta
486 2500 597 2550 olim
633 2505 753 2551 circa
787 2502 1131 2566 Scripturarum

116 2602 337 2634 canonem
366 2584 561 2648 viguerit
586 2583 911 2648 discrepantia.

187 2666 256 2731 (l)
292 2665 392 2715 Cfr.
419 2665 516 2713 Jac.
545 2665 772 2713 Bonfrcrii
798 2664 849 2712 S.
875 2664 921 2713 J.
951 2662 1136 2713 Proelo-

117 2749 233 2812 quia
271 2752 330 2795 in
372 2754 516 2797 totam
561 2747 656 2794 sac.
701 2744 879 2810 Script.
919 2761 1023 2809 cap.
1065 2741 1134 2807 4,

120 2840 228 2879 sect.
261 2846 276 2877 ι
297 2845 313 2892 3
339 2828 557 2877 Janssens
574 2866 587 2889 ‚
620 2846 698 2894 op.
722 2831 804 2877 cit.
826 2826 1000 2876 Herm.
1032 2843 1133 2877 sac-

121 2912 234 2960 edit.
269 2911 407 2959 Paris.
437 2909 588 2970 1833,
615 2920 732 2958 tom.
751 2927 794 2969 1,
814 2910 948 2975 chap.
976 2925 1020 2967 1,
1041 2908 1133 2975 §5.

192 2993 256 3057 (ἃ)
293 2993 360 3041 Ita
405 2993 464 3041 de
503 2991 728 3041 haereticis
768 2992 1049 3040 Marcionitis
1084 2994 1137 3042 in

122 3073 208 3123 lib.
250 3074 330 3122 De
364 3077 635 3140 praescript.
676 3073 838 3124 hoeret.
870 3090 972 3139 cap.
1008 3091 1132 3134 xvn,

130 3155 284 3204 scribit
308 3156 623 3204 Tertullianus
648 3172 662 3205 :
683 3154 788 3204 Ista
820 3154 1012 3204 haeresis
1039 3171 1136 3202 non

129 3235 293 3300 recipit
312 3238 542 3302 quasdam
573 3235 852 3303 Scripturas
860 3256 879 3298 ;
897 3245 940 3285 et
957 3239 1001 3285 si
1017 3252 1137 3300 quas

129 3319 294 3382 recipit
307 3354 323 3380 ,
351 3337 448 3369 non
467 3324 636 3387 recipit
656 3324 871 3386 inteqras
879 3342 897 3378 ;
910 3321 1136 3382 adjectio-

133 3396 274 3445 nibus
301 3410 344 3448 et
372 3402 743 3452 detractionibus
772 3403 837 3451 ad
864 3403 1140 3468 dispositio-

133 3497 242 3528 nem
273 3483 478 3534 instituti
511 3488 593 3535 sui
627 3487 909 3534 intervertit.
946 3485 1017 3534 De
1050 3486 1141 3534 hoc

133 3567 232 3628 ipso
243 3563 557 3616 haeretieorum
569 3586 695 3618 more
709 3569 915 3635 loquitur
923 3567 1138 3628 lrenaeus,

140 3647 303 3695 Contr.
326 3645 494 3697 hoeres.
523 3649 607 3700 lib.
634 3661 653 3699 ἰ
671 3687 686 3712 ,
721 3669 825 3718 cap.
859 3667 924 3700 20
944 3686 961 3716 ,
997 3669 1047 3701 n.
1087 3667 1138 3715 13

216 3726 282 3789 T.
373 3728 467 3785 IX.

1206 2007 1464 2074 Cyprianus
1488 2012 1539 2056 in
1569 2008 1651 2057 lib.
1675 2007 1747 2059 De
1764 2010 1889 2059 unit.
1912 2011 1965 2060 E
1965 2012 2102 2063 coles.
2122 2015 2239 2065 edit.

1214 2093 1295 2139 cit.
1313 2107 1423 2156 pag.
1450 2090 1545 2157 198
1566 2128 1579 2150 ‚
1612 2091 1693 2139 ubi
1712 2091 1953 2142 haereticos
1979 2106 2113 2144 vocat
2130 2113 2237 2145 cor-

1213 2181 1428 2239 ruptores
1440 2171 1489 2222 E
1493 2173 1707 2238 oanyelii
1712 2191 1735 2236 3
1753 2175 1947 2224 Basilius
1960 2178 2029 2227 M.
2041 2179 2173 2228 hom.
2185 2198 2235 2242 v,

1213 2258 1264 2304 in
1304 2254 1596 2311 Heoeaemer.
1633 2275 1685 2306 n.
1721 2255 1752 2306 5
1772 2274 1786 2321 3
1828 2259 2114 2325 Augustinus
2136 2300 2150 2323 ‚
2187 2266 2239 2312 in

1214 2337 1302 2385 lib.
1343 2338 1483 2388 Cont.
1516 2339 1775 2388 Adimam.
1805 2358 1910 2406 cap.
1956 2343 2013 2391 13
2033 2379 2047 2403 ,
2085 2362 2138 2395 n.
2169 2343 2236 2409 4,

1217 2417 1390 2482 aliique
1418 2422 1602 2483 passim.
1631 2419 1773 2468 Porro
1804 2423 1967 2471 cadem
1991 2427 2168 2475 ratione
2189 2444 2239 2477 se

1218 2500 1406 2562 gessisse
1452 2499 1688 2547 haereticos
1728 2508 2034 2565 protestantes
2057 2541 2072 2565 ‚
2120 2507 2236 2556 dum

1219 2590 1490 2644 respuerunt
1537 2581 1682 2629 libros
1727 2584 2189 2636 deutero-canonicos
2220 2625 2234 2649 ,

1219 2662 1383 2709 vadem
1413 2663 1577 2710 damus
1601 2675 1834 2714 auctorem
1866 2676 2195 2731 protestantem
2220 2706 2236 2731 ‚

1219 2745 1300 2808 qui
1321 2746 1421 2809 ejus
1437 2744 1502 2793 rei
1530 2762 1711 2793 causam
1730 2750 1898 2811 aperit,
1916 2766 2086 2815 nempe
2103 2750 2239 2801 Mou-

1217 2823 1331 2874 linie
1348 2863 1361 2884 ‚
1395 2843 1474 2890 op.
1501 2829 1583 2875 cit.
1602 2826 1771 2876 Notzce
1784 2845 1871 2877 sur
1885 2829 1950 2878 les
1965 2830 2107 2893 liores
2126 2849 2240 2899 apo-

1217 2907 1447 2972 cryphes,
1489 2919 1579 2957 etc.
1614 2906 1883 2961 Introduc-t.
1915 2929 2022 2977 pag.
2058 2911 2121 2976 4,
2153 2913 2240 2964 ubi

1219 2989 1377 3039 scribit
1408 3007 1422 3038 τ
1456 2991 1680 3040 Certains
1707 3011 1941 3059 passayes
1980 2996 2061 3044 des
2094 2997 2241 3052 liores

1219 3074 1508 3140 apocryphes
1552 3076 2117 3146 (deutero-canoniques)
2155 3092 2242 3132 ont

1211 3155 1311 3218 fait
1333 3158 1486 3204 croire
1509 3174 1599 3221 que
1621 3156 1668 3205 la
1693 3158 1908 3207 doctrine
1930 3160 1988 3208 de
2002 3179 2078 3209 ces
2093 3161 2237 3212 liores

1218 3237 1386 3286 n'etait
1400 3256 1492 3303 pas
1511 3241 1751 3304 conforme
1778 3242 1808 3288 ὰ
1833 3240 2088 3307 l'analoyie
2107 3245 2165 3294 de
2187 3245 2236 3295 la

1214 3319 1290 3383 foi
1317 3324 1510 3386 (nempe
1546 3322 1763 3370 doctrinae
1784 3324 2102 3374 haereticorum
2120 3330 2156 3390 )‚
2190 3337 2237 3377 et

1218 3400 1313 3450 l'on
1328 3419 1359 3449 a
1379 3403 1549 3452 conclu
1567 3404 1597 3451 ὰ
1618 3403 1665 3452 la
1688 3409 1998 3471 suppression
2017 3407 2075 3456 de
2091 3416 2224 3472 tous,

1218 3494 1468 3551 repassant
1482 3487 1512 3534 ὰ
1524 3493 1638 3535 cette
1660 3490 1880 3558 occasion
1896 3488 1961 3536 les
1977 3489 2233 3555 objections

1220 3566 1360 3631 qn'on
1387 3569 1524 3616 avait
1536 3568 1679 3635 jodis
1715 3574 1932 3637 opposees
1962 3571 1993 3620 ὰ
2018 3570 2122 3620 leur
2146 3589 2231 3622 ca-

1219 3650 1453 3700 nonioite.

1958 3732 1996 3791 4
