2502 4134
200 134 318 194 556

823 158 1019 196 TRACT.
1068 159 1140 197 DE
1184 159 1335 198 Locls
1376 160 1759 203 THEOLOGIGIS·

199 299 513 360 tantismus
564 321 686 358 non
725 310 817 359 est
846 299 958 359 nisi
997 299 1472 375 rationalismus‚
1514 301 1774 364 larvatus
1811 314 2013 367 tamen
2052 327 2339 388 superna-

199 395 543 467 turalism0‚
606 394 707 476 qui
759 416 865 477 per
915 394 1099 454 Biblia
1154 408 1213 455 et
1271 396 1572 477 symbola,
1618 418 1722 458 seu
1772 397 1910 457 fidei
1958 402 2341 482 professiones

205 489 595 551 statuebatur.
647 490 718 548 Et
752 489 877 550 haec
915 491 1156 573 quidem
1177 497 1351 571 jure.

284 587 422 645 319.
477 588 659 646 Facto
696 608 872 667 porro
898 633 914 660 ‚
944 599 1122 668 prout
1157 589 1416 648 secundo
1447 587 1574 648 loco
1606 589 2051 671 proposuimuS‚
2086 593 2343 652 rationa-

201 683 442 742 lismum
481 703 551 740 ex
588 684 1070 764 protestantismo
1117 685 1495 766 progenitum
1536 707 1661 744 esse
1697 697 1876 767 atque
1920 684 1994 743 ad
2034 685 2346 767 perfectio-

203 802 342 839 nem
383 777 749 847 adductum,
798 791 1030 839 constat
1080 802 1149 839 ex
1199 780 1460 841 historia.
1515 781 2034 854 Protestantismus
2076 782 2232 841 enim
2284 783 2348 842 in

205 886 439 936 auctore
469 896 534 934 ac
577 886 823 957 parente
865 897 969 933 suo
1011 875 1194 935 veluti
1227 868 1692 956 persom‘ficizcus
1734 888 1861 950 estg
1904 878 2185 959 quoniam
2210 898 2351 937 vero

205 970 536 1044 LutlierUS‚
609 969 670 1030 vi
726 970 999 1053 principii
1042 993 1074 1030 a
1123 993 1184 1031 se
1233 973 1576 1047 constituti,
1629 972 1715 1031 uti
1766 972 1996 1031 criticus
2049 972 2110 1030 in
2157 970 2352 1031 Bibliis

208 1066 496 1149 expunxit
523 1064 811 1125 librorum
834 1055 1062 1149 partem
1089 1088 1120 1127 e
1149 1088 1326 1128 censu
1351 1068 1769 1127 canonicorum
1789 1114 1805 1143 ‚
1837 1089 1903 1127 ac
1929 1066 2177 1150 proinde
2208 1067 2356 1130 divi-

208 1163 368 1222 nitus
393 1162 812 1244 inspiratorum
849 1163 972 1243 (l);
1013 1163 1098 1221 uti
1122 1175 1364 1243 exegata
1395 1164 1574 1223 talem
1605 1165 1921 1246 Scripturis
1953 1186 2191 1224 sensum
2217 1164 2362 1223 sub-

200 1259 488 1339 J'ectivum
525 1257 791 1333 affinxit,
849 1280 1029 1340 quem
1079 1258 1191 1318 sibi
1241 1260 1303 1318 in
1349 1259 1463 1319 illis
1516 1259 1964 1342 deprehendere
2010 1260 2166 1321 visus
2235 1271 2357 1334 est3

209 1358 297 1416 uti
328 1355 693 1439 dogmaticus
716 1354 846 1415 illos
873 1356 1229 1436 excogitavit
1257 1356 1529 1416 articulos
1554 1403 1569 1432 a
1600 1358 1700 1439 qui
1731 1358 1967 1439 proprie
1989 1355 2363 1416 lutheranam

213 1453 546 1513 doctrinam
595 1452 967 1512 constituunt
1003 1452 1076 1513 de
1119 1465 1359 1535 peccata
1397 1453 1699 1531 originali,
1747 1452 1822 1511 de
1861 1453 2171 1512 amissione
2194 1452 2365 1511 liberi

214 1548 479 1625 arbitrii,
527 1547 602 1609 de
648 1548 767 1608 sola
799 1548 915 1607 fide
947 1550 1348 1625 justificante,
1392 1559 1540 1620 etc.3
1586 1547 1801 1606 exinde
1837 1546 2271 1606 rationalismus
2299 1549 2359 1606 in

212 1645 429 1728 triplici
478 1667 580 1704 sua
623 1644 811 1704 forma
839 1648 1090 1719 critica,
1131 1648 1462 1725 exegetica,
1499 1642 1875 1723 doymatica,
1915 1641 2095 1702 veluti
2127 1663 2197 1702 ex
2231 1665 2363 1723 ger-

212 1743 377 1803 mine
399 1740 709 1801 arbustum
729 1785 746 1815 ,
768 1740 928 1822 quod
957 1751 1158 1821 postea
1182 1740 1245 1798 in
1270 1738 1544 1799 arborem
1571 1738 1757 1800 crevit
1791 1758 2118 1819 omnesque
2143 1737 2364 1798 fructus

222 1860 354 1900 suos
398 1836 682 1917 protulit,
715 1834 987 1895 evolutus
1019 1847 1127 1894 est.

300 1934 439 1994 320.
488 1931 940 1992 Rationalismus
964 1935 1217 1991 criticus
1238 1930 1455 1990 alibris
1489 1929 2050 1990 deutero-canonicis
2071 1929 2146 1989 ad
2163 1941 2365 2013 proto-

218 2030 527 2091 canonicos
569 2050 941 2111 progressum
983 2027 1152 2103 fecit,
1200 2049 1265 2086 ac
1308 2049 1498 2086 unum
1539 2037 1672 2109 post
1720 2025 1900 2085 alium
1943 2027 2061 2085 suis
2089 2071 2104 2100 ,
2153 2026 2365 2109 quibus

217 2127 485 2209 inscripti
533 2136 738 2202 erant,
788 2124 1120 2184 auctoribus
1163 2122 1522 2203 abjudicavit
1574 2135 1704 2181 tum
1769 2122 1993 2182 Veteris
2044 2133 2172 2194 tum
2218 2124 2368 2183 Novi

221 2223 589 2284 Testamenti
603 2221 782 2282 libros
805 2222 919 2303 (2).
951 2221 1409 2304 Inspirationem
1437 2220 1673 2303 penitus
1690 2217 1901 2298 abjecit
1921 2264 1936 2295 ,
1965 2219 2368 2301 spectavitque

293 2451 366 2516 (l)
397 2450 556 2500 Recol.
592 2466 694 2516 quae
733 2447 947 2514 superius
982 2446 1216 2510 habentur
1241 2485 1254 2507 ,

225 2543 347 2600 part.
379 2549 443 2591 ιι,
473 2543 582 2581 sect.
618 2549 664 2591 1,
704 2549 807 2596 cap.
843 2547 877 2579 1.
1097 2587 1099 2591 y

297 2616 365 2682 (2)
404 2616 504 2665 cfr.
528 2615 647 2664 ibid.
682 2613 824 2662 Porro
854 2606 1164 2661 protestantes
1182 2628 1259 2660 or-

227 2699 423 2748 thodoxi
449 2699 600 2748 adnisi
631 2708 739 2746 sunt
774 2699 1048 2761 impugnare
1078 2694 1261 2743 Straus-

228 2784 351 2831 sium
384 2783 495 2848 (qui
516 2782 747 2829 inficiatus
767 2790 836 2828 est
853 2777 1259 2827 authenticitatem

230 2875 428 2931 quatuor
455 2862 841 2928 Evangeliorum‚
868 2861 1183 2921 contendens,
1209 2878 1261 2908 ea

230 2951 419 2998 nonnisi
462 2959 564 3014 post
602 2959 791 2997 centum
835 2963 983 2995 annos
1023 2964 1049 2994 a
1089 2945 1263 2993 Christi

233 3042 385 3081 morte
412 3034 671 3096 conscripta
704 3030 829 3094 esse)
855 3046 911 3079 ex
942 3028 1265 3078 conformitate

234 3113 595 3179 Evangeliorum
638 3130 747 3161 cum
790 3112 974 3161 actibus
1014 3110 1263 3176 Apostolo-

236 3216 364 3247 rum.
404 3198 544 3264 Atqui
580 3199 654 3246 vix
695 3197 877 3262 elapsus
915 3213 1066 3243 annus
1110 3204 1206 3243 erat
1242 3213 1266 3242 a

237 3279 554 3346 publicatione
591 3277 730 3328 Vitoe
759 3277 813 3328 J.
851 3277 935 3338 C'.‚
978 3295 1127 3344 quum
1161 3294 1269 3341 pro-

240 3365 385 3414 fessor
415 3363 726 3428 Tubingensis
761 3365 1063 3429 quaestionem
1101 3378 1270 3427 propo-

242 3449 368 3507 suit,
399 3457 557 3496 utrum
592 3449 746 3495 critica
779 3445 910 3493 nihil
938 3446 1092 3494 adhuc
1114 3452 1275 3511 posset

245 3549 382 3597 super
422 3531 533 3579 Acta
574 3529 824 3595 apostolica
873 3539 919 3578 et
964 3531 1014 3577 in
1060 3527 1273 3592 epistolas

246 3611 421 3666 Pauli?
446 3613 577 3663 Hinc
600 3619 697 3680 ipse
726 3616 862 3678 coepit
883 3629 1151 3679 expungere
1169 3628 1275 3676 pos-

250 3708 392 3748 trema
438 3700 618 3765 capita,
660 3699 711 3746 iu
747 3696 919 3763 quibus
953 3698 1037 3745 iter
1077 3693 1278 3761 Apostoli

1342 2444 1473 2494 Pauli
1493 2444 1693 2493 Romam
1730 2443 1926 2491 refertur
1945 2479 1958 2501 ‚
1988 2450 2033 2490 et
2061 2441 2246 2489 inte-rim
2266 2454 2374 2504 pro·

1343 2530 1515 2586 mittit,
1558 2530 1652 2575 sive
1691 2543 1718 2574 a
1760 2544 1838 2584 se,
1872 2528 1971 2574 sive
2005 2524 2063 2572 ab
2098 2524 2257 2588 aliquo
2286 2520 2375 2569 alio

1343 2613 1480 2660 citius
1510 2614 1653 2658 serius
1680 2609 1974 2656 submissum
2005 2608 2061 2654 iri
2091 2606 2246 2654 critico
2265 2619 2380 2651 exa-

1346 2693 1462 2742 mini
1491 2704 1591 2740 tum
1626 2691 1737 2740 Acta
1787 2690 2106 2757 Apostolorum
2138 2697 2239 2735 tum
2282 2686 2379 2750 epi-

1346 2778 1482 2827 stolas
1510 2794 1671 2824 omnes
1691 2774 1926 2840 Apostoli,
1957 2788 2125 2836 nempe
2151 2769 2208 2818 ad
2222 2785 2275 2817 ea
2298 2782 2378 2815 ex-

1350 2858 1604 2926 pungenda
1665 2876 1690 2907 e
1750 2874 1948 2905 numero
2013 2852 2380 2903 authenticorum

1347 2945 1642 3008 scriptorum.
1683 2939 1885 2989 Primam
1923 2937 2167 3005 epistolam
2199 2932 2258 2982 ad
2290 2929 2373 2978 Ti-

1350 3028 1591 3077 motheum
1629 3028 1823 3075 omnino
1853 3018 2244 3074 Schleiermacher
2275 3013 2377 3078 reii-

1351 3111 1417 3161 cit
1452 3129 1506 3160 ex
1542 3126 1755 3171 canone3
1789 3110 1873 3157 cfr.
1910 3110 2008 3172 ejus
2044 3104 2174 3167 epist.
2224 3097 2382 3148 Ueber

1353 3195 1443 3244 den
1471 3201 1801 3259 soqenannten
1827 3197 1980 3239 ersten
2000 3179 2168 3246 Bries,
2190 3193 2280 3232 etc.
2299 3198 2379 3230 seu

1356 3279 1436 3327 De
1454 3278 1524 3324 sic
1541 3282 1825 3341 nuncupata
1835 3271 2002 3338 prima
2017 3265 2214 3334 epistola
2229 3260 2386 3311 Pauli

1358 3360 1422 3407 ad
1461 3357 1670 3409 Timoth.
1709 3348 1863 3405 Berol.
1909 3349 2051 3415 1807.
2079 3346 2263 3397 Wilcke
2297 3363 2382 3394 ne-

1358 3453 1465 3510 gat,
1507 3439 1756 3506 Evangelia
1787 3435 1989 3484 Matthaei
2025 3443 2070 3481 et
2103 3431 2296 3482 ,loannis
2325 3427 2383 3475 ab

1357 3526 1431 3574 his
1447 3523 1676 3590 Apostolis
1696 3521 1838 3569 fuisse
1870 3519 2130 3581 conscripta
2148 3551 2161 3575 ,
2195 3530 2249 3561 ac
2270 3511 2384 3559 dum

1359 3606 1587 3658 Straussio
1618 3621 1665 3653 se
1690 3603 1920 3669 opponit,
1956 3603 2007 3648 in
2040 3596 2248 3665 pluribus
2272 3611 2385 3642 con-

1362 3691 1488 3741 venit
1523 3704 1629 3736 cum
1668 3687 1783 3751 ipso.
1823 3683 1924 3733 Cfr.
1964 3681 2094 3731 Hine.
2136 3678 2247 3729 crit.
2292 3685 2383 3724 etc.
