2502 4134
293 140 417 199 252
884 161 1082 198 ratior.
1126 162 1195 199 m:
1239 162 1394 202 Locts
1437 166 1811 207 maome-mis·

293 327 472 367 sacra
507 290 714 365 omnia
755 308 1015 363 continet
1043 305 1131 363 ad
1154 307 1409 366 salutem
1446 314 1812 382 neces-sarim·
1844 317 1932 374 ita
1974 324 2074 386 uc,
2112 316 2421 396 quidqmd

292 404 391 461 ihi
408 422 526 460 non
551 402 774 479 leqitur
797 422 902 458 nec
920 403 1105 479 possit
1128 421 1241 478 per
1270 423 1400 460 eam
1416 405 1707 482 probari,
1741 429 1859 467 non
1885 410 2094 469 debeat
2113 412 2192 469 ab
2213 413 2414 492 aliquo

293 500 459 576 emzjqz'
479 506 547 553 ut
575 495 863 553 credatur
884 498 1069 554 veluti
1087 496 1236 574 fidei
1261 500 1599 572 articulus,
1631 512 1744 559 aut
1766 510 1998 562 censeri
2014 509 2413 566 necessarium

291 592 379 649 ad
406 591 658 649 salutem
696 590 909 671 (1).20
937 592 1087 651 Sane
1113 592 1472 674 Scripturam
1498 597 1694 654 omnia
1721 596 1795 657 ad
1819 599 2065 658 salutem
2093 602 2415 661 necessaria

293 687 596 746 continere
617 731 631 759 a
670 685 835 746 facile
865 686 1131 767 colligere
1169 699 1257 747 est
1285 710 1357 748 ex
1384 700 1590 749 natura
1625 712 1690 759 ac
1718 693 1832 751 fine
1872 695 2182 776 Scripturae
2213 697 2412 779 ipsius,

292 780 584 841 Articulus
622 781 756 841 fidei
800 794 887 841 est
934 804 966 841 a
1013 783 1357 843 Tridentino
1388 786 1679 861 sancitus5
1723 789 1920 846 Deum
1962 811 2076 848 esse
2120 793 2414 852 librorum

292 882 568 937 omnium
605 882 952 959 utriusque,
998 884 1206 939 veteris
1244 881 1466 940 scilicet
1505 905 1576 941 ac
1610 886 1751 942 novi
1796 885 2185 959 Testamenti,
2213 899 2417 948 aze-clo-

291 995 419 1032 rem
434 994 456 1042 ;
496 973 572 1033 ob
609 996 785 1057 quem
811 997 950 1036 vero
977 977 1156 1036 finem
1181 979 1334 1036 Deus
1358 976 1519 1037 dedit
1548 979 1902 1061 Scripturam
1921 983 1948 1038 ?
1980 982 2150 1042 Certe
2179 993 2243 1041 ut
2271 975 2417 1042 con·

291 1081 624 1133 servaretur
659 1084 1114 1132 monumentum
1147 1072 1550 1133 authenticum
1576 1095 1691 1135 suae
1717 1074 2106 1136 revelationis,
2138 1078 2279 1158 Ergo
2301 1089 2417 1139 tota

289 1165 402 1225 Dei
425 1165 703 1227 revelatio
726 1169 790 1227 in
813 1169 1106 1251 Scriptura
1128 1170 1414 1229 contineri
1440 1169 1644 1246 debet3
1677 1170 1933 1254 alioquin
1959 1176 2113 1234 Deus
2135 1173 2324 1234 solum
2347 1196 2416 1235 ex

287 1272 461 1343 parte
501 1271 674 1345 atque
709 1263 1049 1347 imperfecte
1087 1266 1263 1325 finem
1302 1264 1647 1327 obtinuisset
1689 1269 1995 1328 creationis
2034 1290 2170 1329 suae.
2204 1271 2262 1330 Si
2291 1270 2418 1333 vult

288 1355 589 1439 legislator
623 1359 775 1441 leges
801 1362 1016 1444 scripto
1041 1363 1379 1443 consignare
1398 1409 1413 1438 ,
1447 1375 1512 1422 ut
1533 1364 1933 1424 authenticum
1959 1368 2019 1424 in
2045 1366 2266 1425 futuras
2297 1389 2418 1426 om-

289 1474 398 1516 :nes
424 1458 824 1536 generationes
853 1458 1190 1520 memoriale
1225 1472 1602 1541 permaneat,
1630 1461 1769 1542 fingi
1799 1462 2002 1543 nequit
2022 1507 2037 1537 ‚
2063 1463 2255 1544 ipsum
2285 1484 2416 1545 par·

287 1560 415 1612 'tem
438 1574 481 1612 a.
496 1553 692 1614 codice
720 1576 956 1614 suarum
978 1554 1172 1636 legum
1196 1576 1321 1615 esse
1344 1557 1715 1615 omissurum.
1746 1558 1875 1639 Ipse
1908 1569 2063 1617 certe
2087 1557 2418 1640 providebit

292 1647 367 1708 de
413 1649 587 1710 modo
633 1672 733 1710 seu
774 1651 999 1711 ratione
1038 1673 1133 1711 eas
1178 1652 1608 1734 interpretandi
1657 1664 1831 1734 atquc
1874 1654 2200 1713 executioni
2238 1675 2416 1712 man-

293 1744 509 1820 dandi3
565 1758 654 1806 ast
707 1769 1014 1829 nunquam
1062 1747 1327 1830 apposite
1377 1748 1611 1806 omittet
1653 1748 1907 1829 aliquam
1948 1747 2140 1829 legum
2189 1761 2417 1831 partem

291 1852 455 1901 extra
478 1841 627 1902 illud
647 1843 1009 1904 memoriale.
1043 1843 1110 1903 3⁰
1137 1846 1423 1904 Praeterea
1453 1845 1501 1903 si
1538 1843 1768 1904 traditio
1796 1847 2059 1925 aliquot,
2088 1855 2153 1904 ut
2181 1857 2416 1906 conten·

291 1935 445 1997 dunt
479 1939 762 2022 pontificii
781 1985 797 2015 7
830 1939 1102 2000 articulos
1127 1940 1247 2000 sola
1271 1941 1647 2016 transmittit,
1676 1963 1855 2024 quare
1881 1964 2001 2000 non
2025 1942 2270 2002 omnes?
2301 1943 2415 2001 Cur

285 2045 579 2122 praetensa
620 2036 1030 2112 incommoda,
1078 2058 1205 2118 quae
1245 2058 1316 2096 ex
1361 2038 1668 2119 Scripturis
1702 2038 2095 2120 proveniunt,
2127 2037 2412 2097 declinata

284 2147 412 2190 :non
446 2130 630 2192 sunt?
664 2133 897 2193 Etenim
936 2142 1035 2191 aut
1069 2134 1338 2193 veritates
1359 2178 1374 2208 7
1403 2152 1529 2214 quae
1570 2131 1688 2191 sola
1724 2132 2035 2192 traditione
2065 2133 2414 2192 transmissae

285 2223 602 2303 dicuntur,
643 2248 803 2309 aeque
838 2228 1171 2289 necessariae
1213 2239 1354 2287 sunt
1390 2249 1455 2287 ac
1488 2227 1602 2288 illae
1638 2249 1765 2310 quae
1794 2229 2020 2310 scriptis
2050 2240 2189 2287 sunt
2221 2238 2418 2288 trans*

282 2323 510 2399 missae,
543 2333 645 2382 aut
677 2345 836 2398 non3
869 2325 916 2382 si
946 2324 1209 2406 primum
1241 2323 1504 2399 dicatur,
1544 2323 1704 2383 nulla
1749 2335 1993 2406 apparet
2022 2325 2169 2383 ratio
2190 2371 2205 2399 3
2239 2345 2417 2406 quare

283 2420 441 2479 Deus
462 2465 477 2495 7
516 2420 616 2502 qui
652 2419 829 2479 modo
858 2419 1135 2479 uniformi
1178 2441 1354 2500 opera
1393 2441 1494 2478 sua
1527 2419 1719 2478 moliri
1758 2418 1903 2479 solet
1925 2467 1941 2496 v
1977 2418 2225 2482 voluerit
2257 2441 2419 2501 aeque

284 2516 637 2577 necessarias
682 2516 957 2577 veritates
1010 2516 1226 2599 partim
1273 2537 1379 2598 per
1418 2517 1777 2599 Scripturam
1823 2517 2037 2600 partim
2084 2538 2188 2599 per
2236 2515 2418 2574 solam

285 2612 688 2673 Traditionem
723 2613 1159 2686 transmittere3
1200 2613 1248 2671 si
1293 2612 1542 2671 alterum
1587 2611 1848 2687 dicatur,
1893 2634 2028 2693 ergo
2067 2613 2112 2671 si
2150 2632 2275 2695 quae
2315 2632 2420 2694 per

285 2707 687 2769 Traditionem
725 2709 1079 2768 transmissae
1122 2719 1260 2767 sunt
1305 2708 1579 2770 veritates
1609 2753 1624 2779 .,
1673 2709 1749 2768 ad
1789 2708 2037 2768 sal-utem
2087 2707 2421 2768 necessariae

284 2826 407 2868 non
448 2817 587 2865 sunt
621 2806 732 2888 (2).
775 2806 843 2865 4⁰
877 2807 1128 2864 Rursum
1168 2806 1213 2863 si
1245 2804 1362 2865 sola
1395 2803 1651 2863 Traditio
1681 2804 1856 2886 plene
1894 2805 2182 2865 sufficiens
2212 2804 2321 2863 fuit
2347 2802 2423 2862 ad

285 2902 813 2963 'transmittendam
834 2902 1163 2962 doctrinam
1188 2900 1565 2960 christianam
1590 2900 1653 2958 in
1678 2921 1882 2960 omnes
1909 2911 2106 2960 aetates
2126 2946 2141 2975 ,
2170 2898 2421 2981 supponi

285 3000 494 3081 nequit
522 3009 819 3059 exaratam
851 2998 927 3057 ad
958 2998 1068 3057 hoc
1103 2998 1278 3057 fuisse
1312 2996 1671 3078 Scripturam
1695 3042 1710 3069 v
1751 2997 1881 3076 quia
1929 2999 2082 3055 Deus
2124 2995 2271 3053 sicut
2300 3015 2420 3052 non

291 3092 453 3153 deest
476 3096 537 3153 in
563 3094 898 3155 necessariis
915 3140 930 3170 ,
956 3094 1037 3151 ita
1059 3114 1180 3152 non
1205 3091 1468 3152 abundat
1490 3091 1553 3150 in
1578 3089 1910 3172 superfluis.
1933 3092 1974 3150 E
1995 3092 2420 3171 Scripturarum

287 3190 541 3271 proinde
570 3191 874 3252 existentia
904 3190 1114 3249 merito
1141 3189 1445 3248 inferimus
1465 3233 1481 3263 .‚
1516 3186 1911 3246 Traditionem
1949 3184 2130 3244 solam
2179 3185 2423 3244 minime

290 3284 675 3345 sufficientem
707 3286 880 3346 fuisse
910 3284 985 3345 ad
1016 3285 1520 3345 conservationem
1557 3282 1889 3343 christianae
1918 3281 2196 3341 doctrinae
2225 3282 2287 3339 in
2318 3282 2423 3339 Ec-

291 3380 461 3440 clesia
481 3381 759 3441 catholica
783 3405 890 3465 per
914 3404 1117 3443 omnes
1140 3393 1361 3441 aetates.
1385 3380 1452 3439 5⁰
1476 3380 1768 3461 Scriptura
1787 3376 2071 3437 nonnulla
2088 3377 2425 3459 complecti-

293 3487 390 3537 tur
421 3475 494 3536 ad
525 3477 883 3557 Religionem
928 3477 1088 3538 haud
1125 3476 1454 3538 essentialia
1476 3522 1492 3550 .,
1528 3475 1847 3554 cujusmodi
1879 3485 2018 3532 sunt
2037 3495 2126 3533 ex.
2161 3497 2244 3555 gr.
2282 3474 2424 3533 ritus

364 3685 432 3751 (1)
472 3685 539 3734 Ita
557 3684 762 3749 palmer,
782 3703 859 3751 op.
873 3689 949 3737 eit.
969 3687 1139 3750 vol.11‚
1162 3704 1323 3753 capa.
1473 3683 1539 3748 (ἓ)
1573 3682 1697 3732 lbid·
1729 3700 1833 3749 Pag-
1866 3679 1899 3730 8
1926 3692 1969 3731 Θῑ
1999 3699 2127 3748 seqq·
