2502 4134
2113 140 2232 201 309

398 157 559 199 mur.
606 159 668 198 11.
715 158 865 198 snm.
911 158 976 196 11.
1025 159 1149 197 GAP.
1188 160 1257 197 11.
1306 159 1376 199 DE
1417 159 1551 198 MEn.
1596 160 1728 199 GEN.
1775 158 1943 199 Titan.

116 312 361 378 statuat,
385 300 672 383 praecipue
696 310 897 358 contra
920 320 1293 359 communem
1317 300 1682 382 antiquitatis
1708 322 1944 360 sensum
1960 345 1977 376 ,
2003 311 2063 361 et
2092 300 2229 361 abs-

115 419 227 480 que
252 398 413 476 gravi
449 406 749 455 momento
769 440 785 469 ,
822 395 967 454 adeo
992 407 1057 453 ut
1080 416 1271 477 neque
1297 394 1599 456 levissimis
1639 396 1979 474 conjecturis
1996 441 2011 470 ,
2038 401 2230 478 neque

112 491 432 574 puerilibus
465 489 823 564 rationibuS,
865 501 966 548 aut
1007 511 1077 549 ex
1115 501 1460 570 argumento
1501 511 1659 550 mere
1696 492 2002 570 negativ0,
2045 512 2115 550 ex
2161 512 2229 550 eo

113 589 461 669 deprompto
497 587 654 667 quod
693 587 839 645 forte
879 607 968 644 res
1007 586 1175 644 aliter
1215 606 1276 644 se
1315 584 1588 642 habuerit
1621 596 1722 643 aut
1765 585 1979 645 habere
2017 597 2230 667 potue-

112 683 190 740 rit
210 727 228 756 ,
263 704 328 742 ea
364 683 426 740 in
464 681 708 741 dubium
740 692 1123 754 revocentur,
1160 679 1459 737 autetiam
1491 689 1809 759 negentur,
1842 702 1971 761 quae
1995 681 2230 740 aliunde

111 778 290 838 fidem
318 777 702 837 obtinuerunt
730 776 886 859 apud
918 778 1071 837 viros
1109 796 1308 855 graves
1346 786 1406 835 et
1439 774 1757 856 prudentes
1781 819 1797 850 ,
1838 787 1897 835 ct
1934 778 2232 835 communi

113 873 329 932 calculo
365 873 609 956 probata
657 884 796 931 sunt
833 873 954 950 (1.);
997 871 1062 930 30
1098 870 1275 931 debet
1317 891 1439 930 esse
1481 869 1744 928 modesta
1789 891 1853 929 ac
1889 870 2075 931 sobria
2097 917 2114 946 ,
2150 873 2231 931 ita

116 981 182 1028 ut
228 991 347 1027 non
394 969 714 1047 refragetur
762 966 1059 1025 communi
1108 969 1347 1024 Patrum
1392 965 1629 1036 sensui,
1676 963 1938 1025 Ecclesiae
1976 966 2230 1045 judiciO,

118 1065 506 1124 Conciliorum
538 1075 640 1123 aut
675 1065 1067 1121 Romanorum
1105 1062 1454 1120 Pontificum
1486 1059 1888 1122 decisionibus,
1911 1065 2043 1122 Non
2073 1064 2232 1122 enim

117 1160 428 1220 defuerunt
443 1205 458 1234 ,
494 1158 592 1239 qui
625 1157 814 1215 inanis
857 1154 1157 1234 cujusdam
1181 1155 1319 1213 artis
1342 1156 1566 1214 critices
1591 1154 1837 1214 obtentu
1861 1148 2056 1217 omnia
2080 1179 2234 1239 pene

116 1254 425 1332 Religionis
451 1250 845 1310 'fundamenta
883 1248 1164 1309 subruere
1202 1249 1393 1308 adnisi
1431 1251 1549 1309 sint
1583 1250 1692 1330 (2).

190 1348 330 1406 469.
377 1348 515 1405 Tres
547 1366 796 1404 canones
834 1345 1057 1426 profert
1094 1344 1412 1426 statuitque
1454 1346 1683 1420 CanuS,
1727 1344 1947 1427 quibus*
1975 1346 2227 1408 historias

109 1443 511 1502 auctoritatem
556 1439 894 1521 complexus
931 1450 1052 1514 est,
1095 1451 1381 1521 quatenus
1418 1460 1485 1499 ea
1530 1439 1831 1520 theologus
1867 1442 1956 1500 uti
1994 1443 2057 1500 in
2097 1465 2228 1504 rem

109 1558 274 1596 suam
317 1541 536 1616 potest.
585 1537 735 1594 Sunt
785 1545 981 1593 autem
1018 1556 1031 1592 :
1085 1535 1173 1608 1¹²⁵,
1220 1536 1438 1593 Praeter
1484 1546 1746 1594 auctores
1792 1557 1982 1597 sacros
2035 1537 2233 1596 nullus

108 1631 409 1690 historicus
447 1640 637 1689 certus
676 1651 796 1689 esse
830 1640 1058 1711 potest,
1090 1628 1152 1687 id
1182 1639 1306 1704 est,
1342 1628 1586 1688 idoneus
1634 1629 1709 1688 ad
1741 1630 2065 1690 faciendam
2110 1653 2235 1690 cer—

106 1739 228 1786 tam
256 1727 318 1786 in
342 1725 627 1805 theologia
660 1723 838 1784 fidem
861 1723 968 1805 (3).
1003 1725 1113 1793 11⁰⁵,
1145 1725 1416 1783 Historici
1446 1746 1648 1804 graves
1668 1771 1684 1801 ,
1723 1725 1924 1808 quales
1955 1725 2233 1785 nonnulli

176 1946 238 2010 (l)
275 1943 374 1995 Csr.
409 1963 509 2011 quae
544 1946 655 1993 scite
684 1944 904 1993 adversus
935 1943 1123 1992 Launo-

104 2022 207 2093 jum
240 2027 466 2075 dissertat.
495 2026 575 2074 De
599 2028 883 2074 auctoritate
902 2027 1126 2090 ‘neqantis

107 2112 376 2174 arqumenti
403 2147 416 2166 ‚
469 2110 627 2158 scribit
673 2109 726 2158 P.
780 2109 1041 2157 Honoratus
1097 2128 1122 2158 a

108 2191 160 2241 S.
181 2193 324 2240 Maria
341 2229 354 2250 ,
381 2195 431 2239 in
462 2210 535 2256 op.
562 2194 640 2240 cit.
661 2191 710 2239 A
716 2191 1126 2239 nimadversioues

110 2275 166 2321 in
198 2272 385 2337 requlas
418 2280 462 2319 et
499 2289 643 2319 usum
674 2274 893 2329 critices,
923 2283 1038 2321 tom.
1072 2290 1122 2333 1,

110 2355 285 2403 dissert.
314 2353 343 2401 3
366 2391 380 2414 ,
409 2363 494 2402 art.
526 2369 575 2401 2.
605 2353 718 2401 Tota
741 2353 1126 2420 Launojaniaedi·

109 2438 204 2485 ficii
233 2437 404 2496 moles,
426 2446 597 2501 quanta
618 2445 709 2495 est,
739 2438 891 2500 inquit
923 2432 1126 2499 perbelle

110 2520 341 2568 Thiersius
359 2555 372 2578 ,
407 2521 456 2565 in
486 2517 689 2580 Deseris.
723 2516 953 2564 adversus
983 2515 1121 2563 Lau-

106 2603 211 2666 noji
237 2599 491 2665 appendic.
524 2599 589 2646 ad
608 2597 802 2646 dissert.
835 2597 893 2645 de
917 2597 1127 2644 auctori-

109 2691 205 2730 tate
239 2682 464 2745 negantis
503 2680 809 2743 arqumenti‚
847 2681 898 2726 in
934 2687 1127 2742 negante

110 2773 409 2829 argumento,
442 2779 536 2827 quo
567 2764 819 2825 praesertim
845 2762 897 2807 in
926 2774 1126 2824 sequen-

109 2846 231 2894 tibus
257 2845 386 2892 libris
410 2862 520 2891 usus
542 2853 609 2891 est
630 2842 888 2908 Launojus,
904 2851 1127 2907 tanquam

110 2922 371 2976 cardinibus
406 2925 607 2974 volvitur
638 2941 692 2972 ac
726 2923 990 2972 revolvitur.
1027 2922 1125 2971 Csr.

110 3006 406 3056 Prodromus
442 3006 596 3055 Joan.
642 3005 864 3070 Launoji
895 3020 1124 3071 operum,

113 3088 219 3137 edit.
236 3089 440 3138 Coloniae
456 3088 772 3152 Allobrogum,
796 3086 916 3151 1731
932 3123 946 3147 ,
962 3095 1125 3147 tom-1,

115 3183 219 3234 pag.
256 3186 334 3236 19.

184 3251 249 3313 (2)
285 3252 381 3302 Jos.
414 3252 633 3313 Gautier,
674 3253 724 3300 in
751 3252 837 3300 cit.
868 3246 1131 3298 Prodromo

117 3331 182 3380 ad
205 3333 556 3399 ,Thecla-qiam,
590 3337 702 3385 diss.
741 3335 803 3394 3,
844 3351 946 3398 cap.
986 3333 1048 3391 3,
1089 3341 1134 3380 et

119 3423 207 3462 art.
231 3430 259 3461 2
279 3451 293 3475 ,
324 3413 394 3463 De
413 3416 729 3465 adminiculis
756 3415 972 3463 historice
991 3422 1033 3460 et
1054 3428 1135 3460 ar-

121 3497 186 3543 tis
214 3497 396 3544 criticoe
424 3499 481 3545 in
509 3498 738 3564 theoloqia
756 3534 771 3555 ‚
808 3496 895 3545 ubi
930 3495 1135 3544 breviter

120 3579 424 3625 inveniuntur
466 3580 655 3642 collecta
694 3597 754 3629 ex
792 3577 1135 3644 probatioribus

122 3657 389 3708 auctoribus
406 3695 420 3721 ,
449 3675 549 3726 quae
577 3661 632 3710 ad
663 3677 864 3727 praesens
892 3675 1138 3725 argumen-

1210 1954 1311 1993 tum
1339 1945 1624 1994 referuntur.
1653 1942 1700 1992 Si
1722 1946 1825 2011 quis
1845 1962 1951 1994 vero
1971 1943 2232 1994 uberlorem

1207 2029 1520 2091 cognitionem
1572 2038 1751 2092 exoptat
1773 2063 1788 2087 ,
1845 2028 1977 2076 adeat
2027 2038 2233 2076 auctores

1207 2111 1308 2158 citt.
1332 2112 1561 2174 praecipue
1580 2126 1683 2158 vero
1701 2109 1990 2157 Honoratum
2011 2127 2034 2157 a
2052 2108 2103 2158 S.
2126 2109 2230 2157 Ma-

1207 2194 1276 2239 ria
1291 2229 1304 2250 ‚
1328 2194 1408 2256 qui
1427 2193 1741 2256 copiosissime
1761 2209 1814 2240 ac
1831 2191 1974 2240 solide
1993 2209 2091 2239 rem
2112 2191 2234 2239 hanc

1206 2283 1453 2337 pertractat

1276 2351 1345 2417 (3)
1386 2353 1490 2401 Lib.
1533 2370 1580 2400 x1
1601 2389 1614 2411 ,
1661 2369 1763 2416 cap.
1814 2349 1847 2413 4
1871 2387 1885 2410 ,
1937 2351 2156 2400 conclusa
2188 2369 2239 2402 ι..

1207 2433 1432 2482 Nonnulli
1464 2444 1618 2481 tamen
1643 2433 1958 2492 adnotarunt,
1990 2436 2054 2481 rei
2085 2433 2231 2481 alicu·

1203 2518 1280 2581 jus
1309 2515 1382 2563 vel
1412 2516 1470 2562 ab
1497 2517 1636 2562 unico
1663 2516 1802 2562 etiam
1832 2514 2048 2562 historico
2079 2514 2230 2561 relatae

1207 2612 1339 2660 posse
1378 2605 1584 2643 constare
1627 2594 1951 2643 certitudinem
1971 2632 1986 2655 ,
2028 2597 2064 2642 si
2109 2596 2225 2643 ratio

1206 2677 1431 2725 habeatur
1447 2687 1546 2724 tum
1566 2676 1623 2724 ad
1641 2678 1704 2723 rei
1721 2686 1932 2724 naturam
1952 2713 1966 2736 ,
1999 2692 2108 2741 quae
2123 2693 2232 2733 nar-

1206 2769 1360 2820 ratur,
1386 2776 1485 2824 quae
1499 2776 1572 2806 ex.
1593 2774 1662 2822 gr.
1681 2760 1740 2805 sit
1762 2757 1946 2823 publica
1963 2791 1979 2819 ‚
2009 2757 2232 2806 referatur

1208 2840 1268 2887 ab
1307 2850 1492 2888 auctore
1533 2854 1717 2898 coaevO,
1761 2847 1807 2887 et
1849 2855 1902 2887 ex
1940 2855 2033 2903 qua
2064 2854 2223 2901 graves

1208 2920 1442 2986 pendeant
1477 2921 1667 2970 effectus
1711 2922 1807 2969 sive
1845 2921 2225 2983 consecutiones,

1209 3012 1311 3051 tum
1344 3004 1404 3051 ad
1428 3005 1823 3062 circumstantias,
1855 3019 1954 3067 quae
1973 3002 2083 3050 tales
2103 3002 2225 3061 sint,

1210 3094 1266 3132 ut
1293 3101 1389 3132 non
1418 3087 1648 3150 potuerint
1671 3084 1900 3148 confingi,
1923 3093 1972 3131 et·
1994 3100 2020 3130 a
2038 3081 2228 3130 nemine

1210 3167 1383 3215 fuerint
1419 3166 1629 3214 falsitatis
1671 3164 1957 3228 reprehensae
1979 3199 1993 3223 ‚
2037 3173 2140 3211 tum
2174 3161 2234 3211 ad

1211 3250 1473 3312 gravitatem
1491 3252 1538 3294 et
1555 3247 1865 3293 sinoeritatem
1880 3245 2094 3293 auctoris,
2109 3241 2236 3290 Sane

1211 3347 1297 3378 nos
1319 3347 1416 3377 non
1442 3328 1583 3376 semel
1601 3328 1854 3376 auctoritati
1877 3327 2015 3374 unius
2033 3325 2233 3373 auctoris

1214 3413 1578 3477 acquiescimuS,
1609 3409 1796 3473 quando
1821 3410 1870 3455 in
1891 3425 1991 3455 eam
2020 3406 2125 3454 talia
2147 3403 2232 3452 ad-

1211 3491 1375 3559 juncta
1403 3500 1710 3548 concurrant,
1744 3505 1846 3556 quae
1873 3505 2061 3537 omnem
2089 3484 2235 3536 dubi-

1220 3574 1351 3624 tandi
1378 3574 1693 3639 suspicionem
1722 3571 1983 3633 eliminent.
