2502 4134
2070 134 2185 195 461

284 158 443 196 PAn'r.
486 156 578 194 111.
625 155 772 194 SECT.
817 155 854 194 1.
898 156 1021 194 GAP.
1070 156 1111 194 1.
1160 157 1229 193 ΒΕ
1272 153 1399 194 ΒΔΤ.
1446 156 1575 194 ΔΝΤ.
1629 154 1739 194 ru).
1779 152 1965 194 SPECT.

66 299 382 362 necessario
421 297 680 379 agnoscit
715 299 800 356 uti
838 299 1024 375 reale,
1067 318 1134 361 ac
1161 298 1414 357 maxime
1447 297 1576 357 illas
1611 293 1802 371 vires,
1839 319 1971 380 quae
1991 297 2185 379 digni-
2256 371 2259 378 1

62 407 245 455 tatem
283 392 536 453 hominis
566 414 741 475 supra
772 403 964 454 cetera
995 393 1154 454 entia
1187 393 1484 453 terrestria
1521 392 1873 468 ostendunt,
1901 404 1970 452 ut
2011 395 2185 453 intel-

64 494 372 572 liyentiam
388 533 412 562 ,
443 490 774 548 libertatem
790 535 810 559 ,
838 488 1363 568 beneficentiamin
1390 499 1611 546 ceteros
1631 533 1647 562 .‚
1678 498 1791 547 etc.
1822 498 1883 547 et
1907 486 2186 570 reprobat

7 631 11 636 -
63 585 370 646 contraria.
399 585 552 645 Hinc
571 584 719 643 ratio
734 583 989 666 practica
1009 604 1181 642 suum
1202 603 1545 664 supremum
1573 587 2006 661 imperativum
2027 594 2186 643 cate-

55 686 333 762 goricum
373 680 453 738 ita
492 678 746 761 profert:
780 679 1199 757 Eabibepure
1233 688 1287 736 et
1326 698 1500 737 serva
1533 682 1602 736 in
1627 689 1680 736 te
1710 689 1766 736 et
1794 684 1864 737 in
1887 680 2032 738 aliis
2054 680 2186 759 diq-

62 781 313 835 nitatem
337 776 676 836 humanam
704 774 814 855 (l).
845 774 999 833 Hinc
1035 773 1289 855 imponit
1318 773 1462 832 fines
1488 772 1772 855 practicos
1808 794 1911 832 seu
1936 773 2184 835 morales

63 874 452 939 necessarios‚·
490 869 631 929 hinc
671 874 1075 928 necessitatem
1112 858 1397 928 moralem
1418 913 1434 943 ,
1474 868 1735 927 strictam
1775 867 1997 929 scilicet
2033 868 2186 928 obli-

66 968 360 1046 gationem
393 964 578 1048 parit3
609 965 828 1047 quippe
856 964 1003 1023 ratio
1033 974 1122 1024 est
1149 965 1486 1044 leqislatria
1514 962 1823 1044 legemque
1856 985 2023 1023 suam
2045 985 2186 1023 san-

67 1062 259 1121 ctione
271 1061 618 1135 communit.,
639 1080 854 1140 nempe
875 1060 1288 1139 reprobatione
1311 1057 1409 1122 vel
1422 1058 1840 1139 repudiatione
1867 1062 1970 1135 sui
1991 1061 2188 1140 ipsius

67 1157 129 1215 in
168 1178 297 1231 εοε,
337 1155 438 1237 qui
468 1154 630 1214 illam
674 1153 894 1216 violant
918 1155 1032 1235 (2).

149 1250 286 1311 176.
333 1252 500 1309 Nunc
529 1249 705 1330 igitur
728 1249 935 1330 quaerit
960 1248 1300 1309 Hermesius
1327 1269 1342 1309 t
1373 1268 1522 1307 num
1543 1245 1715 1306 detur
1745 1258 1946 1307 tutum
1966 1249 2186 1308 admit-

66 1359 179 1406 tere
209 1366 324 1424 pro
358 1365 489 1403 vero
518 1365 591 1402 ea·
631 1348 866 1403 motivis
897 1346 1125 1423 finiam
1158 1345 1490 1402 moralium
1536 1347 2045 1415 necessariorum,
2083 1365 2188 1404 seu

65 1439 270 1499 clarius
300 1460 314 1495 :
350 1459 502 1496 num
535 1459 608 1495 eat
624 1441 906 1516 practica
935 1441 1172 1496 ratione
1199 1439 1495 1517 obliyante
1512 1441 1707 1516 possit
1737 1459 2014 1517 urzqaam
2042 1441 2190 1499 dari

62 1535 373 1592 necessitas
396 1532 765 1591 admittendi
804 1532 1053 1611 aliquid
1091 1532 1115 1611 (
1136 1531 1393 1613 aliquam
1432 1536 1826 1612 cognitionem
1847 1532 2003 1612 )pro
2027 1556 2185 1608 vero,

63 1630 224 1707 quod
252 1629 552 1687 theoretice
594 1632 678 1686 sit
710 1628 1080 1696 dubitabile3
1108 1648 1183 1686 en
1215 1626 1388 1706 hujus
1414 1626 1686 1687 secundae
1719 1629 1991 1688 sectionis
2026 1628 2189 1708 obje-

63 1735 244 1783 ctum.
281 1724 651 1802 Affirmative
687 1723 1069 1803 quaestionem
1100 1722 1339 1784 resolvit
1369 1723 1703 1782 Hermesius
1733 1744 1806 1783 ex
1834 1724 1956 1783 istis
1979 1724 2190 1806 princi-

65 1820 212 1900 piis:
201 1818 427 1877 ,Omne
446 1820 879 1897 imperativum
895 1839 998 1879 seu
1014 1817 1270 1876 officium
1287 1819 1626 1878 absolutam
1641 1818 1883 1878 rationis
1899 1799 2191 1899 practicoe

66 1913 243 1994 exigit
292 1912 756 1986 observantiam,
804 1933 871 1970 ac
919 1911 1166 1994 proinde
1206 1933 1383 1972 omne
1419 1911 1524 1985 id,
1569 1914 1695 1973 sine
1733 1936 1851 1996 quo
1891 1913 2192 1976 observari

67 2031 187 2068 non
219 2019 442 2088 possen
478 2007 637 2090 atqui
683 2017 822 2066 sunt
862 2006 1033 2088 plura
1080 2008 1369 2089 principia
1418 2029 1519 2067 seu
1554 2007 1740 2067 officia
1786 2008 2026 2068 moralia
2055 2009 2191 2069 uni-

68 2103 310 2164 versalia
350 2105 658 2175 absoluta,
711 2122 874 2184 quae,
919 2103 1032 2161 nisi
1074 2104 1362 2161 admittas
1404 2125 1524 2182 pro
1574 2108 1732 2163 veris
1779 2104 1909 2164 illas
1942 2105 2190 2164 circum-

70 2199 311 2257 stantias
333 2200 470 2257 licet
488 2199 787 2257 theoretice
814 2198 1178 2257 dubitabiles
1193 2240 1215 2269 ,
1243 2199 1305 2255 in
1328 2196 1539 2279 quibus
1559 2198 1727 2258 unice
1757 2198 1858 2258 illa
1881 2199 2143 2279 obligant
2170 2245 2188 2277 .,

69 2312 171 2350 seu
206 2292 389 2352 officia
424 2295 696 2352 absolata
737 2304 908 2367 sunt,
951 2296 1077 2369 jam
1111 2315 1235 2351 non
1274 2303 1512 2374 possent
1554 2292 1822 2375 implerit,
1877 2316 2012 2374 ergo
2043 2295 2191 2355 ratio

57 2391 337 2465 practica
366 2388 619 2470 imponit
639 2389 703 2446 in
732 2388 800 2446 iis
828 2385 1054 2447 casibus
1085 2388 1492 2447 necessitatem
1515 2389 1882 2448 admittendi
1891 2411 2012 2468 pro
2036 2393 2192 2450 veris

68 2486 558 2543 circumstantias
607 2483 734 2543 illas
772 2484 794 2562 (
829 2505 932 2543 seu
986 2482 1147 2543 illam
1198 2483 1591 2562 cognitionem
1632 2485 1657 2562 )
1703 2483 1839 2544 licet
1886 2485 2190 2546 theoretice

69 2579 428 2638 dubitabiles
458 2577 567 2660 (3).

137 2812 202 2875 (l)
238 2812 442 2861 Adnotat
487 2812 748 2862 Hermesius
766 2850 780 2874 ,
827 2812 954 2879 quod
978 2850 991 2873 ‚
1043 2814 1082 2860 si

70 2904 229 2958 agatur
255 2895 312 2943 de
330 2894 629 2960 perficienda
648 2895 735 2943 hac
751 2895 954 2944 humana
979 2881 1081 2962 dig-

71 2978 238 3037 nitate,
257 2987 369 3025 tunc
381 2979 495 3025 ratio
509 2979 708 3042 practica
734 2995 830 3026 non
854 2976 1053 3043 imperat
1067 3012 1081 3037 ,

74 3056 150 3104 sed
176 3056 382 3107 hortatur
417 3068 461 3107 et
495 3056 712 3108 consulit.

144 3137 205 3202 (2)
240 3139 469 3190 Praetica
498 3143 646 3202 ratio,
684 3143 772 3201 ait,
796 3150 864 3189 est
895 3138 1085 3205 leqisla-

75 3218 174 3265 trix
204 3218 590 3288 (Gesetzgeberin
608 3224 664 3285 ),·
683 3221 969 3271 sensualitas
994 3239 1087 3270 au·-

79 3307 171 3346 tem
202 3316 530 3369 nequaquam,
562 3323 668 3370 pag.
704 3322 819 3354 210.
840 3303 960 3370 Ipsa
994 3305 1087 3351 im-

72 3389 214 3445 perat
256 3401 276 3431 .·
311 3383 392 3432 Tu
424 3385 622 3436 debes...
653 3385 757 3436 Per
793 3385 1088 3434 accedentem

72 3479 269 3527 poenam
287 3466 634 3531 repudiationis
655 3471 737 3518 sui
758 3470 910 3536 ipsius
924 3468 1086 3533 (hmno

79 3545 256 3610 quippe
285 3546 499 3612 reprobat
533 3565 581 3598 se
615 3550 807 3617 ipsum)
838 3550 1088 3615 accipiunt
1115 3582 1118 3587 -

81 3626 285 3690 imperia
309 3629 512 3677 rationis
534 3633 764 3696 practicae
790 3633 1086 3681 sanctionem

1165 2811 1321 2877 layum
1336 2847 1355 2875 ‚
1395 2818 1543 2862 aut...
1579 2812 1706 2876 quod
1740 2812 1870 2861 idem
1903 2821 2006 2873 est,
2038 2815 2190 2880 impo-

1165 2901 1292 2942 nunt
1330 2894 1470 2942 nobis
1511 2892 1736 2942 moralem
1774 2896 2101 2943 necessitatem
2133 2911 2191 2944 ea

1167 2975 1421 3043 implendi.
1450 2992 1554 3042 pag.
1590 2991 1704 3042 209.
1741 2974 1881 3025 Plura
1916 2977 1993 3025 hic
2028 2993 2191 3026 occur·

1168 3068 1322 3107 rerent
1340 3059 1546 3107 notanda
1574 3058 1632 3108 de
1657 3059 1747 3107 hoc
1767 3058 1932 3107 morali
1949 3069 2192 3125 systemate

1168 3142 1459 3190 hermesiano
1478 3178 1491 3201 ‚
1535 3141 1616 3189 ubi
1652 3143 1769 3189 ratio
1799 3151 1867 3189 est
1897 3151 2188 3204 amaracina,

1170 3222 1327 3272 educit
1357 3241 1382 3271 e
1419 3224 1569 3272 fundo
1601 3240 1684 3272 suo
1721 3223 1869 3288 legem
1894 3225 2194 3289 strictamque

1171 3304 1500 3370 obligationem
1520 3342 1534 3365 ‚
1570 3307 1768 3370 imperat
1790 3304 1880 3353 sibi
1901 3307 1987 3371 ipsi
2010 3316 2056 3354 et
2080 3306 2191 3356 obe-

1172 3386 1272 3435 dire
1311 3385 1462 3435 debet.
1505 3386 1628 3451 Quid
1657 3386 1880 3436 moralem
1908 3385 2068 3436 Kantii
2109 3388 2192 3437 do-

1169 3469 1363 3517 ctrinam
1388 3468 1578 3517 exhibet
1616 3463 1839 3517 fidelius?
1870 3467 1962 3519 Sed
1984 3471 2191 3518 innuisse
2246 3462 2248 3464 ’

1170 3561 1238 3599 sat
1264 3559 1382 3601 esto.

1241 3630 1303 3695 (3)
1338 3631 1544 3696 Longam
1575 3631 1936 3697 disputationem
1966 3631 2190 3681 Hermesii
