<?xml version="1.0" encoding="UTF-8"?>
<!DOCTYPE html PUBLIC "-//W3C//DTD XHTML 1.0 Transitional//EN"
    "http://www.w3.org/TR/xhtml1/DTD/xhtml1-transitional.dtd">
<html xmlns="http://www.w3.org/1999/xhtml" xml:lang="en" lang="en">
 <head>
  <title>
</title>
<meta http-equiv="Content-Type" content="text/html;charset=utf-8" />
  <meta name='ocr-system' content='tesseract 3.04.00' />
  <meta name='ocr-capabilities' content='ocr_page ocr_carea ocr_par ocr_line ocrx_word'/>
</head>
<body>
  <div class='ocr_page' id='page_1' title='image "a603693809perruoft_0091.png"; bbox 0 0 2502 4134; ppageno 0'>
   <div class='ocr_carea' id='block_1_1' title="bbox 397 182 2279 243">
    <p class='ocr_par' dir='ltr' id='par_1_1' title="bbox 397 182 2279 243">
     <span class='ocr_line' id='line_1_1' title="bbox 397 182 2279 243; baseline 0.003 -5"><span class='ocrx_word' id='word_1_1' title='bbox 397 202 557 239; x_wconf 75' lang='lat' dir='ltr'><strong>PART.</strong></span> <span class='ocrx_word' id='word_1_2' title='bbox 602 203 661 240; x_wconf 89' lang='grc' dir='ltr'><strong>ιι.</strong></span> <span class='ocrx_word' id='word_1_3' title='bbox 711 203 838 240; x_wconf 69' lang='lat' dir='ltr'><strong>cn.</strong></span> <span class='ocrx_word' id='word_1_4' title='bbox 884 203 946 240; x_wconf 85' lang='grc' dir='ltr'><strong>ιι.</strong></span> <span class='ocrx_word' id='word_1_5' title='bbox 994 204 1062 239; x_wconf 73' lang='lat' dir='ltr'><strong>nn</strong></span> <span class='ocrx_word' id='word_1_6' title='bbox 1106 203 1287 243; x_wconf 76' lang='lat' dir='ltr'><strong>mvffl.</strong></span> <span class='ocrx_word' id='word_1_7' title='bbox 1335 204 1466 240; x_wconf 69' lang='lat' dir='ltr'><strong>cm.</strong></span> <span class='ocrx_word' id='word_1_8' title='bbox 1515 202 1651 240; x_wconf 74' lang='lat' dir='ltr'><strong>mnu.</strong></span> <span class='ocrx_word' id='word_1_9' title='bbox 1691 203 1885 241; x_wconf 75' lang='lat' dir='ltr'><strong>msmn.</strong></span> <span class='ocrx_word' id='word_1_10' title='bbox 2006 188 2009 191; x_wconf 76' lang='grc'><strong>’</strong></span> <span class='ocrx_word' id='word_1_11' title='bbox 2121 182 2199 243; x_wconf 78' lang='lat'><strong>83</strong></span> <span class='ocrx_word' id='word_1_12' title='bbox 2271 196 2279 203; x_wconf 84' lang='lat'><strong>‘</strong></span> 
     </span>
    </p>
   </div>
   <div class='ocr_carea' id='block_1_2' title="bbox 95 343 2264 3080">
    <p class='ocr_par' dir='ltr' id='par_1_2' title="bbox 97 343 2264 426">
     <span class='ocr_line' id='line_1_2' title="bbox 97 343 2264 426; baseline 0 -23"><span class='ocrx_word' id='word_1_13' title='bbox 97 366 270 404; x_wconf 91' lang='lat' dir='ltr'><strong>omne</strong></span> <span class='ocrx_word' id='word_1_14' title='bbox 293 343 568 403; x_wconf 88' lang='lat' dir='ltr'><strong>dubium·</strong></span> <span class='ocrx_word' id='word_1_15' title='bbox 554 346 755 426; x_wconf 85' lang='lat' dir='ltr'><strong>,quod</strong></span> <span class='ocrx_word' id='word_1_16' title='bbox 784 356 983 404; x_wconf 92' lang='lat' dir='ltr'><strong>tamen</strong></span> <span class='ocrx_word' id='word_1_17' title='bbox 1006 344 1232 404; x_wconf 83' lang='lat' dir='ltr'>excludi</span> <span class='ocrx_word' id='word_1_18' title='bbox 1254 344 1573 410; x_wconf 88' lang='lat' dir='ltr'><strong>necessario</strong></span> <span class='ocrx_word' id='word_1_19' title='bbox 1603 366 1748 426; x_wconf 91' lang='lat' dir='ltr'><strong>opus</strong></span> <span class='ocrx_word' id='word_1_20' title='bbox 1774 355 1858 403; x_wconf 91' lang='lat' dir='ltr'><strong>est</strong></span> <span class='ocrx_word' id='word_1_21' title='bbox 1884 345 1947 403; x_wconf 87' lang='lat' dir='ltr'><strong>in</strong></span> <span class='ocrx_word' id='word_1_22' title='bbox 1972 366 2036 405; x_wconf 90' lang='lat' dir='ltr'><strong>re</strong></span> <span class='ocrx_word' id='word_1_23' title='bbox 2056 346 2210 404; x_wconf 88' lang='lat' dir='ltr'><strong>tanti</strong></span> <span class='ocrx_word' id='word_1_24' title='bbox 2261 416 2264 418; x_wconf 64' lang='lat'>‚</span> 
     </span>
    </p>

    <p class='ocr_par' dir='ltr' id='par_1_3' title="bbox 95 420 2214 804">
     <span class='ocr_line' id='line_1_3' title="bbox 95 420 2206 522; baseline -0 -22"><span class='ocrx_word' id='word_1_25' title='bbox 95 441 414 513; x_wconf 75' lang='lat' dir='ltr'>momenti,</span> <span class='ocrx_word' id='word_1_26' title='bbox 439 441 765 518; x_wconf 89' lang='lat' dir='ltr'><strong>cujusmodi</strong></span> <span class='ocrx_word' id='word_1_27' title='bbox 794 451 883 499; x_wconf 89' lang='lat' dir='ltr'><strong>est</strong></span> <span class='ocrx_word' id='word_1_28' title='bbox 913 463 1125 522; x_wconf 90' lang='lat' dir='ltr'><strong>purum</strong></span> <span class='ocrx_word' id='word_1_29' title='bbox 1154 440 1258 499; x_wconf 93' lang='lat' dir='ltr'><strong>Dei</strong></span> <span class='ocrx_word' id='word_1_30' title='bbox 1281 437 1529 501; x_wconf 87' lang='lat' dir='ltr'><strong>verbum</strong></span> <span class='ocrx_word' id='word_1_31' title='bbox 1561 461 1592 498; x_wconf 86' lang='lat' dir='ltr'><strong>a</strong></span> <span class='ocrx_word' id='word_1_32' title='bbox 1620 462 1767 521; x_wconf 90' lang='lat' dir='ltr'><strong>puro</strong></span> <span class='ocrx_word' id='word_1_33' title='bbox 1797 420 1976 500; x_wconf 78' lang='lat' dir='ltr'><strong>verbo</strong></span> <span class='ocrx_word' id='word_1_34' title='bbox 2010 439 2206 500; x_wconf 89' lang='lat' dir='ltr'><strong>homi—</strong></span> 
     </span>
     <span class='ocr_line' id='line_1_4' title="bbox 97 533 2206 617; baseline 0 -22"><span class='ocrx_word' id='word_1_35' title='bbox 97 558 241 595; x_wconf 90' lang='lat' dir='ltr'><strong>num</strong></span> <span class='ocrx_word' id='word_1_36' title='bbox 282 547 408 593; x_wconf 92' lang='lat' dir='ltr'><strong>tuto</strong></span> <span class='ocrx_word' id='word_1_37' title='bbox 438 534 800 609; x_wconf 91' lang='lat' dir='ltr'><strong>discernere,</strong></span> <span class='ocrx_word' id='word_1_38' title='bbox 839 547 902 593; x_wconf 88' lang='lat' dir='ltr'><strong>ut</strong></span> <span class='ocrx_word' id='word_1_39' title='bbox 933 534 1070 594; x_wconf 92' lang='lat' dir='ltr'><strong>inde</strong></span> <span class='ocrx_word' id='word_1_40' title='bbox 1102 534 1462 593; x_wconf 87' lang='lat' dir='ltr'><strong>firmissimus</strong></span> <span class='ocrx_word' id='word_1_41' title='bbox 1496 533 1631 592; x_wconf 90' lang='lat' dir='ltr'><strong>fidei</strong></span> <span class='ocrx_word' id='word_1_42' title='bbox 1663 545 1820 592; x_wconf 91' lang='lat' dir='ltr'><strong>actus</strong></span> <span class='ocrx_word' id='word_1_43' title='bbox 1851 535 1977 594; x_wconf 92' lang='lat' dir='ltr'><strong>elici</strong></span> <span class='ocrx_word' id='word_1_44' title='bbox 2004 537 2206 617; x_wconf 87' lang='lat' dir='ltr'><strong>possit.</strong></span> 
     </span>
     <span class='ocr_line' id='line_1_5' title="bbox 98 628 2214 711; baseline 0 -21"><span class='ocrx_word' id='word_1_45' title='bbox 98 632 359 690; x_wconf 79' lang='lat' dir='ltr'><strong>Diximus</strong></span> <span class='ocrx_word' id='word_1_46' title='bbox 394 629 648 711; x_wconf 87' lang='lat' dir='ltr'><strong>denique</strong></span> <span class='ocrx_word' id='word_1_47' title='bbox 684 632 1007 691; x_wconf 76' lang='lat' dir='ltr'><strong>Librorum</strong></span> <span class='ocrx_word' id='word_1_48' title='bbox 1043 633 1507 701; x_wconf 78' lang='lat' dir='ltr'><strong>canonicorum,</strong></span> <span class='ocrx_word' id='word_1_49' title='bbox 1546 628 1810 687; x_wconf 89' lang='lat' dir='ltr'><strong>omnium</strong></span> <span class='ocrx_word' id='word_1_50' title='bbox 1848 629 2111 690; x_wconf 88' lang='lat' dir='ltr'><strong>videlicet</strong></span> <span class='ocrx_word' id='word_1_51' title='bbox 2153 642 2214 690; x_wconf 91' lang='lat' dir='ltr'><strong>et</strong></span> 
     </span>
     <span class='ocr_line' id='line_1_6' title="bbox 99 720 1611 804; baseline -0.002 -20"><span class='ocrx_word' id='word_1_52' title='bbox 99 725 456 804; x_wconf 79' lang='lat' dir='ltr'><strong>singulorum</strong></span> <span class='ocrx_word' id='word_1_53' title='bbox 489 737 616 784; x_wconf 90' lang='lat' dir='ltr'><strong>tum</strong></span> <span class='ocrx_word' id='word_1_54' title='bbox 651 727 867 785; x_wconf 82' lang='lat' dir='ltr'><strong>Veteris</strong></span> <span class='ocrx_word' id='word_1_55' title='bbox 898 738 1027 784; x_wconf 88' lang='lat' dir='ltr'><strong>tum</strong></span> <span class='ocrx_word' id='word_1_56' title='bbox 1052 725 1202 786; x_wconf 90' lang='lat' dir='ltr'><strong>Novi</strong></span> <span class='ocrx_word' id='word_1_57' title='bbox 1235 720 1611 784; x_wconf 83' lang='lat' dir='ltr'><strong>Testamenti.</strong></span> 
     </span>
    </p>

    <p class='ocr_par' dir='ltr' id='par_1_4' title="bbox 101 817 2220 1542">
     <span class='ocr_line' id='line_1_7' title="bbox 185 817 2218 901; baseline 0 -23"><span class='ocrx_word' id='word_1_58' title='bbox 185 820 323 878; x_wconf 82' lang='lat'><strong>133.</strong></span> <span class='ocrx_word' id='word_1_59' title='bbox 372 823 506 879; x_wconf 84' lang='lat' dir='ltr'><strong>Jam</strong></span> <span class='ocrx_word' id='word_1_60' title='bbox 549 842 686 880; x_wconf 89' lang='lat' dir='ltr'><strong>vero</strong></span> <span class='ocrx_word' id='word_1_61' title='bbox 719 842 845 879; x_wconf 86' lang='lat' dir='ltr'><strong>rem</strong></span> <span class='ocrx_word' id='word_1_62' title='bbox 885 821 965 878; x_wconf 87' lang='lat' dir='ltr'><strong>ita</strong></span> <span class='ocrx_word' id='word_1_63' title='bbox 1009 842 1170 894; x_wconf 92' lang='lat' dir='ltr'><strong>esse,</strong></span> <span class='ocrx_word' id='word_1_64' title='bbox 1211 830 1382 901; x_wconf 88' lang='lat' dir='ltr'><strong>prout</strong></span> <span class='ocrx_word' id='word_1_65' title='bbox 1426 817 1864 878; x_wconf 89' lang='lat' dir='ltr'><strong>enunciavimus</strong></span> <span class='ocrx_word' id='word_1_66' title='bbox 1911 818 2218 879; x_wconf 80' lang='lat' dir='ltr'><strong>ostendere</strong></span> 
     </span>
     <span class='ocr_line' id='line_1_8' title="bbox 103 910 2217 997; baseline -0.001 -23"><span class='ocrx_word' id='word_1_67' title='bbox 103 937 408 997; x_wconf 86' lang='lat' dir='ltr'><strong>operosum</strong></span> <span class='ocrx_word' id='word_1_68' title='bbox 437 938 554 972; x_wconf 90' lang='lat' dir='ltr'><strong>non</strong></span> <span class='ocrx_word' id='word_1_69' title='bbox 594 927 700 974; x_wconf 84' lang='lat' dir='ltr'><strong>est.</strong></span> <span class='ocrx_word' id='word_1_70' title='bbox 743 913 974 974; x_wconf 89' lang='lat' dir='ltr'><strong>Seclusa</strong></span> <span class='ocrx_word' id='word_1_71' title='bbox 1007 914 1166 973; x_wconf 89' lang='lat' dir='ltr'><strong>enim</strong></span> <span class='ocrx_word' id='word_1_72' title='bbox 1208 912 1465 973; x_wconf 86' lang='lat' dir='ltr'><strong>Ecclesiae</strong></span> <span class='ocrx_word' id='word_1_73' title='bbox 1508 913 1884 986; x_wconf 84' lang='lat' dir='ltr'><strong>auctoritate,</strong></span> <span class='ocrx_word' id='word_1_74' title='bbox 1923 910 2081 970; x_wconf 91' lang='lat' dir='ltr'><strong>nulla</strong></span> <span class='ocrx_word' id='word_1_75' title='bbox 2109 913 2217 973; x_wconf 88' lang='lat' dir='ltr'><strong>alia</strong></span> 
     </span>
     <span class='ocr_line' id='line_1_9' title="bbox 101 1005 2219 1091; baseline -0.002 -21"><span class='ocrx_word' id='word_1_76' title='bbox 101 1010 270 1070; x_wconf 89' lang='lat' dir='ltr'><strong>nobis</strong></span> <span class='ocrx_word' id='word_1_77' title='bbox 304 1021 565 1091; x_wconf 82' lang='lat' dir='ltr'><strong>superest</strong></span> <span class='ocrx_word' id='word_1_78' title='bbox 593 1010 684 1068; x_wconf 90' lang='lat' dir='ltr'><strong>via</strong></span> <span class='ocrx_word' id='word_1_79' title='bbox 722 1008 796 1066; x_wconf 90' lang='lat' dir='ltr'><strong>ad</strong></span> <span class='ocrx_word' id='word_1_80' title='bbox 823 1008 1086 1066; x_wconf 86' lang='lat' dir='ltr'><strong>divinam</strong></span> <span class='ocrx_word' id='word_1_81' title='bbox 1116 1028 1413 1065; x_wconf 89' lang='lat' dir='ltr'><strong>sacrorum</strong></span> <span class='ocrx_word' id='word_1_82' title='bbox 1444 1005 1752 1065; x_wconf 89' lang='lat' dir='ltr'><strong>Librorum</strong></span> <span class='ocrx_word' id='word_1_83' title='bbox 1780 1007 2219 1086; x_wconf 85' lang='lat' dir='ltr'><strong>inspirationem</strong></span> 
     </span>
     <span class='ocr_line' id='line_1_10' title="bbox 103 1100 2216 1182; baseline -0.001 -18"><span class='ocrx_word' id='word_1_84' title='bbox 103 1104 606 1164; x_wconf 88' lang='lat' dir='ltr'><strong>internoscendam</strong></span> <span class='ocrx_word' id='word_1_85' title='bbox 629 1148 644 1176; x_wconf 91' lang='lat'><strong>,</strong></span> <span class='ocrx_word' id='word_1_86' title='bbox 675 1102 789 1160; x_wconf 89' lang='lat' dir='ltr'><strong>nisi</strong></span> <span class='ocrx_word' id='word_1_87' title='bbox 811 1112 911 1160; x_wconf 88' lang='lat' dir='ltr'><strong>aut</strong></span> <span class='ocrx_word' id='word_1_88' title='bbox 933 1101 1227 1182; x_wconf 84' lang='lat' dir='ltr'><strong>Scriptura</strong></span> <span class='ocrx_word' id='word_1_89' title='bbox 1258 1100 1383 1180; x_wconf 92' lang='lat' dir='ltr'><strong>ipsa</strong></span> <span class='ocrx_word' id='word_1_90' title='bbox 1403 1144 1420 1174; x_wconf 92' lang='lat'><strong>,</strong></span> <span class='ocrx_word' id='word_1_91' title='bbox 1449 1111 1552 1164; x_wconf 87' lang='lat' dir='ltr'><strong>aut</strong></span> <span class='ocrx_word' id='word_1_92' title='bbox 1572 1100 1814 1181; x_wconf 88' lang='lat' dir='ltr'><strong>antiqua</strong></span> <span class='ocrx_word' id='word_1_93' title='bbox 1837 1101 2181 1161; x_wconf 88' lang='lat' dir='ltr'><strong>documenta</strong></span> <span class='ocrx_word' id='word_1_94' title='bbox 2200 1148 2216 1178; x_wconf 92' lang='lat'><strong>,</strong></span> 
     </span>
     <span class='ocr_line' id='line_1_11' title="bbox 106 1195 2220 1278; baseline -0.001 -18"><span class='ocrx_word' id='word_1_95' title='bbox 106 1213 206 1260; x_wconf 87' lang='lat' dir='ltr'><strong>aut</strong></span> <span class='ocrx_word' id='word_1_96' title='bbox 245 1201 556 1260; x_wconf 89' lang='lat' dir='ltr'><strong>intrinseca</strong></span> <span class='ocrx_word' id='word_1_97' title='bbox 605 1197 875 1278; x_wconf 86' lang='lat' dir='ltr'><strong>quaedam</strong></span> <span class='ocrx_word' id='word_1_98' title='bbox 919 1196 1221 1255; x_wconf 91' lang='lat' dir='ltr'><strong>Librorum</strong></span> <span class='ocrx_word' id='word_1_99' title='bbox 1260 1195 1494 1255; x_wconf 88' lang='lat' dir='ltr'><strong>illorum</strong></span> <span class='ocrx_word' id='word_1_100' title='bbox 1537 1197 1861 1278; x_wconf 85' lang='lat' dir='ltr'><strong>proprietas</strong></span> <span class='ocrx_word' id='word_1_101' title='bbox 1909 1197 2220 1277; x_wconf 70' lang='lat' dir='ltr'><strong>(saporem</strong></span> 
     </span>
     <span class='ocr_line' id='line_1_12' title="bbox 104 1280 2215 1374; baseline -0.001 -19"><span class='ocrx_word' id='word_1_102' title='bbox 104 1317 233 1355; x_wconf 90' lang='lat' dir='ltr'><strong>eam</strong></span> <span class='ocrx_word' id='word_1_103' title='bbox 262 1305 484 1355; x_wconf 88' lang='lat' dir='ltr'><strong>veteres</strong></span> <span class='ocrx_word' id='word_1_104' title='bbox 507 1280 902 1352; x_wconf 74' lang='lat' dir='ltr'><strong>vProtestantes</strong></span> <span class='ocrx_word' id='word_1_105' title='bbox 937 1311 1142 1352; x_wconf 87' lang='lat' dir='ltr'><strong>vocare</strong></span> <span class='ocrx_word' id='word_1_106' title='bbox 1164 1290 1576 1369; x_wconf 87' lang='lat' dir='ltr'><strong>delectabat),</strong></span> <span class='ocrx_word' id='word_1_107' title='bbox 1611 1311 1724 1372; x_wconf 85' lang='lat' dir='ltr'><strong>qua</strong></span> <span class='ocrx_word' id='word_1_108' title='bbox 1755 1290 1936 1351; x_wconf 87' lang='lat' dir='ltr'><strong>veluti</strong></span> <span class='ocrx_word' id='word_1_109' title='bbox 1962 1292 2215 1374; x_wconf 88' lang='lat' dir='ltr'><strong>quodam</strong></span> 
     </span>
     <span class='ocr_line' id='line_1_13' title="bbox 101 1384 2220 1470; baseline -0 -23"><span class='ocrx_word' id='word_1_110' title='bbox 101 1399 270 1470; x_wconf 87' lang='lat' dir='ltr'><strong>gustu</strong></span> <span class='ocrx_word' id='word_1_111' title='bbox 314 1388 608 1469; x_wconf 87' lang='lat' dir='ltr'><strong>Scriptura</strong></span> <span class='ocrx_word' id='word_1_112' title='bbox 652 1408 809 1445; x_wconf 89' lang='lat' dir='ltr'><strong>sacra</strong></span> <span class='ocrx_word' id='word_1_113' title='bbox 858 1409 892 1446; x_wconf 91' lang='lat' dir='ltr'><strong>a</strong></span> <span class='ocrx_word' id='word_1_114' title='bbox 932 1408 1054 1444; x_wconf 90' lang='lat' dir='ltr'><strong>non</strong></span> <span class='ocrx_word' id='word_1_115' title='bbox 1104 1407 1260 1444; x_wconf 87' lang='lat' dir='ltr'><strong>sacra</strong></span> <span class='ocrx_word' id='word_1_116' title='bbox 1295 1386 1583 1445; x_wconf 91' lang='lat' dir='ltr'><strong>tutissime</strong></span> <span class='ocrx_word' id='word_1_117' title='bbox 1618 1384 2001 1446; x_wconf 86' lang='lat' dir='ltr'><strong>discernatur.</strong></span> <span class='ocrx_word' id='word_1_118' title='bbox 2043 1389 2220 1448; x_wconf 92' lang='lat' dir='ltr'><strong>Porro</strong></span> 
     </span>
     <span class='ocr_line' id='line_1_14' title="bbox 103 1481 1407 1542; baseline -0.003 0"><span class='ocrx_word' id='word_1_119' title='bbox 103 1483 251 1542; x_wconf 87' lang='lat' dir='ltr'><strong>nihil</strong></span> <span class='ocrx_word' id='word_1_120' title='bbox 283 1483 492 1541; x_wconf 90' lang='lat' dir='ltr'><strong>horum</strong></span> <span class='ocrx_word' id='word_1_121' title='bbox 520 1482 594 1541; x_wconf 91' lang='lat' dir='ltr'><strong>ad</strong></span> <span class='ocrx_word' id='word_1_122' title='bbox 627 1504 754 1540; x_wconf 89' lang='lat' dir='ltr'><strong>rem</strong></span> <span class='ocrx_word' id='word_1_123' title='bbox 785 1481 1202 1540; x_wconf 88' lang='lat' dir='ltr'><strong>conficiendam</strong></span> <span class='ocrx_word' id='word_1_124' title='bbox 1235 1481 1407 1540; x_wconf 90' lang='lat' dir='ltr'><strong>valet.</strong></span> 
     </span>
    </p>

    <p class='ocr_par' dir='ltr' id='par_1_5' title="bbox 105 1576 2260 3080">
     <span class='ocr_line' id='line_1_15' title="bbox 189 1576 2216 1658; baseline 0 -22"><span class='ocrx_word' id='word_1_125' title='bbox 189 1577 322 1636; x_wconf 80' lang='lat'><strong>134.</strong></span> <span class='ocrx_word' id='word_1_126' title='bbox 354 1579 417 1634; x_wconf 79' lang='grc' dir='ltr'><strong>1ο</strong></span> <span class='ocrx_word' id='word_1_127' title='bbox 446 1579 574 1635; x_wconf 91' lang='lat' dir='ltr'><strong>Non</strong></span> <span class='ocrx_word' id='word_1_128' title='bbox 600 1578 924 1655; x_wconf 76' lang='lat' dir='ltr'><strong>Scriptura</strong></span> <span class='ocrx_word' id='word_1_129' title='bbox 943 1580 1079 1655; x_wconf 77' lang='lat' dir='ltr'><strong>ipsa</strong></span> <span class='ocrx_word' id='word_1_130' title='bbox 1094 1600 1113 1643; x_wconf 89' lang='lat'><em>;</em></span> <span class='ocrx_word' id='word_1_131' title='bbox 1135 1576 1407 1658; x_wconf 88' lang='lat' dir='ltr'><strong>nuspiam</strong></span> <span class='ocrx_word' id='word_1_132' title='bbox 1435 1577 1591 1635; x_wconf 89' lang='lat' dir='ltr'><strong>enim</strong></span> <span class='ocrx_word' id='word_1_133' title='bbox 1613 1577 1906 1658; x_wconf 84' lang='lat' dir='ltr'><strong>Scriptura</strong></span> <span class='ocrx_word' id='word_1_134' title='bbox 1929 1577 2180 1638; x_wconf 87' lang='lat' dir='ltr'><strong>declarat</strong></span> <span class='ocrx_word' id='word_1_135' title='bbox 2198 1626 2216 1654; x_wconf 91' lang='lat'><strong>,</strong></span> 
     </span>
     <span class='ocr_line' id='line_1_16' title="bbox 106 1670 2225 1756; baseline 0.001 -25"><span class='ocrx_word' id='word_1_136' title='bbox 106 1674 343 1756; x_wconf 89' lang='lat' dir='ltr'><strong>quinam</strong></span> <span class='ocrx_word' id='word_1_137' title='bbox 368 1671 708 1753; x_wconf 83' lang='lat' dir='ltr'><strong>singillatim</strong></span> <span class='ocrx_word' id='word_1_138' title='bbox 730 1670 865 1729; x_wconf 83' lang='lat' dir='ltr'><strong>libri</strong></span> <span class='ocrx_word' id='word_1_139' title='bbox 885 1672 1102 1752; x_wconf 88' lang='lat' dir='ltr'><strong>Spiritu</strong></span> <span class='ocrx_word' id='word_1_140' title='bbox 1125 1672 1184 1730; x_wconf 90' lang='lat' dir='ltr'><strong>S.</strong></span> <span class='ocrx_word' id='word_1_141' title='bbox 1212 1670 1446 1740; x_wconf 81' lang='lat' dir='ltr'><strong>afflante</strong></span> <span class='ocrx_word' id='word_1_142' title='bbox 1472 1673 1781 1754; x_wconf 86' lang='lat' dir='ltr'><strong>conscripti</strong></span> <span class='ocrx_word' id='word_1_143' title='bbox 1804 1673 1923 1731; x_wconf 89' lang='lat' dir='ltr'><strong>sint</strong></span> <span class='ocrx_word' id='word_1_144' title='bbox 1940 1717 1955 1747; x_wconf 91' lang='lat'><strong>,</strong></span> <span class='ocrx_word' id='word_1_145' title='bbox 1983 1675 2225 1755; x_wconf 90' lang='lat' dir='ltr'><strong>quinam</strong></span> 
     </span>
     <span class='ocr_line' id='line_1_17' title="bbox 105 1766 2225 1849; baseline 0 -21"><span class='ocrx_word' id='word_1_146' title='bbox 105 1790 243 1828; x_wconf 87' lang='lat' dir='ltr'><strong>vero</strong></span> <span class='ocrx_word' id='word_1_147' title='bbox 267 1789 659 1849; x_wconf 85' lang='lat' dir='ltr'><strong>nequaquam.</strong></span> <span class='ocrx_word' id='word_1_148' title='bbox 691 1768 762 1824; x_wconf 91' lang='lat' dir='ltr'><strong>Et</strong></span> <span class='ocrx_word' id='word_1_149' title='bbox 794 1768 1059 1847; x_wconf 88' lang='lat' dir='ltr'><strong>quamvis</strong></span> <span class='ocrx_word' id='word_1_150' title='bbox 1092 1766 1381 1825; x_wconf 89' lang='lat' dir='ltr'><strong>nonnulla</strong></span> <span class='ocrx_word' id='word_1_151' title='bbox 1409 1766 1523 1825; x_wconf 89' lang='lat' dir='ltr'><strong>huc</strong></span> <span class='ocrx_word' id='word_1_152' title='bbox 1554 1766 1691 1825; x_wconf 90' lang='lat' dir='ltr'><strong>illuc</strong></span> <span class='ocrx_word' id='word_1_153' title='bbox 1722 1767 2041 1827; x_wconf 88' lang='lat' dir='ltr'><strong>afferantur</strong></span> <span class='ocrx_word' id='word_1_154' title='bbox 2072 1769 2225 1829; x_wconf 88' lang='lat' dir='ltr'><strong>dicta</strong></span> 
     </span>
     <span class='ocr_line' id='line_1_18' title="bbox 107 1861 2227 1945; baseline 0 -23"><span class='ocrx_word' id='word_1_155' title='bbox 107 1876 385 1945; x_wconf 90' lang='lat' dir='ltr'><strong>tanquam</strong></span> <span class='ocrx_word' id='word_1_156' title='bbox 420 1862 650 1921; x_wconf 87' lang='lat' dir='ltr'><strong>oracula</strong></span> <span class='ocrx_word' id='word_1_157' title='bbox 689 1884 721 1921; x_wconf 93' lang='lat' dir='ltr'><strong>a</strong></span> <span class='ocrx_word' id='word_1_158' title='bbox 760 1862 978 1943; x_wconf 88' lang='lat' dir='ltr'><strong>Spiritu</strong></span> <span class='ocrx_word' id='word_1_159' title='bbox 1013 1863 1071 1921; x_wconf 91' lang='lat' dir='ltr'><strong>S.</strong></span> <span class='ocrx_word' id='word_1_160' title='bbox 1105 1861 1319 1920; x_wconf 82' lang='lat' dir='ltr'><strong>dictata</strong></span> <span class='ocrx_word' id='word_1_161' title='bbox 1343 1906 1359 1935; x_wconf 96' lang='lat'><strong>,</strong></span> <span class='ocrx_word' id='word_1_162' title='bbox 1392 1861 1512 1920; x_wconf 88' lang='lat' dir='ltr'><strong>haec</strong></span> <span class='ocrx_word' id='word_1_163' title='bbox 1548 1863 1783 1942; x_wconf 84' lang='lat' dir='ltr'><strong>praecise</strong></span> <span class='ocrx_word' id='word_1_164' title='bbox 1809 1884 1931 1920; x_wconf 89' lang='lat' dir='ltr'><strong>non</strong></span> <span class='ocrx_word' id='word_1_165' title='bbox 1966 1862 2227 1922; x_wconf 86' lang='lat' dir='ltr'><strong>afficiunt</strong></span> 
     </span>
     <span class='ocr_line' id='line_1_19' title="bbox 108 1955 2228 2039; baseline -0 -22"><span class='ocrx_word' id='word_1_166' title='bbox 108 1962 398 2038; x_wconf 85' lang='lat' dir='ltr'><strong>integrum</strong></span> <span class='ocrx_word' id='word_1_167' title='bbox 420 1957 636 2016; x_wconf 90' lang='lat' dir='ltr'><strong>librum</strong></span> <span class='ocrx_word' id='word_1_168' title='bbox 656 2003 671 2031; x_wconf 88' lang='lat'><strong>,</strong></span> <span class='ocrx_word' id='word_1_169' title='bbox 694 1978 764 2016; x_wconf 83' lang='lat' dir='ltr'><strong>ex</strong></span> <span class='ocrx_word' id='word_1_170' title='bbox 788 1979 903 2038; x_wconf 89' lang='lat' dir='ltr'><strong>quo</strong></span> <span class='ocrx_word' id='word_1_171' title='bbox 922 1956 1232 2038; x_wconf 88' lang='lat' dir='ltr'><strong>peculiaria</strong></span> <span class='ocrx_word' id='word_1_172' title='bbox 1257 1955 1354 2015; x_wconf 90' lang='lat' dir='ltr'><strong>illa</strong></span> <span class='ocrx_word' id='word_1_173' title='bbox 1371 1957 1704 2015; x_wconf 87' lang='lat' dir='ltr'><strong>testimonia</strong></span> <span class='ocrx_word' id='word_1_174' title='bbox 1729 1969 2111 2039; x_wconf 89' lang='lat' dir='ltr'><strong>promuntur,</strong></span> <span class='ocrx_word' id='word_1_175' title='bbox 2147 1958 2228 2016; x_wconf 89' lang='lat' dir='ltr'><strong>ita</strong></span> 
     </span>
     <span class='ocr_line' id='line_1_20' title="bbox 108 2050 2225 2135; baseline -0.001 -23"><span class='ocrx_word' id='word_1_176' title='bbox 108 2067 173 2112; x_wconf 91' lang='lat' dir='ltr'><strong>ut</strong></span> <span class='ocrx_word' id='word_1_177' title='bbox 201 2075 396 2135; x_wconf 90' lang='lat' dir='ltr'><strong>presse</strong></span> <span class='ocrx_word' id='word_1_178' title='bbox 430 2053 599 2112; x_wconf 90' lang='lat' dir='ltr'><strong>inferi</strong></span> <span class='ocrx_word' id='word_1_179' title='bbox 630 2053 806 2133; x_wconf 90' lang='lat' dir='ltr'><strong>possit</strong></span> <span class='ocrx_word' id='word_1_180' title='bbox 832 2073 898 2110; x_wconf 93' lang='lat' dir='ltr'><strong>ac</strong></span> <span class='ocrx_word' id='word_1_181' title='bbox 933 2051 1177 2124; x_wconf 86' lang='lat' dir='ltr'><strong>debeat,</strong></span> <span class='ocrx_word' id='word_1_182' title='bbox 1209 2050 1428 2109; x_wconf 87' lang='lat' dir='ltr'><strong>librum</strong></span> <span class='ocrx_word' id='word_1_183' title='bbox 1457 2051 1751 2131; x_wconf 80' lang='lat' dir='ltr'><strong>integrum</strong></span> <span class='ocrx_word' id='word_1_184' title='bbox 1791 2073 1923 2111; x_wconf 91' lang='lat' dir='ltr'><strong>cum</strong></span> <span class='ocrx_word' id='word_1_185' title='bbox 1955 2052 2225 2111; x_wconf 88' lang='lat' dir='ltr'><strong>omnibus</strong></span> 
     </span>
     <span class='ocr_line' id='line_1_21' title="bbox 111 2146 2225 2229; baseline 0 -24"><span class='ocrx_word' id='word_1_186' title='bbox 111 2149 225 2206; x_wconf 90' lang='lat' dir='ltr'><strong>suis</strong></span> <span class='ocrx_word' id='word_1_187' title='bbox 260 2148 519 2229; x_wconf 90' lang='lat' dir='ltr'><strong>partibus</strong></span> <span class='ocrx_word' id='word_1_188' title='bbox 560 2148 730 2207; x_wconf 90' lang='lat' dir='ltr'><strong>fuisse</strong></span> <span class='ocrx_word' id='word_1_189' title='bbox 758 2148 980 2228; x_wconf 89' lang='lat' dir='ltr'><strong>Spiritu</strong></span> <span class='ocrx_word' id='word_1_190' title='bbox 1017 2147 1074 2205; x_wconf 90' lang='lat' dir='ltr'><strong>S.</strong></span> <span class='ocrx_word' id='word_1_191' title='bbox 1116 2146 1350 2205; x_wconf 88' lang='lat' dir='ltr'><strong>afflante</strong></span> <span class='ocrx_word' id='word_1_192' title='bbox 1392 2148 1804 2229; x_wconf 87' lang='lat' dir='ltr'><strong>conscriptum.</strong></span> <span class='ocrx_word' id='word_1_193' title='bbox 1841 2148 1897 2205; x_wconf 92' lang='lat' dir='ltr'><strong>Si</strong></span> <span class='ocrx_word' id='word_1_194' title='bbox 1927 2147 2225 2207; x_wconf 88' lang='lat' dir='ltr'><strong>interdum</strong></span> 
     </span>
     <span class='ocr_line' id='line_1_22' title="bbox 110 2241 2227 2321; baseline 0 -22"><span class='ocrx_word' id='word_1_195' title='bbox 110 2241 353 2320; x_wconf 77' lang='lat' dir='ltr'><strong>legitur,</strong></span> <span class='ocrx_word' id='word_1_196' title='bbox 388 2263 618 2300; x_wconf 80' lang='lat' dir='ltr'><strong>omnem</strong></span> <span class='ocrx_word' id='word_1_197' title='bbox 661 2244 1047 2321; x_wconf 76' lang='lat' dir='ltr'><strong>Scripturam</strong></span> <span class='ocrx_word' id='word_1_198' title='bbox 1079 2263 1194 2300; x_wconf 76' lang='lat' dir='ltr'><strong>esse</strong></span> <span class='ocrx_word' id='word_1_199' title='bbox 1229 2243 1527 2299; x_wconf 77' lang='lat' dir='ltr'><strong>divinitus</strong></span> <span class='ocrx_word' id='word_1_200' title='bbox 1561 2246 1967 2321; x_wconf 71' lang='lat' dir='ltr'><strong>inspiratam,</strong></span> <span class='ocrx_word' id='word_1_201' title='bbox 2006 2243 2092 2300; x_wconf 90' lang='lat' dir='ltr'><strong>uti</strong></span> <span class='ocrx_word' id='word_1_202' title='bbox 2128 2265 2227 2300; x_wconf 91' lang='lat' dir='ltr'><strong>su-</strong></span> 
     </span>
     <span class='ocr_line' id='line_1_23' title="bbox 113 2335 2221 2418; baseline 0.001 -24"><span class='ocrx_word' id='word_1_203' title='bbox 113 2337 308 2418; x_wconf 89' lang='lat' dir='ltr'><strong>perius</strong></span> <span class='ocrx_word' id='word_1_204' title='bbox 360 2336 726 2407; x_wconf 82' lang='lat' dir='ltr'><strong>monuimuS,</strong></span> <span class='ocrx_word' id='word_1_205' title='bbox 775 2335 1057 2412; x_wconf 88' lang='lat' dir='ltr'><strong>ejusmodi</strong></span> <span class='ocrx_word' id='word_1_206' title='bbox 1096 2335 1268 2393; x_wconf 85' lang='lat' dir='ltr'><strong>effata</strong></span> <span class='ocrx_word' id='word_1_207' title='bbox 1319 2335 1554 2392; x_wconf 89' lang='lat' dir='ltr'><strong>nonnisi</strong></span> <span class='ocrx_word' id='word_1_208' title='bbox 1582 2336 1656 2394; x_wconf 92' lang='lat' dir='ltr'><strong>de</strong></span> <span class='ocrx_word' id='word_1_209' title='bbox 1686 2335 1850 2395; x_wconf 87' lang='lat' dir='ltr'><strong>libris</strong></span> <span class='ocrx_word' id='word_1_210' title='bbox 1898 2337 2022 2395; x_wconf 91' lang='lat' dir='ltr'><strong>Vet.</strong></span> <span class='ocrx_word' id='word_1_211' title='bbox 2070 2338 2221 2397; x_wconf 90' lang='lat' dir='ltr'><strong>Test.</strong></span> 
     </span>
     <span class='ocr_line' id='line_1_24' title="bbox 114 2429 2225 2512; baseline 0.001 -23"><span class='ocrx_word' id='word_1_212' title='bbox 114 2431 291 2512; x_wconf 90' lang='lat' dir='ltr'><strong>accipi</strong></span> <span class='ocrx_word' id='word_1_213' title='bbox 320 2442 599 2511; x_wconf 88' lang='lat' dir='ltr'><strong>possunt,</strong></span> <span class='ocrx_word' id='word_1_214' title='bbox 643 2429 819 2510; x_wconf 91' lang='lat' dir='ltr'><strong>idque</strong></span> <span class='ocrx_word' id='word_1_215' title='bbox 858 2450 995 2487; x_wconf 90' lang='lat' dir='ltr'><strong>sane</strong></span> <span class='ocrx_word' id='word_1_216' title='bbox 1037 2430 1390 2507; x_wconf 76' lang='lat' dir='ltr'><strong>generatim,</strong></span> <span class='ocrx_word' id='word_1_217' title='bbox 1436 2429 1514 2486; x_wconf 90' lang='lat' dir='ltr'><strong>sic</strong></span> <span class='ocrx_word' id='word_1_218' title='bbox 1555 2440 1622 2486; x_wconf 92' lang='lat' dir='ltr'><strong>ut</strong></span> <span class='ocrx_word' id='word_1_219' title='bbox 1671 2450 1901 2510; x_wconf 88' lang='lat' dir='ltr'><strong>semper</strong></span> <span class='ocrx_word' id='word_1_220' title='bbox 1938 2430 2225 2491; x_wconf 87' lang='lat' dir='ltr'><strong>incertum</strong></span> 
     </span>
     <span class='ocr_line' id='line_1_25' title="bbox 115 2523 2224 2605; baseline 0.001 -21"><span class='ocrx_word' id='word_1_221' title='bbox 115 2537 382 2599; x_wconf 89' lang='lat' dir='ltr'><strong>maneat,</strong></span> <span class='ocrx_word' id='word_1_222' title='bbox 424 2527 663 2605; x_wconf 88' lang='lat' dir='ltr'><strong>quinam</strong></span> <span class='ocrx_word' id='word_1_223' title='bbox 690 2524 823 2582; x_wconf 87' lang='lat' dir='ltr'><strong>libri</strong></span> <span class='ocrx_word' id='word_1_224' title='bbox 860 2523 1197 2602; x_wconf 84' lang='lat' dir='ltr'><strong>singillatim</strong></span> <span class='ocrx_word' id='word_1_225' title='bbox 1243 2524 1461 2603; x_wconf 85' lang='lat' dir='ltr'><strong>Spiritu</strong></span> <span class='ocrx_word' id='word_1_226' title='bbox 1505 2524 1716 2582; x_wconf 90' lang='lat' dir='ltr'><strong>Sancto</strong></span> <span class='ocrx_word' id='word_1_227' title='bbox 1751 2524 1981 2584; x_wconf 90' lang='lat' dir='ltr'><strong>afflante</strong></span> <span class='ocrx_word' id='word_1_228' title='bbox 2005 2526 2224 2586; x_wconf 89' lang='lat' dir='ltr'><strong>fuerint</strong></span> 
     </span>
     <span class='ocr_line' id='line_1_26' title="bbox 115 2618 2225 2702; baseline 0 -23"><span class='ocrx_word' id='word_1_229' title='bbox 115 2620 364 2694; x_wconf 84' lang='lat' dir='ltr'><strong>exarati,</strong></span> <span class='ocrx_word' id='word_1_230' title='bbox 404 2641 502 2678; x_wconf 90' lang='lat' dir='ltr'><strong>seu</strong></span> <span class='ocrx_word' id='word_1_231' title='bbox 536 2620 774 2700; x_wconf 88' lang='lat' dir='ltr'><strong>quinam</strong></span> <span class='ocrx_word' id='word_1_232' title='bbox 795 2619 958 2676; x_wconf 87' lang='lat' dir='ltr'><strong>illam</strong></span> <span class='ocrx_word' id='word_1_233' title='bbox 980 2639 1211 2676; x_wconf 80' lang='lat' dir='ltr'><strong>omnem</strong></span> <span class='ocrx_word' id='word_1_234' title='bbox 1238 2618 1622 2695; x_wconf 76' lang='lat' dir='ltr'><strong>Serz&#39;pturam</strong></span> <span class='ocrx_word' id='word_1_235' title='bbox 1651 2619 1864 2698; x_wconf 86' lang='lat' dir='ltr'><strong>Spiritu</strong></span> <span class='ocrx_word' id='word_1_236' title='bbox 1891 2621 1948 2677; x_wconf 92' lang='lat' dir='ltr'><strong>S.</strong></span> <span class='ocrx_word' id='word_1_237' title='bbox 1978 2621 2225 2702; x_wconf 85' lang='lat' dir='ltr'><strong>inspira-</strong></span> 
     </span>
     <span class='ocr_line' id='line_1_27' title="bbox 116 2710 2260 2793; baseline 0 -18"><span class='ocrx_word' id='word_1_238' title='bbox 116 2726 237 2774; x_wconf 87' lang='lat' dir='ltr'><strong>tam</strong></span> <span class='ocrx_word' id='word_1_239' title='bbox 268 2737 468 2774; x_wconf 90' lang='lat' dir='ltr'><strong>revera</strong></span> <span class='ocrx_word' id='word_1_240' title='bbox 492 2715 866 2774; x_wconf 86' lang='lat' dir='ltr'><strong>constituant.</strong></span> <span class='ocrx_word' id='word_1_241' title='bbox 903 2713 1137 2772; x_wconf 85' lang='lat' dir='ltr'><strong>Accedit</strong></span> <span class='ocrx_word' id='word_1_242' title='bbox 1159 2758 1175 2786; x_wconf 87' lang='lat'><strong>,</strong></span> <span class='ocrx_word' id='word_1_243' title='bbox 1214 2713 1352 2793; x_wconf 86' lang='lat' dir='ltr'><strong>ipsis</strong></span> <span class='ocrx_word' id='word_1_244' title='bbox 1392 2710 1848 2772; x_wconf 77' lang='lat' dir='ltr'><strong>protestantibus</strong></span> <span class='ocrx_word' id='word_1_245' title='bbox 1873 2714 2221 2792; x_wconf 76' lang='lat' dir='ltr'><strong>fatentibUS,</strong></span> <span class='ocrx_word' id='word_1_246' title='bbox 2254 2764 2260 2767; x_wconf 88' lang='lat'><strong>.</strong></span> 
     </span>
     <span class='ocr_line' id='line_1_28' title="bbox 117 2806 2228 2892; baseline 0.001 -24"><span class='ocrx_word' id='word_1_247' title='bbox 117 2811 233 2869; x_wconf 91' lang='lat' dir='ltr'><strong>imo</strong></span> <span class='ocrx_word' id='word_1_248' title='bbox 270 2822 328 2870; x_wconf 92' lang='lat' dir='ltr'><strong>et</strong></span> <span class='ocrx_word' id='word_1_249' title='bbox 367 2808 888 2882; x_wconf 72' lang='lat' dir='ltr'><strong>contendentibus,</strong></span> <span class='ocrx_word' id='word_1_250' title='bbox 927 2807 1099 2867; x_wconf 85' lang='lat' dir='ltr'><strong>effata</strong></span> <span class='ocrx_word' id='word_1_251' title='bbox 1140 2806 1277 2882; x_wconf 88' lang='lat' dir='ltr'><strong>illa,</strong></span> <span class='ocrx_word' id='word_1_252' title='bbox 1320 2807 1528 2888; x_wconf 90' lang='lat' dir='ltr'><strong>quibus</strong></span> <span class='ocrx_word' id='word_1_253' title='bbox 1573 2807 1832 2867; x_wconf 88' lang='lat' dir='ltr'><strong>doctrina</strong></span> <span class='ocrx_word' id='word_1_254' title='bbox 1871 2808 1943 2869; x_wconf 92' lang='lat' dir='ltr'><strong>de</strong></span> <span class='ocrx_word' id='word_1_255' title='bbox 1975 2811 2228 2892; x_wconf 89' lang='lat' dir='ltr'><strong>inspira-</strong></span> 
     </span>
     <span class='ocr_line' id='line_1_29' title="bbox 119 2901 2219 2986; baseline 0.001 -23"><span class='ocrx_word' id='word_1_256' title='bbox 119 2905 274 2965; x_wconf 89' lang='lat' dir='ltr'><strong>tione</strong></span> <span class='ocrx_word' id='word_1_257' title='bbox 295 2905 595 2980; x_wconf 72' lang='lat' dir='ltr'><strong>innititur,</strong></span> <span class='ocrx_word' id='word_1_258' title='bbox 622 2903 818 2986; x_wconf 88' lang='lat' dir='ltr'><strong>plures</strong></span> <span class='ocrx_word' id='word_1_259' title='bbox 848 2903 1196 2984; x_wconf 89' lang='lat' dir='ltr'><strong>eosdemque</strong></span> <span class='ocrx_word' id='word_1_260' title='bbox 1218 2901 1476 2963; x_wconf 87' lang='lat' dir='ltr'><strong>diversos</strong></span> <span class='ocrx_word' id='word_1_261' title='bbox 1505 2925 1703 2962; x_wconf 86' lang='lat' dir='ltr'><strong>sensus</strong></span> <span class='ocrx_word' id='word_1_262' title='bbox 1733 2914 1905 2986; x_wconf 86' lang='lat' dir='ltr'><strong>atque</strong></span> <span class='ocrx_word' id='word_1_263' title='bbox 1934 2905 2219 2986; x_wconf 88' lang='lat' dir='ltr'><strong>interpre-</strong></span> 
     </span>
     <span class='ocr_line' id='line_1_30' title="bbox 122 2996 2222 3080; baseline 0.001 -23"><span class='ocrx_word' id='word_1_264' title='bbox 122 3001 366 3061; x_wconf 87' lang='lat' dir='ltr'><strong>tationes</strong></span> <span class='ocrx_word' id='word_1_265' title='bbox 401 3000 707 3059; x_wconf 88' lang='lat' dir='ltr'><strong>admittere</strong></span> <span class='ocrx_word' id='word_1_266' title='bbox 745 2997 875 3078; x_wconf 87' lang='lat'><strong>(1),</strong></span> <span class='ocrx_word' id='word_1_267' title='bbox 911 2997 1119 3079; x_wconf 89' lang='lat' dir='ltr'><strong>quibus</strong></span> <span class='ocrx_word' id='word_1_268' title='bbox 1159 2996 1493 3058; x_wconf 88' lang='lat' dir='ltr'><strong>immediata</strong></span> <span class='ocrx_word' id='word_1_269' title='bbox 1532 2997 1636 3058; x_wconf 89' lang='lat' dir='ltr'><strong>Dei</strong></span> <span class='ocrx_word' id='word_1_270' title='bbox 1670 3019 1734 3057; x_wconf 91' lang='lat' dir='ltr'><strong>ac</strong></span> <span class='ocrx_word' id='word_1_271' title='bbox 1767 3000 2222 3080; x_wconf 86' lang='lat' dir='ltr'><strong>supernaturalis</strong></span> 
     </span>
    </p>
   </div>
   <div class='ocr_carea' id='block_1_3' title="bbox 131 3265 2226 3746">
    <p class='ocr_par' dir='ltr' id='par_1_6' title="bbox 131 3265 2226 3746">
     <span class='ocr_line' id='line_1_31' title="bbox 179 3265 2226 3338; baseline 0.002 -21"><span class='ocrx_word' id='word_1_272' title='bbox 179 3270 258 3333; x_wconf 82' lang='lat' dir='ltr'><strong>(l)</strong></span> <span class='ocrx_word' id='word_1_273' title='bbox 293 3271 514 3321; x_wconf 88' lang='lat' dir='ltr'><strong>Nonnulli</strong></span> <span class='ocrx_word' id='word_1_274' title='bbox 549 3276 674 3321; x_wconf 88' lang='lat' dir='ltr'><strong>enim</strong></span> <span class='ocrx_word' id='word_1_275' title='bbox 694 3311 707 3333; x_wconf 93' lang='lat'><strong>,</strong></span> <span class='ocrx_word' id='word_1_276' title='bbox 742 3283 792 3321; x_wconf 92' lang='lat' dir='ltr'><strong>ut</strong></span> <span class='ocrx_word' id='word_1_277' title='bbox 813 3273 1097 3321; x_wconf 83' lang='lat' dir='ltr'><strong>Camerarius</strong></span> <span class='ocrx_word' id='word_1_278' title='bbox 1113 3311 1127 3333; x_wconf 92' lang='lat'><strong>,</strong></span> <span class='ocrx_word' id='word_1_279' title='bbox 1215 3284 1303 3323; x_wconf 83' lang='lat' dir='ltr'><strong>etc.</strong></span> <span class='ocrx_word' id='word_1_280' title='bbox 1332 3273 1454 3321; x_wconf 90' lang='lat' dir='ltr'><strong>Hinc</strong></span> <span class='ocrx_word' id='word_1_281' title='bbox 1482 3271 1631 3337; x_wconf 86' lang='lat' dir='ltr'><strong>aliqui</strong></span> <span class='ocrx_word' id='word_1_282' title='bbox 1654 3273 1710 3320; x_wconf 80' lang='lat' dir='ltr'><strong>ad</strong></span> <span class='ocrx_word' id='word_1_283' title='bbox 1731 3265 1829 3319; x_wconf 82' lang='lat' dir='ltr'><strong>sola</strong></span> <span class='ocrx_word' id='word_1_284' title='bbox 1847 3275 2012 3338; x_wconf 77' lang='lat' dir='ltr'><strong>scripta</strong></span> <span class='ocrx_word' id='word_1_285' title='bbox 2030 3273 2226 3338; x_wconf 84' lang='lat' dir='ltr'><strong>prophe·</strong></span> 
     </span>
     <span class='ocr_line' id='line_1_32' title="bbox 133 3352 2223 3420; baseline 0.003 -24"><span class='ocrx_word' id='word_1_286' title='bbox 133 3353 429 3413; x_wconf 79' lang='lat' dir='ltr'><strong>contendunt,</strong></span> <span class='ocrx_word' id='word_1_287' title='bbox 445 3355 581 3403; x_wconf 84' lang='lat' dir='ltr'><strong>verba</strong></span> <span class='ocrx_word' id='word_1_288' title='bbox 595 3354 722 3402; x_wconf 85' lang='lat' dir='ltr'><strong>Pauli</strong></span> <span class='ocrx_word' id='word_1_289' title='bbox 739 3393 753 3417; x_wconf 86' lang='lat'><strong>,</strong></span> <span class='ocrx_word' id='word_1_290' title='bbox 767 3372 798 3403; x_wconf 86' lang='grc' dir='ltr'><strong>ιι</strong></span> <span class='ocrx_word' id='word_1_291' title='bbox 817 3355 942 3402; x_wconf 88' lang='lat' dir='ltr'><strong>Tim.</strong></span> <span class='ocrx_word' id='word_1_292' title='bbox 958 3371 1029 3413; x_wconf 83' lang='lat'><strong>111,</strong></span> <span class='ocrx_word' id='word_1_293' title='bbox 1055 3352 1131 3413; x_wconf 86' lang='grc' dir='ltr'><strong>ι6,</strong></span> <span class='ocrx_word' id='word_1_294' title='bbox 1215 3356 1304 3402; x_wconf 77' lang='lat' dir='ltr'><strong>tica</strong></span> <span class='ocrx_word' id='word_1_295' title='bbox 1317 3389 1332 3413; x_wconf 91' lang='lat'><strong><em>‚</em></strong></span> <span class='ocrx_word' id='word_1_296' title='bbox 1357 3365 1438 3402; x_wconf 88' lang='lat' dir='ltr'><strong>aut</strong></span> <span class='ocrx_word' id='word_1_297' title='bbox 1462 3371 1563 3419; x_wconf 86' lang='lat' dir='ltr'><strong>quae</strong></span> <span class='ocrx_word' id='word_1_298' title='bbox 1581 3353 1677 3402; x_wconf 89' lang='lat' dir='ltr'><strong>Deo</strong></span> <span class='ocrx_word' id='word_1_299' title='bbox 1691 3352 1883 3419; x_wconf 87' lang='lat' dir='ltr'><strong>jubente</strong></span> <span class='ocrx_word' id='word_1_300' title='bbox 1900 3357 2066 3420; x_wconf 81' lang='lat' dir='ltr'><strong>scripta</strong></span> <span class='ocrx_word' id='word_1_301' title='bbox 2086 3366 2192 3403; x_wconf 77' lang='lat' dir='ltr'><strong>sunt</strong></span> <span class='ocrx_word' id='word_1_302' title='bbox 2208 3391 2223 3417; x_wconf 87' lang='lat'><strong>,</strong></span> 
     </span>
     <span class='ocr_line' id='line_1_33' title="bbox 134 3433 2225 3502; baseline 0.004 -25"><span class='ocrx_word' id='word_1_303' title='bbox 134 3448 229 3478; x_wconf 90' lang='lat' dir='ltr'><strong>non</strong></span> <span class='ocrx_word' id='word_1_304' title='bbox 263 3433 321 3480; x_wconf 79' lang='lat' dir='ltr'><strong>ad</strong></span> <span class='ocrx_word' id='word_1_305' title='bbox 356 3445 498 3485; x_wconf 78' lang='lat' dir='ltr'><strong>totam</strong></span> <span class='ocrx_word' id='word_1_306' title='bbox 532 3437 814 3502; x_wconf 84' lang='lat' dir='ltr'><strong>Scripturam</strong></span> <span class='ocrx_word' id='word_1_307' title='bbox 849 3436 973 3488; x_wconf 66' lang='lat' dir='ltr'><strong>Vct..</strong></span> <span class='ocrx_word' id='word_1_308' title='bbox 1002 3437 1131 3486; x_wconf 88' lang='lat' dir='ltr'><strong>Test.</strong></span> <span class='ocrx_word' id='word_1_309' title='bbox 1217 3453 1271 3484; x_wconf 85' lang='lat' dir='ltr'><strong>ea</strong></span> <span class='ocrx_word' id='word_1_310' title='bbox 1296 3446 1546 3485; x_wconf 82' lang='lat' dir='ltr'><strong>coarctant.</strong></span> <span class='ocrx_word' id='word_1_311' title='bbox 1583 3436 1705 3495; x_wconf 82' lang='lat' dir='ltr'><strong>Alii,</strong></span> <span class='ocrx_word' id='word_1_312' title='bbox 1735 3446 1786 3484; x_wconf 86' lang='lat' dir='ltr'><strong>ut</strong></span> <span class='ocrx_word' id='word_1_313' title='bbox 1814 3436 2017 3485; x_wconf 87' lang='lat' dir='ltr'><strong>Tellerus</strong></span> <span class='ocrx_word' id='word_1_314' title='bbox 2036 3474 2050 3497; x_wconf 96' lang='lat'><strong>,</strong></span> <span class='ocrx_word' id='word_1_315' title='bbox 2086 3452 2225 3500; x_wconf 88' lang='lat' dir='ltr'><strong>expo-</strong></span> 
     </span>
     <span class='ocr_line' id='line_1_34' title="bbox 136 3512 2219 3582; baseline 0.002 -23"><span class='ocrx_word' id='word_1_316' title='bbox 136 3512 323 3575; x_wconf 82' lang='lat' dir='ltr'><strong>referri,</strong></span> <span class='ocrx_word' id='word_1_317' title='bbox 356 3517 434 3564; x_wconf 80' lang='lat' dir='ltr'><strong>sed</strong></span> <span class='ocrx_word' id='word_1_318' title='bbox 467 3519 689 3582; x_wconf 81' lang='lat' dir='ltr'><strong>generalia</strong></span> <span class='ocrx_word' id='word_1_319' title='bbox 720 3537 814 3568; x_wconf 81' lang='lat' dir='ltr'><strong>esse</strong></span> <span class='ocrx_word' id='word_1_320' title='bbox 832 3557 845 3578; x_wconf 91' lang='lat'>‚</span> <span class='ocrx_word' id='word_1_321' title='bbox 876 3521 939 3567; x_wconf 86' lang='lat' dir='ltr'><strong>ita</strong></span> <span class='ocrx_word' id='word_1_322' title='bbox 970 3529 1023 3567; x_wconf 86' lang='lat' dir='ltr'><strong>ut</strong></span> <span class='ocrx_word' id='word_1_323' title='bbox 1055 3518 1136 3567; x_wconf 88' lang='lat' dir='ltr'><strong>hic</strong></span> <span class='ocrx_word' id='word_1_324' title='bbox 1218 3530 1338 3564; x_wconf 84' lang='lat' dir='ltr'><strong>nunt</strong></span> <span class='ocrx_word' id='word_1_325' title='bbox 1357 3519 1422 3566; x_wconf 76' lang='lat' dir='ltr'><strong>ita</strong></span> <span class='ocrx_word' id='word_1_326' title='bbox 1439 3553 1452 3577; x_wconf 94' lang='lat'><strong>,</strong></span> <span class='ocrx_word' id='word_1_327' title='bbox 1475 3527 1529 3565; x_wconf 89' lang='lat' dir='ltr'><strong>ut</strong></span> <span class='ocrx_word' id='word_1_328' title='bbox 1547 3534 1706 3566; x_wconf 79' lang='lat' dir='ltr'><strong>sensus</strong></span> <span class='ocrx_word' id='word_1_329' title='bbox 1736 3520 1794 3566; x_wconf 86' lang='lat' dir='ltr'><strong>sit</strong></span> <span class='ocrx_word' id='word_1_330' title='bbox 1818 3534 1832 3566; x_wconf 73' lang='grc' dir='ltr'><strong>ε</strong></span> <span class='ocrx_word' id='word_1_331' title='bbox 1853 3535 1990 3566; x_wconf 85' lang='lat' dir='ltr'><strong>omne</strong></span> <span class='ocrx_word' id='word_1_332' title='bbox 2012 3518 2188 3565; x_wconf 87' lang='lat' dir='ltr'><strong>bonum</strong></span> <span class='ocrx_word' id='word_1_333' title='bbox 2205 3553 2219 3575; x_wconf 89' lang='lat'><strong>‚</strong></span> 
     </span>
     <span class='ocr_line' id='line_1_35' title="bbox 135 3593 2225 3665; baseline 0.003 -26"><span class='ocrx_word' id='word_1_334' title='bbox 135 3609 290 3640; x_wconf 81' lang='lat' dir='ltr'><strong>sensus</strong></span> <span class='ocrx_word' id='word_1_335' title='bbox 316 3593 458 3643; x_wconf 78' lang='lat' dir='ltr'><strong>subsit</strong></span> <span class='ocrx_word' id='word_1_336' title='bbox 486 3611 500 3645; x_wconf 70' lang='grc' dir='ltr'><strong>ε</strong></span> <span class='ocrx_word' id='word_1_337' title='bbox 527 3597 697 3647; x_wconf 72' lang='lat' dir='ltr'><strong>Omnis</strong></span> <span class='ocrx_word' id='word_1_338' title='bbox 725 3597 979 3665; x_wconf 78' lang='lat' dir='ltr'><strong>Scriptura</strong></span> <span class='ocrx_word' id='word_1_339' title='bbox 991 3634 1010 3656; x_wconf 84' lang='lat'>‚</span> <span class='ocrx_word' id='word_1_340' title='bbox 1038 3599 1140 3647; x_wconf 81' lang='lat' dir='ltr'><strong>Deo</strong></span> <span class='ocrx_word' id='word_1_341' title='bbox 1223 3597 1279 3645; x_wconf 86' lang='lat' dir='ltr'><strong>ad</strong></span> <span class='ocrx_word' id='word_1_342' title='bbox 1305 3601 1512 3647; x_wconf 81' lang='lat' dir='ltr'><strong>animum</strong></span> <span class='ocrx_word' id='word_1_343' title='bbox 1534 3600 1790 3663; x_wconf 82' lang='lat' dir='ltr'><strong>pertinens,</strong></span> <span class='ocrx_word' id='word_1_344' title='bbox 1810 3598 1963 3648; x_wconf 88' lang='lat' dir='ltr'><strong>Deum</strong></span> <span class='ocrx_word' id='word_1_345' title='bbox 1975 3599 2113 3646; x_wconf 79' lang='lat' dir='ltr'><strong>habet</strong></span> <span class='ocrx_word' id='word_1_346' title='bbox 2142 3614 2225 3646; x_wconf 87' lang='lat' dir='ltr'><strong>au-</strong></span> 
     </span>
     <span class='ocr_line' id='line_1_36' title="bbox 131 3672 2220 3746; baseline 0.005 -27"><span class='ocrx_word' id='word_1_347' title='bbox 131 3673 397 3739; x_wconf 70' lang='lat' dir='ltr'><strong>impe‘rante</strong></span> <span class='ocrx_word' id='word_1_348' title='bbox 414 3683 677 3744; x_wconf 57' lang='lat' dir='ltr'><strong>conscripta</strong></span> <span class='ocrx_word' id='word_1_349' title='bbox 691 3716 708 3744; x_wconf 85' lang='lat'>‚</span> <span class='ocrx_word' id='word_1_350' title='bbox 730 3691 797 3730; x_wconf 74' lang='lat' dir='ltr'><strong>est</strong></span> <span class='ocrx_word' id='word_1_351' title='bbox 813 3684 951 3730; x_wconf 82' lang='lat' dir='ltr'><strong>etiam</strong></span> <span class='ocrx_word' id='word_1_352' title='bbox 979 3681 1104 3728; x_wconf 88' lang='lat' dir='ltr'><strong>utilis</strong></span> <span class='ocrx_word' id='word_1_353' title='bbox 1123 3704 1136 3728; x_wconf 63' lang='lat'>³</span> <span class='ocrx_word' id='word_1_354' title='bbox 1223 3690 1395 3729; x_wconf 83' lang='lat' dir='ltr'><strong>ctorem</strong></span> <span class='ocrx_word' id='word_1_355' title='bbox 1412 3717 1427 3742; x_wconf 90' lang='lat'><strong>,</strong></span> <span class='ocrx_word' id='word_1_356' title='bbox 1449 3672 1528 3730; x_wconf 35' lang='lat' dir='ltr'><strong>‘est</strong></span> <span class='ocrx_word' id='word_1_357' title='bbox 1547 3698 1578 3730; x_wconf 80' lang='lat' dir='ltr'><strong>a</strong></span> <span class='ocrx_word' id='word_1_358' title='bbox 1610 3680 1717 3730; x_wconf 79' lang='lat' dir='ltr'><strong>Deo</strong></span> <span class='ocrx_word' id='word_1_359' title='bbox 1738 3682 1879 3746; x_wconf 76' lang='lat' dir='ltr'><strong>quasi</strong></span> <span class='ocrx_word' id='word_1_360' title='bbox 1910 3680 2220 3745; x_wconf 64' lang='lat' dir='ltr'><strong>inspiratum.</strong></span> 
     </span>
    </p>
   </div>
   <div class='ocr_carea' id='block_1_4' title="bbox 1898 3773 1954 3831">
    <p class='ocr_par' dir='ltr' id='par_1_7' title="bbox 1898 3773 1954 3831">
     <span class='ocr_line' id='line_1_37' title="bbox 1898 3773 1954 3831; baseline -0.018 0"><span class='ocrx_word' id='word_1_361' title='bbox 1898 3773 1954 3831; x_wconf 90' lang='lat'><strong>6.</strong></span> 
     </span>
    </p>
   </div>
  </div>
 </body>
</html>
