2502 4134
298 142 414 202 148
911 161 1111 199 ruer.
1160 161 1229 197 mi
1274 159 1429 199 zoms
1471 161 1865 202 Tnnomsxms.

296 306 559 364 Sanetus
601 323 846 361 summa
888 303 1255 360 liberalitate
1292 304 1641 363 hominihus
1681 306 1975 376 tradidit,
2011 307 2303 385 mylectus
2322 312 2470 386 ja-‘

296 412 459 471 coac,
489 403 706 467 statuit
727 408 782 457 et
809 398 1102 469 decrevit,
1134 409 1198 456 ut
1233 398 1732 459 constituerentur
1759 400 1977 483 ubique
2006 401 2266 461 locorum
2288 448 2305 477 ,
2340 400 2442 485 qui

295 496 492 555 idonei
518 505 718 552 essent
747 494 834 552 ad
856 493 1058 552 Saerae
1094 495 1430 572 Scripturoe
1465 500 1887 573 ompositionem
1914 508 1969 557 et
2000 501 2442 576 interpretatio-

299 613 435 649 nem
457 588 677 672 populo
689 588 1043 663 faciendam,
1060 589 1436 649 etcathedrae
1457 589 1529 650 de
1543 592 1837 673 Scriptura
1861 614 2020 652 sacra
2043 594 2104 652 in
2128 593 2443 674 gymnasiis

289 688 651 767 erigerentur
681 687 795 767 (1).

372 784 517 842 227.
570 783 643 841 ΙΙ.
689 781 859 855 Quod
910 803 1050 841 vero
1100 780 1175 840 ad
1228 780 1565 840 essentialia
1612 782 1951 841 discrimina
1996 796 2222 866 spectat
2242 830 2257 859 ,
2313 806 2441 867 quae

295 879 620 939 necessario
645 876 1008 936 intercedere
1024 876 1249 937 debent
1267 876 1591 936 Catholicos
1608 877 1763 936 inter
1793 889 1852 937 et
1880 887 2271 959 protestantes
2286 882 2440 941 circa

295 976 590 1045 criticam,
628 973 1134 1034 hermeneuticam
1191 985 1251 1033 et
1286 973 1575 1053 exegesim
1609 972 1916 1048 biblicam,
1959 995 2024 1033 ea
2062 977 2300 1056 quidem
2336 1000 2438 1037 sua

285 1071 473 1132 veluti
502 1080 711 1152 sponte
738 1068 1044 1151 profluunt
1074 1090 1144 1126 ex
1176 1069 1498 1145 contrariis.
1519 1068 1818 1149 principiis
1844 1113 1860 1142 ,
1901 1069 2111 1150 quibus
2145 1080 2439 1133 utrorum-

288 1191 402 1251 que
427 1168 725 1228 institutio
746 1167 1044 1225 innititur.
1071 1166 1302 1224 Etenim
1329 1165 1615 1224 Catholici
1641 1187 1711 1224 ex
1735 1167 2026 1246 principio
2052 1169 2435 1245 auctoritatis,

288 1288 421 1348 quae
449 1262 751 1324 catholicae
779 1261 1155 1343 professionis
1188 1259 1642 1321 fundamentum
1670 1262 1976 1320 constituit
2000 1308 2015 1335 ,
2042 1263 2339 1342 integrum
2363 1262 2438 1323 ab

285 1361 538 1420 Ecclesia
561 1379 674 1417 sac.
715 1357 1022 1416 Librorum
1054 1377 1342 1415 canonem
1372 1357 1695 1437 accipiunt,
1728 1355 1803 1414 ab
1836 1357 2164 1438 eademque
2193 1358 2436 1439 dogma-

283 1452 460 1516 ticam
489 1455 1073 1533 interpretationem,
1100 1452 1429 1511 versionem
1455 1473 1520 1510 ac
1548 1474 1822 1510 normam
1845 1453 2101 1534 denique
2132 1455 2438 1534 exegeticae

286 1551 665 1635 expositionis
709 1560 1076 1606 mutuantur.
1121 1549 1314 1619 Quare
1355 1568 1478 1604 non
1526 1547 1851 1607 admodum
1904 1549 2135 1607 solliciti
2182 1561 2321 1608 sunt
2363 1551 2438 1611 de

285 1649 482 1708 critica
509 1658 569 1705 et
597 1644 1039 1703 hermeneutica
1068 1641 1312 1713 biblica3
1340 1641 1553 1723 quibus
1579 1664 1796 1723 nempe
1821 1655 2057 1702 tantum
2084 1644 2442 1726 impendunt

287 1743 501 1816 studii,
537 1751 828 1823 quantum
856 1762 1002 1821 opus
1032 1750 1121 1797 est
1148 1737 1223 1796 ad
1248 1739 1538 1797 rationem
1572 1738 1646 1798 de
1678 1739 1942 1798 Ecclesiae
1968 1739 2238 1800 doctrina
2292 1743 2441 1801 circa

285 1839 569 1918 ejusmodi
613 1835 885 1895 articulos
923 1834 1330 1908 reddendam,
1372 1834 1451 1893 ad
1491 1855 1740 1916 eamque
1786 1834 2073 1894 tuendam
2117 1836 2430 1896 vindican—

284 1935 541 2016 damque
560 1932 634 1991 ab
659 1930 1206 2013 impugnationibus
1231 1929 1716 1991 adversariorem.
1749 1931 1901 2012 Ipsi,
1929 1942 1995 1990 ut
2015 1930 2198 1992 verbo
2218 1932 2434 2008 dicam,

277 2037 402 2110 jam
432 2029 658 2088 habent
683 2027 992 2087 aedificium
1023 2025 1357 2084 absolutum
1386 2047 1524 2085 sane
1553 2048 1617 2085 ac
1642 2027 2005 2108 perfectum,
2030 2028 2092 2085 in
2115 2032 2277 2106 cujus
2304 2051 2436 2110 pos-

289 2127 545 2186 sessione
589 2125 758 2182 firme
802 2143 866 2181 ac
909 2142 1109 2180 secure
1155 2121 1516 2195 consistant,
1566 2143 1676 2180 nec
1729 2123 1841 2181 nisi
1883 2122 2085 2191 titulos
2125 2135 2437 2206 propterea

284 2223 560 2303 legitimae
591 2220 765 2297 hujus
802 2218 1181 2300 possessionis
1211 2216 1562 2277 defendunt.

369 2320 512 2378 2⁵28.
546 2319 763 2376 Contra
792 2337 932 2375 vero
961 2318 1364 2374 Prote-stantes
1393 2336 1467 2374 ex
1490 2316 1761 2397 opposito
1794 2316 2083 2398 principio
2107 2316 2275 2376 liberi
2304 2338 2439 2378 exa-

288 2416 466 2475 minis
499 2412 722 2473 debent
765 2412 827 2470 in
872 2398 1082 2492 primis
1123 2409 1434 2469 aedificium
1467 2411 1663 2492 ipsum
1711 2433 1743 2471 e
1792 2410 1948 2486 solo,
1986 2423 2054 2470 ut
2099 2413 2178 2471 ita
2213 2411 2437 2488 dicam,

292 2513 548 2592 erigere,
589 2510 710 2567 imo
752 2507 1060 2567 materiam
1098 2507 1324 2588 ipsam,
1363 2528 1494 2588 quae
1533 2518 1709 2566 tantae
1753 2507 1888 2566 huic
1922 2508 2062 2566 moli
2088 2507 2439 2572 aedificandae

298 2607 623 2668 necessaria
651 2617 762 2677 est,
779 2603 971 2686 quoad
988 2603 1242 2682 singulas
1267 2624 1396 2661 suas
1425 2615 1622 2684 partes
1637 2604 1984 2684 conquirere
2002 2615 2061 2662 et
2083 2624 2436 2686 congerere3

293 2704 456 2786 prius
497 2723 714 2783 nempe
762 2702 1073 2782 inquirant
1112 2709 1384 2780 oportet,
1423 2709 1623 2755 utrum
1665 2700 1873 2773 existat
1909 2698 2206 2780 Scriptura
2241 2720 2437 2774 sacra,

298 2799 652 2882 quibusnam
685 2796 849 2855 libris
877 2805 1141 2868 constet,
1177 2805 1376 2852 utrum
1402 2815 1606 2853 omnes
1630 2792 1767 2851 libri
1801 2793 1863 2851 in
1887 2794 2127 2875 singulis
2154 2797 2271 2854 suis
2300 2817 2441 2878 par-

296 2895 453 2955 tibus
466 2894 677 2977 integri
697 2903 755 2953 et
772 2891 992 2973 absque
1012 2889 1127 2948 ulla
1146 2888 1603 2971 interpolatione
1620 2888 1695 2948 ad
1712 2912 1817 2948 nos
1836 2912 2019 2973 usque
2034 2893 2436 2973 prevenerint,

298 2993 543 3073 quinam
583 2994 828 3071 insuper
858 2986 1124 3046 canonici
1155 3006 1221 3044 ac
1254 2984 1441 3045 divini
1479 2985 1599 3043 sint
1630 2986 1931 3046 censendi.
1972 2989 2087 3067 Age
2122 3008 2297 3062 veru,
2334 2987 2442 3047 de-

296 3086 444 3146 bent
495 3085 711 3146 deinde
759 3105 968 3144 verum
1018 3102 1085 3141 ac
1124 3083 1396 3140 nativum
1437 3102 1671 3140 sensum
1720 3081 2152 3156 determinare,
2194 3103 2259 3141 ac
2301 3082 2438 3142 fidei

298 3182 541 3241 demum
577 3179 850 3240 articulos
895 3176 1004 3236 sibi
1038 3176 1250 3237 exinde
1295 3198 1665 3259 componere.
1714 3179 1849 3238 Haec
1889 3189 2086 3236 autem
2125 3178 2322 3236 omnia
2363 3200 2436 3238 ex

298 3277 553 3359 genuino
597 3273 1062 3358 protestantismi
1104 3284 1417 3352 systemate
1462 3271 1710 3354 quilibet
1754 3294 1826 3333 ex
1884 3293 2008 3332 sese
2052 3283 2330 3354 praestare
2375 3285 2435 3334 et

301 3372 529 3434 efficere
557 3381 790 3430 tenetur
808 3417 824 3446 ,
859 3368 1037 3451 idque
1065 3389 1202 3427 sane
1231 3367 1333 3427 tali
1360 3367 1710 3427 certitudine
1731 3413 1748 3445 ,
1776 3389 1907 3450 quae
1941 3367 2119 3427 fidem
2147 3367 2434 3448 theologi-

300 3491 431 3530 cam
454 3469 769 3547 subjective
798 3467 1032 3547 gignere
1057 3462 1250 3525 valeat
1270 3509 1287 3539 ,
1321 3483 1675 3547 omnemque
1714 3475 2022 3546 propterea
2051 3463 2289 3524 errandi
2312 3464 2433 3522 for-

370 3664 437 3728 (1)
474 3662 597 3712 Sess.
628 3679 688 3723 v,
730 3663 782 3710 in
816 3660 997 3711 decreto
1027 3661 1085 3710 de
1111 3661 1320 3711 Reform.
1352 3678 1455 3727 cap.
1494 3676 1535 3707 1.
