2502 4134
288 121 411 183 298

891 147 1089 187 TRACT.
1141 152 1208 189 DE
1254 151 1402 192 LOCIS
1450 157 1832 199 THEOLOGmls.

293 290 662 374 expositione
704 287 1037 365 afferenda3
1086 292 1245 374 quod
1282 302 1349 354 et'
1378 294 1453 356 de
1482 297 1743 360 moribus
1789 302 2060 365 similiter
2086 327 2185 367 seu
2222 306 2295 368 de
2326 308 2437 368 do-

289 388 476 465 ctrina
502 383 711 443 morali
745 384 924 445 debet
959 387 1208 470 intelligi
1234 391 1350 471 (1).

375 480 516 540 454.
568 480 677 540 Hic
704 490 905 541 tamen
937 483 1141 543 sedulo
1170 486 1767 550 animadvertendum
1787 503 1910 568 est,
1941 495 2252 579 inscriptis
2285 520 2435 580 quo-

287 598 401 660 que
418 578 659 636 Patrum
685 576 1045 659 distinguere
1064 603 1170 641 nos
1192 581 1410 643 debere
1432 586 1726 663 objectum
1753 588 1889 647 fidei
1916 635 1932 663 .‚
1956 591 2116 672 quod
2147 605 2432 676 tanquam

285 672 642 733 Traditionis
672 685 847 734 testes
879 690 1288 758 propugnant,
1327 701 1358 737 a
1397 683 1614 742 motivo
1642 704 1746 766 seu
1777 684 1956 744 etiam
1990 707 2022 745 a
2071 688 2244 748 modo
2264 736 2280 764 ‚
2317 713 2434 772 quo

293 767 445 828 illud
480 769 813 831 adstruunt.
851 774 918 830 ln
946 774 1162 853 objecto
1195 776 1356 835 enim
1396 775 1532 836 fidei
1571 779 1962 860 proponendo
1992 802 2131 842 vere
2163 804 2224 844 se
2260 796 2436 847 testes

290 866 592 949 produnt3
641 867 704 926 in
748 869 978 929 ratione
1002 882 1200 931 autem
1227 917 1242 946 a
1270 894 1384 954 qua
1424 871 1575 933 illud
1602 874 1935 935 defendunt
1967 888 2070 936 aut
2097 865 2430 956 vindicant,

279 966 407 1041 jam
447 963 532 1022 uti
568 961 834 1024 doctores
878 987 1002 1026 sese
1051 978 1300 1047 gerunt3
1358 968 1662 1029 interdum
1707 969 2019 1032 debiliores
2058 972 2434 1054 probationes

289 1056 594 1118 adducunt
613 1105 630 1135 ,
657 1059 873 1143 quibus
893 1073 1093 1122 tamen
1119 1063 1410 1123 infirmari
1429 1066 1643 1126 veritas
1661 1068 1870 1150 nequit
1893 1068 2076 1150 ipsius
2092 1071 2311 1148 objecti
2320 1073 2432 1152 (2)

287 1154 829 1218 Animadvertenda
865 1159 1106 1241 insuper
1151 1159 1384 1222 diversa
1419 1162 1567 1221 ratio
1604 1174 1728 1248 est,
1765 1185 1880 1246 qua
1915 1167 2116 1225 Patres
2148 1176 2430 1242 utuntur,

283 1250 527 1333 quando
571 1254 871 1336 propriam
919 1257 1274 1316 sententiam
1311 1257 1665 1334 adstruunt,
1719 1259 1793 1319 ab
1835 1281 1901 1321 ea
1947 1283 2062 1343 qua
2112 1261 2247 1323 fidei
2285 1264 2434 1346 dog-

286 1357 447 1407 mata
477 1369 551 1409 ex
573 1349 920 1412 Traditione
963 1366 1363 1436 propugnant.
1403 1355 1636 1415 Etenim·
1674 1378 1808 1415 cum
1841 1359 2145 1440 propriam
2191 1369 2435 1419 tuentur

285 1445 648 1506 sententiam
667 1492 685 1523 .,
730 1448 812 1507 sic
835 1447 1132 1509 disserunt
1148 1494 1165 1525 .,
1202 1462 1270 1509 ut
1291 1450 1520 1510 nullam
1554 1452 1787 1515 diverse
1810 1455 2200 1518 sentientibus
2227 1467 2433 1515 notam

284 1540 528 1602 inurant
549 1589 566 1618 .,
605 1542 788 1603 immo
811 1543 1065 1605 liberum
1087 1548 1295 1607 ceteris
1320 1546 1664 1630 relinquant
1692 1550 1999 1632 proprium
2027 1552 2234 1611 sectari
2260 1550 2434 1634 placi-

283 1648 451 1714 tum,
491 1650 559 1699 ut
593 1651 758 1722 patet
787 1662 860 1701 ex
892 1641 963 1701 iis
983 1686 999 1716 a
1041 1643 1144 1724 qui
1183 1643 1663 1720 contendebant,
1695 1647 1912 1705 iterum
1945 1647 2092 1728 tingi
2125 1645 2341 1707 debere
2356 1646 2433 1707 ab

282 1733 574 1795 haereticis
589 1735 959 1819 baptizatum
981 1738 1101 1818 (3),
1121 1760 1194 1798 ex
1219 1739 1292 1798 iis
1309 1784 1326 1814 9
1355 1740 1454 1821 qui
1470 1762 1719 1821 regnum
1746 1740 2143 1802 millenarium
2170 1743 2432 1804 adstrue-

282 1828 468 1907 bant,
506 1841 610 1891 aut
649 1833 1102 1915 inspirationem
1142 1835 1514 1917 septuaginta
1551 1837 1949 1919 interpretum
1972 1884 1988 1913 a
2028 1838 2258 1921 aliaque
2284 1843 2431 1918 ejus-

280 1927 444 1988 modi
493 1928 955 2011 propugnabant
1004 1929 1126 2011 (4);
1182 1942 1384 1990 contra
1443 1954 1586 1992 vero
1609 1978 1625 2007 .‚
1675 1954 1810 1991 cum
1861 1933 1934 1993 de
1982 1933 2119 1993 fidei
2164 1946 2431 2014 ageretur

279 2022 548 2084 doctrina
568 2070 585 2101 ‚
613 2025 845 2084 nullum
858 2025 1241 2109 patiebantur
1269 2026 1439 2087 aliter
1460 2028 1681 2087 sentire
1705 2073 1721 2102 ‚
1759 2050 1851 2087 ex.
1883 2050 1970 2109 gr.
1998 2030 2145 2087 circa
2167 2028 2426 2088 futuram

277 2140 592 2203 corporum
618 2121 1107 2182 resurrectionem
1126 2167 1143 2198 .,
1185 2120 1562 2183 divinitatem
1615 2121 1790 2182 Verbi
1821 2122 1914 2183 vel
1947 2122 2197 2198 Christi,
2240 2124 2426 2206 inspi-

278 2216 570 2278 rationem
602 2216 1033 2301 Prophetarum
1059 2264 1075 2293 ,
1099 2228 1211 2278 etc.

346 2432 902 2503 (1)C'sr.Maran‚Praefi
935 2438 992 2485 in
1007 2435 1189 2504 opp.S.
1221 2436 1315 2487 Ju-

276 2522 431 2579 stim‘‚
470 2531 591 2587 part.
618 2538 688 2583 n,
721 2539 826 2588 cap.
867 2520 1092 2589 13‚§4‚
1129 2542 1183 2572 n.
1219 2540 1233 2570 1
1269 2533 1316 2572 et

274 2594 472 2670 seqqsset
489 2604 660 2654 Melch.
673 2604 852 2667 Canus,
871 2602 944 2654 De
961 2604 1100 2662 locis,
1119 2605 1209 2656 lib.
1225 2621 1287 2655 vn
1298 2644 1312 2668 ‚

276 2699 381 2754 cap.
415 2704 443 2735 2
474 2699 517 2737 et
546 2707 641 2755 seq.

350 2772 418 2837 (2)
456 2771 556 2822 cfr.
585 2772 758 2824 Melch.
773 2772 892 2822 Can.
912 2773 1001 2821 loc.
1022 2775 1107 2822 cit.
1126 2790 1231 2838 cap.
1249 2786 1280 2820 2
1296 2811 1310 2833 ‚

275 2866 322 2905 et
361 2855 415 2904 P.
461 2855 623 2904 Kilber
657 2852 705 2903 S.
745 2854 794 2904 J.
833 2856 886 2903 in
927 2871 1005 2920 op.
1046 2850 1314 2921 Principia*

275 2937 538 3003 theoloqiea
554 2974 568 2995 ,
617 2936 945 3002 Wircenburgi
996 2951 1117 3004 ¹77¹
1149 2974 1162 2996 ‚
1219 2938 1314 2986 dis-

276 3030 380 3086 put.
410 3037 462 3069 m
480 3059 494 3081 ‚
523 3021 605 3069 De
628 3022 903 3087 principiis
928 3020 1309 3084 adjuvantibus,

276 3120 382 3168 cap.
418 3121 466 3167 ι,
502 3113 592 3153 art.
630 3120 646 3151 ι
683 3114 729 3153 et
770 3122 867 3171 aeq.
903 3103 985 3152 ubi
1020 3103 1155 3169 plura
1194 3106 1310 3152 scitu

275 3186 419 3251 digna
448 3187 638 3236 adnotat
669 3190 790 3237 circa
818 3197 1087 3236 sanctorum
1114 3186 1311 3236 Petrum

277 3286 413 3317 usum
445 3271 496 3316 in
525 3286 574 3318 re
603 3256 884 3333 theologica..

345 3351 412 3414 (3)
448 3350 548 3400 Cfr.
570 3369 677 3418 quae
699 3355 969 3418 scripsimus
999 3354 1049 3401 in
1078 3361 1212 3400 tract.
1232 3353 1311 3401 De

275 3432 419 3483 Saer.
457 3433 511 3481 in
542 3451 654 3499 qen.
684 3452 787 3501 cap.
827 3451 908 3498 m,
945 3453 996 3485 n.
1036 3448 1152 3483 121.

346 3516 411 3582 (h)
449 3515 549 3565 Cfr.
578 3515 773 3576 Maran,
802 3514 895 3569 loc.
929 3519 1012 3568 cit.
1047 3533 1098 3565 n.
1126 3531 1159 3565 2
1179 3554 1192 3577 ‚
1228 3519 1309 3584 qui

276 3594 635 3657 animadvertit,
671 3594 916 3645 Justinum
953 3601 1018 3646 ita
1055 3599 1187 3664 regni
1228 3607 1320 3647 ter-

276 3683 433 3729 restris
465 3691 784 3730 commentum
817 3682 1069 3732 defendere
1089 3720 1101 3744 ‚
1123 3692 1175 3731 ut
1197 3701 1319 3748 purae

1403 2449 1447 2488 et
1483 2441 1671 2505 integrae
1710 2440 1818 2488 fidei
1854 2441 2173 2488 testimonium
2209 2440 2427 2491 adversa-

1402 2524 1480 2570 riis
1505 2524 1720 2584 tribuat3
1755 2532 1916 2571 contra
1943 2540 2049 2571 vero
2080 2525 2129 2571 in
2158 2520 2294 2572 Dial.
2317 2539 2427 2571 cum

1409 2605 1696 2672 Tryphone,
1727 2625 1777 2656 n.
1797 2603 1891 2667 80,
1919 2607 2190 2655 christianos
2218 2617 2314 2656 esse
2342 2623 2426 2656 ne-

1398 2699 1473 2753 gat
1510 2706 1619 2748 eos,
1659 2691 1740 2754 qui
1780 2692 2161 2738 resurrectionem
2198 2706 2296 2737 non
2324 2705 2426 2738 cre·

1398 2771 1536 2820 dunt.
1556 2769 1633 2818 Sic
1650 2773 1789 2819 etiam
1810 2775 2024 2836 quamvis
2042 2771 2167 2820 idem
2183 2770 2236 2820 S.
2252 2771 2426 2836 Mai-tyr

1398 2855 1686 2918 septuaginta
1731 2855 2035 2918 interpretum
2074 2855 2423 2919 inspirationem

1399 2944 1612 2994 tueatur,
1644 2945 1845 2983 attamen
1871 2935 2008 3000 longe
2043 2936 2218 2984 diversa
2248 2936 2424 2983 ratione

1398 3020 1444 3068 id
1478 3029 1741 3086 propugnat
1767 3018 1830 3068 ab
1853 3037 1908 3069 eo
1929 3057 1942 3080 ‚
1970 3031 2063 3086 quo
2089 3020 2422 3085 Prophetarum

1397 3105 1555 3152 asserit
1588 3105 1959 3168 inspirationem.
1998 3102 2182 3151 Judaeos
2213 3105 2340 3152 enim
2371 3107 2422 3151 in

1397 3187 1488 3235 hoc
1510 3195 1691 3235 tantum
1725 3189 1947 3251 castigat,
1990 3202 2041 3233 n.
2073 3182 2166 3245 68,
2197 3201 2255 3251 71
2281 3223 2293 3245 ‚
2327 3201 2419 3253 72,

1399 3269 1526 3337 quod
1556 3267 1842 3317 elaboratam
1872 3268 1998 3333 apud
2024 3268 2324 3317 Ptolemaeum
2345 3273 2421 3317 in-

1398 3346 1776 3418 terpretationem
1809 3352 2060 3399 immutare
2091 3362 2135 3399 et
2163 3354 2428 3417 vituperare

1398 3435 1656 3497 auderent3
1696 3435 1893 3482 minime
1923 3451 2028 3482 vero
2049 3474 2062 3494 ‚
2102 3435 2226 3502 quod
2259 3436 2428 3483 divini·-

1400 3529 1473 3566 ωε
1497 3518 1771 3582 inspiratam
1804 3533 1899 3563 non
1924 3517 2182 3568 crederent.
2211 3519 2268 3567 Et
2289 3521 2347 3567 ita
2371 3518 2429 3567 de

1405 3601 1506 3650 aliis
1535 3601 1765 3669 ejusmodi
1795 3601 1990 3650 dicatur.
