2502 4134
2174 142 2251 201 63

418 167 581 208 PART.
633 170 697 206 11.
744 165 866 205 CAP·
909 166 975 205 11.
1024 164 1093 202 DE
1136 164 1316 205 mvm.
1365 160 1497 200 CAN.
1546 162 1692 200 Luni.
1743 164 1947 202 msl’m.

126 319 420 386 lahorem,
464 318 651 374 immo
695 334 829 374 vero
880 315 1185 393 ueyotium
1222 311 1471 390 plenum
1523 308 1883 388 vigiliarum
1918 319 1973 367 et
2011 309 2253 368 sudoris

125 416 567 492 assumpsimus
591 409 700 490 (1).
722 438 724 442 ·
743 409 996 482 Quinam
1033 418 1230 467 autem
1260 402 1746 480 fuerit-ejusmodi
1782 402 1948 462 labor
1982 414 2042 463 et
2071 424 2256 483 nego-

128 510 279 568 tium
300 507 446 567 adeo
470 505 702 565 difficile
719 551 735 580 ,
761 506 1025 587 ipsemet
1040 503 1300 565 declarat
1315 545 1331 575 ,
1362 498 1636 577 adjiciens
1667 520 1680 556 :
1706 500 1881 557 Sicut
1905 503 2067 558 euim
2089 496 2256 560 ’πονου

39 627 44 630 ·
127 606 333 663 domus
356 604 667 663 architecto
700 603 766 660 de
798 604 1086 660 universa
1118 607 1428 658 structura
1463 594 1812 654 curandum
1849 605 1964 663 est,·
2003 599 2061 653 ei
2095 617 2257 666 vere,

126 705 238 779 qui
264 703 514 780 pingere
562 708 778 768 curat,
819 718 951 775 quoe
1007 706 1153 774 apta
1201 704 1342 770 sunt
1383 693 1468 750 ad
1513 699 1834 758 ornatum,
1881 693 2255 768 exquirenda

127 806 274 855 suut
295 821 313 853 .·
347 800 435 853 ita
463 794 891 854 (estimandum
916 802 1001 850 est
1023 802 1078 849 et
1102 796 1175 849 iu
1204 790 1395 848 uobis.
1434 788 1679 847 Etenim
1709 785 2070 851 intellectum
2097 789 2260 846 colli-

123 912 286 972 qere,
319 901 374 948 et
396 891 679 947 ordinare
706 908 1037 946 sermonem
1053 928 1078 959 ,
1117 896 1174 944 et
1197 885 1502 947 curiosius
1528 891 1736 961 partes
1771 880 2046 960 sinyulas
2075 903 2262 959 quas-

129 1009 243 1066 que
298 987 634 1063 disquirere
658 1029 677 1052 ,
730 983 996 1040 historice
1043 985 1328 1059 eonqruit
1383 982 1626 1036 auctori
1643 997 1665 1045 ,·
1716 978 2067 1035 brevitatem
2122 998 2263 1037 vero

132 1083 414 1140 dictionis
446 1082 695 1146 sectari,
732 1087 788 1135 et
815 1078 1184 1134 executiones
1213 1094 1426 1132 rerum
1460 1076 1684 1141 vitare,
1728 1073 2037 1132 brevianti
2063 1093 2263 1133 conee-

134 1178 398 1235 deudum
429 1183 515 1231 est
544 1163 656 1249 (2).

219 1270 353 1328 101.
399 1267 482 1326 Ex
531 1263 741 1347 quibus
791 1264 1101 1346 postremis
1165 1260 1361 1323 verbis
1414 1261 1795 1342 intelligimus
1821 1308 1837 1337 ,
1896 1284 2021 1322 non
2073 1263 2263 1325 solum

133 1360 410 1424 vocabula
431 1405 448 1434 a
480 1381 687 1420 verum
712 1359 891 1419 etiam
919 1358 1327 1440 hagiographis
1353 1358 1735 1440 scriptoribus
1756 1380 1789 1417 a
1809 1358 2027 1441 Spiritu
2052 1361 2266 1421 Sancto

84 1478 88 1482 ·
131 1457 399 1518 relictum
437 1478 562 1516 esse
591 1456 892 1535 negotium
918 1455 1333 1537 conquirendi,
1366 1475 1496 1536 quae
1528 1454 1604 1514 ad
1639 1465 1977 1537 susceptum
2018 1456 2267 1539 inspira-

131 1565 375 1636 tumque
399 1575 433 1612 a
455 1556 574 1612 Deo
594 1552 931 1611 institutum
956 1552 1355 1634 pertinerent,
1386 1551 1614 1632 quoties
1646 1552 1895 1637 aggressi
1928 1564 2070 1611 sunt
2090 1575 2266 1612 man-

134 1649 271 1709 dare
314 1649 523 1709 litteris
561 1648 867 1722 historiaS‚
914 1647 1162 1707 morales
1193 1648 1567 1722 *sententia87
1612 1658 1672 1706 et
1722 1646 2014 1730 quidquid
2059 1671 2265 1709 eorum

136 1746 331 1805 animo
358 1744 780 1808 obversabatur
798 1789 815 1819 ,
855 1742 951 1806 vel
972 1742 1226 1803 naturali
1254 1754 1487 1825 poterat·
1509 1741 1786 1819 facultate
1824 1742 2124 1807 obversari
2150 1745 2261 1826 (3).

205 2006 269 2069 (l)
306 2004 419 2070 Cap.
457 2022 524 2065 ιι,
561 2019 642 2071 27.

206 2086 274 2152 (2)
313 2087 435 2136 lbid.
470 2087 640 2136 30-32.

206 2169 275 2232 (3)
313 2169 411 2217 Cfr.
454 2169 512 2218 de
551 2171 640 2217 hoc
677 2177 980 2233 argumento,
1011 2165 1157 2215 Bible

142 2249 198 2297 de
220 2248 277 2297 V
271 2266 406 2309 enee,
428 2253 690 2316 cinquieme
708 2250 819 2299 edit.
852 2249 976 2298 Paris
1000 2245 1124 2315 1827
1141 2285 1155 2309 ‚

142 2342 259 2382 tom.
297 2348 345 2393 1,
381 2334 615 2381 Discours
643 2332 923 2397 prelimin„
964 2333 1159 2381 seconde

141 2416 317 2478 partie,
349 2431 457 2480 pag.
487 2412 553 2463 55
580 2423 625 2462 et
657 2417 775 2462 suiv.
800 2412 978 2461 Nicolai
996 2451 1011 2475 ‚
1037 2412 1161 2460 Dis-

140 2503 253 2544 sert.
285 2499 364 2544 cit.
394 2514 498 2561 pag.
540 2494 598 2544 18
625 2506 669 2544 et
698 2513 831 2562 seqq.
863 2494 1048 2560 Dupin,
1081 2512 1161 2559 op.

104 2572 106 2578 ⁸
143 2579 224 2625 cit.
269 2578 410 2626 Diss.
447 2576 670 2643 prelim„
709 2578 791 2625 lib.
824 2594 871 2638 ι,
913 2577 1050 2642 chap.
1092 2569 1182 2637 2,⁴

145 2656 172 2724 §
199 2655 256 2719 6;
283 2659 421 2715 Rich.
453 2658 617 2708 Simon
640 2696 653 2719 ‚
693 2658 830 2708 Hist.
870 2660 1073 2723 critique
1097 2658 1165 2706 du

147 2736 384 2789 Nouveau
418 2741 718 2798 Testament,
737 2741 873 2806 chap.
906 2742 969 2789 23
997 2751 1042 2790 et
1072 2738 1163 2804 24,

149 2824 231 2872 ubi
258 2826 531 2873 sententiam
551 2824 697 2873 Lessii
730 2834 775 2872 et
803 2823 1027 2886 Hamelii,
1054 2840 1164 2890 quae

150 2905 262 2954 illuc
286 2905 482 2954 refertur
499 2944 513 2963 ‚
547 2906 779 2954 mordicus
805 2906 1021 2954 adversus
1052 2922 1164 2954 cen-

152 3004 277 3036 suras
295 2988 493 3037 duarum
511 2988 854 3036 academiarum
867 2988 1167 3037 Lovaniensis

156 3078 200 3117 et
228 3068 479 3118 Duacensis
516 3079 691 3118 tuetur.
732 3068 839 3117 Non
873 3080 1030 3118 tamen
1069 3072 1169 3118 sine

157 3150 332 3200 delectu
363 3162 407 3200 et
435 3149 619 3200 cautela
653 3151 839 3200 liberior
869 3152 948 3200 hic
977 3154 1170 3218 scriptor

158 3231 246 3296 legi
272 3233 426 3284 debet.
452 3234 550 3283 cfr.
579 3236 692 3283 item
717 3233 932 3294 calmet,
959 3235 1069 3283 diss.
1090 3233 1172 3282 De

161 3308 270 3362 libr.
295 3300 396 3366 sac.
435 3317 664 3382 inspirat.
697 3327 783 3366 art.
822 3333 882 3377 2;
914 3316 1134 3366 Janssens
1154 3352 1170 3377 ,

164 3407 239 3455 op.
261 3397 339 3444 cit.
369 3396 432 3446 Hi
466 3408 625 3448 autem
657 3399 828 3465 aliique
859 3399 1070 3467 ejusdem
1099 3399 1172 3447 la-

165 3473 288 3521 tioris
311 3477 622 3543 inspirationis
642 3491 885 3530 sectatores
898 3518 913 3542 ‚
930 3483 1036 3548 quae
1056 3497 1170 3529 con-

164 3553 300 3603 traria
327 3556 413 3606 sibi
430 3561 671 3625 videntur,
695 3562 884 3612 Patrum
911 3564 1171 3613 testimonia

165 3639 408 3690 commode
425 3656 692 3709 exponunt,
719 3657 767 3697 et
790 3648 879 3698 alia
904 3647 1067 3698 iisdem
1087 3663 1171 3711 op-

1239 2013 1449 2067 ponunt,
1488 2004 1540 2052 in
1579 2002 1752 2068 quibus
1787 2002 1942 2052 Patres
1978 2007 2269 2053 contrarium

1239 2086 1459 2134 videntur
1500 2085 1686 2134 docere.
1726 2085 1873 2134 Nobis
1911 2088 2018 2135 satis
2065 2089 2150 2136 erit
2192 2085 2270 2136 hic

1241 2186 1391 2217 unum
1408 2169 1480 2217 vel
1496 2169 1694 2217 alterum
1712 2166 1878 2217 afferre
1895 2171 2161 2234 speciminis
2176 2188 2270 2235 gra-

1241 2250 1307 2296 tia
1350 2267 1433 2314 pro
1479 2250 1565 2297 hac
1604 2253 1853 2299 sententia.
1896 2249 1948 2299 S.
1982 2249 2270 2316 Augustinus

1244 2329 1327 2378 De
1353 2347 1586 2378 consensu
1604 2330 1803 2395 Evany.
1829 2331 1913 2380 lib.
1942 2346 2013 2391 ιι,
2040 2349 2144 2396 cap.
2178 2347 2235 2380 12
2253 2368 2269 2395 ‚

1244 2428 1297 2458 n.
1325 2427 1387 2475 27
1413 2449 1426 2471 ‚
1457 2413 1516 2460 de
1545 2415 1710 2460 sanctis
1740 2412 2047 2477 Evangelistis
2068 2413 2166 2461 haec
2189 2430 2272 2462 ex-

1247 2509 1400 2557 presse
1431 2492 1593 2540 scribit
1626 2507 1640 2541 :
1682 2492 1753 2542 Ut
1778 2495 1911 2540 enim
1944 2496 2146 2559 quisque
2174 2511 2273 2544 me-

1246 2576 1453 2622 minerat
1465 2610 1483 2636 ‚
1521 2582 1566 2622 et
1590 2583 1644 2622 ut
1674 2577 1846 2640 cuique
1872 2575 2008 2624 cordi
2030 2586 2136 2625 erat
2148 2612 2167 2639 ,
2199 2578 2277 2627 vel

1245 2656 1442 2704 brevius
1465 2655 1541 2704 vel
1561 2655 1833 2723 prolixius,
1867 2657 2082 2706 eamdem
2104 2667 2269 2709 tamen

1247 2737 1490 2804 explicare
1502 2740 1805 2796 seutentiam,
1826 2741 1895 2787 ita
1914 2757 1988 2788 eos
2004 2741 2270 2807 explicasse

1248 2821 1557 2885 ntauisestum
1582 2832 1663 2869 est.
1685 2821 1776 2870 Sed
1805 2834 1990 2887 praestat
2015 2826 2171 2888 ipsum
2193 2825 2274 2873 hic

1249 2904 1408 2967 adire3
1453 2904 1599 2952 fusius
1627 2907 1753 2953 enim
1789 2921 1891 2953 rem
1931 2905 2053 2953 hanc
2091 2916 2272 2971 pertra-

1250 2997 1369 3047 ctat,
1402 3006 1453 3036 n.
1483 2985 1547 3036 28
1570 2999 1615 3037 et
1644 3003 1740 3055 293
1770 2999 1814 3038 et
1841 2992 2009 3037 iterum
2029 3006 2134 3055 cap.
2151 2987 2220 3038 66
2257 3008 2272 3039 ε

1253 3069 1398 3133 Quod
1430 3085 1595 3130 nosse,
1627 3071 1812 3131 scribit,
1848 3072 2131 3120 semoribus
2162 3072 2278 3121 utile

1252 3161 1344 3213 ese,
1354 3161 1551 3219 propter
1564 3153 1777 3200 cavenda
1795 3161 1839 3201 et
1842 3153 2126 3219 judicanda
2143 3173 2277 3205 men-

1252 3235 1395 3284 dacia
1407 3255 1427 3298 ;
1451 3246 1496 3284 et
1510 3238 1610 3302 ipsi
1620 3237 1741 3300 fidei
1749 3274 1763 3294 ,
1783 3254 1843 3285 ne
1857 3246 2109 3304 putemus,
2136 3242 2280 3305 quasi

1253 3322 1541 3368 consecratis
1570 3322 1703 3367 sonis
1718 3355 1736 3381 ‚
1773 3321 1844 3367 ita
1877 3323 2069 3369 muniri
2098 3324 2280 3371 verita-

1255 3408 1347 3450 tem
1364 3438 1381 3460 ,
1410 3411 1641 3467 tanquam
1675 3401 1814 3450 Deus
1845 3403 2018 3465 nobis,
2051 3403 2278 3468 quemad-

1253 3484 1447 3531 modum
1482 3485 1641 3549 ipsam
1681 3501 1778 3532 rem
1794 3506 1810 3543 ·‚
1854 3486 1927 3536 sic
1963 3485 2138 3543 verba,
2172 3502 2280 3550 quae

1245 3575 1444 3632 propter
1474 3565 1607 3614 illam
1635 3574 1750 3614 sunt
1776 3566 2012 3629 dicenda,
2036 3583 2280 3615 commen-

1254 3647 1350 3699 det.
1387 3646 1436 3700 S.
1478 3648 1793 3716 Hieronymus
1814 3686 1829 3710 ‚
1862 3648 2028 3716 Epist.
2058 3666 2146 3701 nvn
2166 3686 2182 3708 ,
2214 3649 2282 3699 ad
