2502 4134
267 122 386 186 376

870 145 1063 196 tRAc'r.
1110 145 1179 181 ΠΒ
1223 144 1376 183 Locls
1419 147 1796 189 Tnnozoclcls.

270 293 344 352 Et
385 299 520 372 post
552 288 674 348 haec
707 283 937 367 aliaque
980 285 1307 363 ejusmodi,
1347 308 1478 368 quae
1514 288 1709 349 afferri
1747 307 1990 373 possent
2033 296 2402 370 testimonia,

269 385 737 471 philosophiam,
780 383 1046 466 quamvis
1087 403 1414 464 paganam,
1455 382 1738 446 damnare
1770 390 2079 471 quisquam
2114 392 2405 452 audebit?

349 483 448 542 58.
499 481 587 542 Ad
613 482 721 556 4¹¹¹,
752 482 904 562 Ney.
933 479 1187 538 Tametsi
1220 479 1382 538 enim
1416 500 1522 559 per
1569 480 1794 562 aliquot
1839 484 2026 543 secula
2056 488 2215 570 apud
2246 488 2406 547 Chri-

266 580 481 640 stianos
506 577 876 660 philosophia
894 598 956 635 ac
978 575 1255 636 revelatio
1281 574 1456 633 simul
1476 580 1802 654 conjunctae
1822 577 2039 639 fuerint
2058 626 2075 655 7
2097 605 2404 666 nunquam

267 687 471 735 tamen
517 697 617 733 sua
657 675 869 734 rationi
906 677 1039 750 jura
1083 671 1369 750 denegata
1420 671 1697 757 fuerunt,
1735 694 1844 732 nec
1886 672 1985 732 illa
2026 675 2405 759 philosophiae

268 792 335 831 ac
371 769 744 831 revelationis
782 768 1245 850 compenetratio
1284 767 1559 849 contigit,
1606 790 1785 849 quam
1832 769 2155 850 praedicant
2198 772 2406 833 adver-

269 866 422 926 sarii.
463 867 618 925 Num
664 866 824 925 enim
863 865 1173 947 quisquam
1228 883 1300 921 ex
1354 862 1730 923 revelationis
1789 864 1950 924 fonte
2003 867 2284 947 processit
2331 868 2406 927 ad

271 963 546 1023 veritates
582 961 921 1023 immediata
962 958 1258 1021 evidentia
1296 958 1586 1038 fulgentes
1637 960 2080 1036 admittendaS‚
2132 962 2219 1020 uti
2254 962 2409 1022 exis·

270 1057 523 1118 tentiam
568 1058 693 1132 sui,
749 1058 1081 1130 axiomata,
1133 1053 1298 1116 etos?
1352 1056 1637 1115 Veritates
1687 1057 1829 1138 ipsae
1879 1057 2293 1139 metaphysicae
2343 1078 2409 1117 ac

274 1152 523 1214 morales
541 1199 558 1230 a
588 1153 722 1213 licet
746 1152 1118 1216 revelationis
1142 1153 1319 1211 etiam
1345 1152 1616 1234 praesidio
1642 1154 1860 1211 firmari
1885 1153 2212 1214 identidem
2247 1153 2408 1214 sole—

274 1262 448 1325 rent,
487 1263 685 1311 tamen
726 1251 1082 1331 argumentis
1116 1270 1148 1308 e
1184 1247 1303 1307 sola
1340 1249 1567 1308 ratione
1604 1249 1800 1331 petitis
1840 1251 2134 1331 praecipue
2171 1251 2408 1313 evince—

272 1346 528 1421 banturt,
571 1351 730 1425 cujus
776 1347 857 1406 rei
895 1344 1232 1405 testimonio
1271 1356 1357 1403 est
1405 1344 1704 1403 luculento
1745 1346 1869 1427 ipse
1905 1347 1962 1405 S.
2008 1346 2297 1420 Thomas,
2342 1346 2404 1405 in

274 1447 437 1522 cujus
470 1442 743 1526 operibus
774 1443 1027 1525 perfecta
1066 1440 1139 1500 de
1177 1439 1351 1499 rebus
1388 1440 1806 1522 philosophicis
1837 1440 2223 1500 rationalibus
2248 1453 2407 1503 trac-

280 1540 463 1617 tatic,
504 1561 537 1597 a
577 1538 935 1599 revelatione
971 1536 1147 1619 plane
1182 1535 1624 1618 independens,
1667 1537 1971 1595 invenitur
2005 1536 2115 1616 (l).
2162 1537 2408 1619 Semper

271 1636 448 1716 igitur
489 1634 614 1695 haec
647 1635 804 1693 inter
843 1632 1276 1716 philosophiam
1312 1653 1377 1690 ae
1415 1631 1842 1692 revelationem
1880 1633 2107 1712 cognita
2138 1633 2249 1692 fuit
2280 1632 2406 1692 dis-

273 1731 519 1806 tincti0,
566 1751 799 1810 semper
845 1728 1059 1788 rationi
1113 1728 1199 1787 vis
1249 1726 1471 1805 obJecta
1519 1738 1745 1786 naturae
1794 1749 1914 1785 suae
1964 1730 2406 1810 proportionata

275 1825 660 1906 cognoscendi
696 1846 762 1884 ac
797 1822 1246 1883 demonstrandi
1284 1821 1505 1881 tributa
1541 1823 1654 1901 (2).

357 1921 457 1981 59.
508 1920 597 1982 Ad
627 1920 733 1996 5¹¹¹,
769 1920 918 2001 Ney.
950 1921 1099 1978 Nam
1130 1918 1347 2001 partim
1379 1917 1520 1977 falsa
1542 1964 1559 1994 7
1602 1918 1819 2000 partim
1854 1930 2198 1999 exaggerata
2233 1931 2406 1995 sunt,

277 2037 405 2101 quae
439 2017 656 2100 passim
680 2036 840 2076 nunc
862 2014 1144 2098 temporis
1168 2014 1232 2074 in
1262 2013 1586 2075 Cartesium
1610 2017 1843 2095 congeri
1866 2014 2059 2075 solent
2086 2015 2198 2098 (3).
2220 2015 2407 2091 Quid·-

274 2251 407 2302 cinus
429 2254 527 2318 jam
546 2252 774 2318 praestitit.
792 2249 893 2299 cfr.
911 2250 1004 2298 loc.
1021 2251 1103 2298 cit.
1123 2265 1228 2314 cap.
1246 2247 1298 2312 4.
1383 2247 1647 2314 ΙοεοΡΙιὶοαε
1703 2247 2023 2314 disciplinas,
2073 2266 2179 2315 quae
2222 2251 2411 2299 ratione

274 2334 494 2401 optabile
513 2353 650 2401 porro
669 2336 828 2383 fuisset
842 2371 855 2394 ,
877 2334 1001 2383 utel.
1022 2333 1100 2382 ab.
1123 2332 1295 2392 Maret‚

272 2422 324 2467 in
366 2421 544 2484 egregio
587 2435 671 2467 suo
714 2435 851 2484 opere
892 2435 907 2465 ε
950 2416 1103 2465 Εεεαὲ
1138 2432 1226 2464 sur
1259 2414 1299 2463 Ie

274 2500 592 2550 Pantheisme
604 2500 728 2549 dam
744 2499 809 2548 les
824 2501 1016 2548 societas
1029 2498 1296 2562 modernos,

276 2585 432 2632 Paris
471 2582 628 2647 1840,
667 2584 797 2632 hunc
837 2583 1080 2648 scopulum
1112 2583 1293 2631 cautius

271 2664 565 2714 declinasset.

344 2746 409 2811 (1)
448 2746 572 2795 Hinc
587 2747 712 2797 Prof.
732 2746 908 2796 Cousin
931 2749 1027 2812 ipse
1053 2746 1295 2796 Summam

275 2829 317 2879 D
328 2829 543 2880 .Thomae
557 2831 776 2897 appellat,
805 2831 858 2881 U
855 2849 889 2878 n
902 2829 1102 2895 des-plus
1114 2830 1297 2895 qrands

272 2929 561 2961 monumens
617 2914 674 2962 de
723 2912 913 2981 I'esprit
967 2913 1176 2961 Immain
1228 2930 1296 2962 au

272 2999 581 3062 moyen-dyc,
609 3006 653 3046 et
678 3003 773 3065 qui
792 2997 1049 3063 comprend
1071 3013 1183 3044 avec
1198 3013 1297 3044 une

275 3077 418 3127 haute
446 3080 804 3146 metaphysique
827 3097 898 3128 un
915 3080 1114 3144 systema
1141 3082 1298 3127 entier

276 3161 333 3209 de
358 3162 538 3211 morale
566 3171 610 3211 et
640 3165 790 3210 'neme
808 3162 866 3210 de
882 3162 1138 3228 politique.
1158 3162 1293 3209 Hice.

273 3243 333 3292 de
358 3242 406 3291 la
434 3240 770 3311 Philosophia,
807 3255 922 3294 tom.
947 3261 964 3293 1
982 3281 996 3306 ‚
1032 3262 1139 3311 pag.
1170 3242 1288 3292 312.

344 3324 409 3390 (2)
448 3325 515 3374 Ita
543 3325 636 3391 jam
673 3326 725 3377 S.
756 3327 959 3376 Thomas
981 3364 994 3388 ‚
1029 3342 1045 3375 ι
1081 3344 1131 3393 p.
1165 3344 1211 3392 q.
1241 3343 1290 3387 1,

273 3418 361 3458 art.
410 3424 468 3468 ι,
512 3407 569 3456 Ο.
607 3426 677 3458 res
716 3420 926 3460 accurate
961 3410 1234 3458 distinxerat
1274 3424 1290 3457 ε

274 3490 616 3540 Necessarium
640 3490 741 3554 suit
772 3491 837 3539 ad
868 3491 1133 3539 humanam
1161 3489 1292 3538 salu-

270 3583 366 3621 tem
398 3589 496 3622 esse
532 3571 802 3621 doctrinam
828 3572 1087 3637 quamdam
1115 3588 1287 3620 secum-

1381 2330 1597 2378 Immana
1628 2331 2000 2396 investiqantur.
2032 2331 2105 2380 Ita
2137 2332 2329 2399 quidem
2356 2335 2408 2402 in

1382 2413 1497 2462 edit.
1535 2413 1676 2462 Rom.
1715 2412 1845 2479 1570
1863 2451 1878 2474 ,
1910 2424 2022 2464 tom.
2043 2434 2088 2465 x.
2114 2414 2233 2465 Nam
2262 2418 2312 2465 in
2334 2434 2408 2465 re·

1380 2496 1524 2562 liquis
1551 2495 1837 2545 editionibus
1858 2532 1872 2557 ,
1906 2515 2023 2563 quas
2051 2498 2258 2556 contuli,
2294 2498 2407 2564 legi-

1382 2588 1457 2626 tur
1471 2588 1654 2646 proeter
1670 2578 1902 2645 physicas
1915 2598 1935 2642 ‚-
1965 2581 2003 2628 si
2035 2598 2139 2629 vera
2161 2581 2258 2630 haec
2273 2581 2406 2632 lectio

1381 2672 1498 2710 esset
1514 2698 1528 2722 ‚
1561 2679 1657 2710 non
1686 2665 1735 2710 in
1754 2660 1843 2711 alio
1861 2678 2000 2711 sensu
2030 2663 2154 2711 hanc
2167 2662 2217 2713 S.
2237 2663 2407 2713 Doctor

1380 2761 1541 2793 vocem
1570 2748 1810 2809 usurpavit
1837 2763 1978 2810 quam
1999 2747 2049 2793 in
2069 2746 2267 2811 generali
2285 2744 2404 2812 plei-

1381 2824 1606 2892 losophiae
1623 2827 1883 2889 naturalis,
1898 2839 1947 2875 ut
1963 2837 2087 2893 patet
2101 2845 2159 2876 ex
2170 2837 2402 2876 contextu.

1448 2908 1512 2973 (3)
1551 2908 1686 2959 Certe
1719 2912 1768 2957 in
1800 2911 2007 2960 Cartesio
2037 2920 2116 2958 aut
2145 2911 2401 2959 doctrinam

1379 3002 1457 3042 aut
1489 2991 1758 3039 methodum
1790 3002 1985 3057 spectas.
2020 2990 2068 3040 Si
2101 2991 2360 3040 doctrinam
2383 3029 2397 3053 ‚

1378 3092 1430 3124 ea
1470 3076 1663 3122 omnino
1707 3074 1920 3140 religiosa
1942 3110 1956 3133 ,
1990 3089 2043 3121 ac
2075 3083 2127 3121 ut
2160 3075 2301 3122 modo
2329 3075 2398 3123 lo-

1377 3164 1589 3224 quuntur
1612 3192 1626 3216 ,
1682 3155 1820 3220 plane
1871 3154 2244 3221 spv'rimalistica
2286 3167 2395 3217 est,

1377 3256 1575 3305 eamque
1614 3234 1878 3302 philosophi
1920 3236 2250 3300 religiosissimi
2287 3256 2395 3288 cum

1377 3323 1641 3371 christianae
1656 3322 1762 3371 fidei
1776 3318 2089 3370 emolumento
2102 3324 2259 3370 sectati
2273 3333 2397 3371 sunt.

1378 3404 1513 3471 Quod
1551 3408 1590 3453 si
1628 3406 1799 3469 impius
1836 3402 2043 3469 Spinosae
2081 3405 2398 3470 pantheismus

1374 3507 1400 3540 e
1441 3491 1598 3538 castris
1634 3487 1910 3537 Cartesianae
1950 3489 2250 3555 philosophiae
2288 3507 2395 3555 pro-

1375 3571 1512 3619 diisse
1547 3569 1729 3618 dicatur
1753 3606 1767 3631 ,
1814 3572 1921 3619 satis
1963 3582 2029 3621 est
2070 3572 2254 3636 legere,
2296 3589 2397 3638 quae

269 3654 387 3704 dum
406 3653 739 3705 revelationem
757 3654 979 3703 divinam
994 3654 1291 3722 praeterphi-
1366 3643 1550 3708 jamdiu
1568 3653 1819 3705 Gerdillius
1836 3657 2014 3723 scripsit
2031 3657 2080 3706 in
2104 3673 2186 3706 sua
2212 3654 2393 3706 dissert.
