2502 4134
2027 59 2031 62 ⁴
2077 86 2191 146 577

469 107 622 148 PAR'r.
668 108 757 144 111.
807 108 956 146 SECT.
1002 107 1062 145 11.
1107 109 1233 146 GAP.
1279 109 1344 148 11.
1394 106 1466 146 DE
1509 107 1791 146 METHODO.

73 255 343 317 latissima
381 250 457 310 ad
492 252 750 310 errorem
796 250 1177 330 omnigenum
1221 234 1506 314 sternitur
1544 251 1636 311 via
1667 251 1782 333 (1).

153 348 291 410 351.
340 348 538 405 Restat
582 346 786 425 igitur,
844 356 914 405 ut
956 343 1409 418 concludamus»,
1461 354 1552 404 tot
1606 365 1807 424 graves
1866 342 1941 403 ob
1993 365 2190 407 causas

69 441 414 503 methodum
442 441 838 520 syntheticam
870 461 973 499 seu
996 440 1532 499 demonstrativam
1567 439 1632 498 in
1664 427 1884 498 scholis
1901 437 2194 515 catholicis

68 536 337 615 theologo
386 534 710 613 dogmatico
752 526 1155 593 adhibendam
1200 555 1342 593 esse.
1401 533 1510 593 Cui
1558 532 1800 615 quidem
1843 545 1910 593 ut
1943 533 2198 595 fideliter

23 632 26 635 ’
69 654 192 692 sese
230 628 630 690 accommodet
654 673 671 703 a
701 626 930 693 curabit
972 628 1276 708 inprimiS.,
1326 648 1461 687 cum
1490 627 1566 687 ad
1607 628 1863 708 singulas
1914 627 2191 689 veritates

70 725 400 806 probandas
462 722 806 796 devenerit,
862 733 1085 781 statum
1140 723 1477 804 quaestionis
1528 734 1794 782 accurate
1841 743 1906 782 ac
1946 721 2200 784 dilucide

69 820 498 892 determinare,
526 817 917 925 praenotiones
948 816 1220 891 tradere,
1250 816 1560 876 veritatem
1588 816 1930 876 catholicam
1956 838 1991 876 a
2015 838 2197 898 quaes-

69 912 325 973 tionibus
362 897 660 972 adscititiis
688 932 1026 985 secernere·
1071 907 1438 993 patefacere,
1473 911 1773 992 quodnam
1799 911 1875 970 sit
1896 911 2194 989 objectum

70 1007 444 1068 definitionis.
497 1007 797 1089 Proposita
852 1008 1051 1088 itaque
1101 1005 1212 1066 hoc
1265 1006 1439 1066 modo
1482 1005 1748 1066 Ecclesiae
1793 1017 1897 1065 aut
1947 1007 2198 1067 Romani

69 1103 363 1163 Pontificis
401 1101 739 1162 definitione
766 1113 868 1162 aut
893 1103 1213 1181 generatim
1248 1102 1455 1183 quavis
1479 1100 1742 1162 Ecclesiae
1768 1101 2037 1162 doctrina
2059 1113 2196 1162 tan-

68 1219 246 1278 quam
293 1197 481 1276 thesi,¹
525 1218 656 1257 eam
699 1197 964 1280 adstruet
1006 1197 1368 1280 argumentis
1403 1189 1518 1256 suae
1542 1195 1868 1278 disciplinae
1907 1197 2193 1278 proprii3‚

70 1292 383 1374 fulcietque
409 1293 476 1350 iis
517 1290 790 1352 omnibus
813 1290 1119 1365 subsidii3.,
1161 1313 1413 1373 quorum
1450 1313 1631 1373 capax
1671 1303 1798 1366 est,
1840 1312 2197 1374 omnemque

66 1388 353 1448 evasionis
411 1385 637 1444 aditum
687 1387 1034 1447 adversariis
1093 1386 1393 1460 occludet3
1458 1386 1732 1462 demum,
1803 1408 1931 1468 quae
2001 1386 2198 1448 eidem.

66 1476 218 1536 thesi
281 1497 649 1559 quacumque
701 1478 1068 1536 videbuntur
1107 1482 1348 1540 ratione
1397 1480 1731 1556 adversari,
1789 1482 1996 1542 diluet.
2058 1484 2197 1542 Haec

65 1570 376 1630 methodus
415 1569 786 1652 simplicitate
811 1591 913 1629 sua
952 1591 1014 1630 se
1046 1571 1457 1645 commendat3
1488 1573 1611 1632 haec
1635 1575 1919 1638 utilitates
1942 1598 2146 1636 omnes
2173 1623 2190 1653 ,

69 1668 296 1751 (Ῑυεενίο
333 1678 599 1726 veterum
649 1665 989 1724 scholastica
1039 1666 1318 1725 methodo
1366 1668 1786 1743 inveniuntur,
1834 1669 2065 1746 haurit,
2111 1673 2195 1731 ita

66 1773 268 1821 tamen
302 1772 368 1820 ut
401 1764 526 1840 ejus
563 1760 706 1823 vitia
736 1759 990 1820 declinet
1017 1804 1034 1836 7
1075 1773 1138 1820 et
1167 1761 1520 1842 theologiam
1556 1762 1632 1822 ad
1665 1765 1935 1846 proprios
1973 1766 2194 1827 revela-

66 1858 239 1917 tionis
282 1857 471 1917 fontes
518 1866 792 1930 revocet;
839 1854 962 1916 haec
995 1855 1304 1919 severitate
1338 1876 1441 1917 sua
1479 1858 1762 1939 captiosas
1799 1858 2189 1945 subdolasque

68 2162 128 2208 tia
185 2160 498 2210 sanctificante
525 2195 542 2219 ,
613 2161 807 2227 aliisque
855 2148 1107 2227 ejusmodi*

66 2239 357 2306 dogmatibus
390 2241 550 2290 docuit
580 2240 882 2309 Hermesius,
913 2260 1083 2308 nempe

65 2321 275 2371 lubidine
286 2322 500 2388 abreptus
515 2334 763 2389 conceptus
779 2341 940 2374 omnes
953 2313 1085 2373 theo-

64 2400 241 2471 logicos
269 2405 328 2454 ad
362 2406 529 2471 placita
557 2407 875 2475 philosophica
892 2411 1082 2458 rationis

65 2501 190 2545 suae,
224 2504 367 2552 quam
386 2488 533 2536 veluti
549 2488 849 2539 infallibilem
868 2506 1079 2539 normam

65 2585 121 2616 ac
131 2577 343 2617 tesseram
353 2571 554 2619 veritatis
566 2573 807 2636 spectavit,
818 2568 1082 2638 redigendi?

136 2648 204 2712 (l)
239 2648 331 2699 Sed
373 2653 513 2700 nimis
551 2651 630 2701 hic
666 2663 977 2718 opportunum
1013 2665 1082 2704 est

65 2732 233 2782 referre
264 2733 403 2783 verba
435 2738 715 2786 auctoritatis
750 2748 796 2787 et
829 2740 1079 2788 sanctitatis

64 2815 325 2881 plenissima
345 2815 516 2866 sumini
542 2817 776 2870 Pontificis
794 2822 936 2887 ipsius
956 2820 1077 2871 Gn-

68 2910 188 2946 aoan
224 2916 299 2946 xvi
320 2935 333 2958 ,
384 2901 434 2947 in
475 2899 659 2950 decreto
695 2902 818 2951 edito
857 2903 1076 2953 adversus

67 2977 324 3028 doctrinam
362 2979 586 3030 Hermesii
625 2979 692 3032 26
723 2980 866 3050 δορῐ.ι
893 2982 1022 3036 1835
1056 3001 1072 3036 2

66 3058 303 3123 Maqiari
324 3064 539 3109 existant
565 3069 742 3112 erroris
756 3100 774 3126 ,
806 3067 924 3130 quia
951 3069 1076 3115 veri-
1105 3090 1115 3101 ·

66 3141 179 3187 tatis
207 3139 431 3207 discipuli
444 3160 542 3192 non
551 3145 770 3209 fuerant.
789 3145 1074 3213 Pereqrinio

62 3221 238 3286 qnippe
267 3222 686 3291 improbandisque
723 3227 960 3278 doctrinis
989 3247 1070 3280 aa·

62 3317 145 3349 era
171 3303 271 3367 ipsi
293 3303 516 3367 inficiunt
540 3309 732 3371 stadia,
764 3317 808 3358 et
817 3310 1070 3376 publicam

63 3384 240 3443 etiam,
283 3386 330 3430 si
363 3386 489 3449 qaod
515 3392 685 3438 ‘tenent
722 3393 776 3438 in
813 3391 985 3442 scholio
1025 3403 1072 3442 et

63 3462 350 3527 academiis,
382 3465 579 3518 docendi
599 3475 927 3538 maqieteriam
951 3492 1066 3541 pro·

57 3546 231 3610 sanare
259 3564 359 3596 non
386 3549 630 3616 dubitant,
649 3555 922 3624 ipsamque,
944 3559 1071 3624 quod

224 3654 290 3714 T.
340 3656 438 3717 IX.

1165 2163 1297 2211 tueri
1323 2179 1374 2211 ee
1385 2165 1612 2227 jactant,
1633 2165 2021 2214 sacratissimam
2043 2166 2185 2215 adul-

1163 2253 1317 2292 terare
1354 2244 1707 2309 diqnoscantar
1736 2246 1858 2310 fidei
1891 2247 2180 2313 depositam.

1164 2327 1332 2392 Atque
1354 2320 1483 2376 inter
1505 2327 1786 2396 hujusmodi
1803 2331 1981 2377 erroris
2003 2331 2184 2394 ’καρίε-

1162 2415 1259 2456 tros
1285 2425 1345 2457 ea·
1369 2411 1610 2458 constanti
1631 2417 1675 2458 et
1695 2409 1798 2474 sere
1823 2411 2072 2458 communi
2087 2427 2178 2476 per

1169 2490 1488 2539 Germaniam
1509 2491 1646 2561 sama
1659 2491 2011 2552 adnumeratur
2026 2490 2178 2540 Geor-

1158 2576 1272 2636 9t'ae
1303 2572 1511 2621 Hermes
1530 2609 1545 2634 ‚
1579 2581 1737 2638 utpote
1772 2577 1861 2638 qai
1891 2572 2121 2621 audacter
2141 2589 2175 2622 a

1160 2655 1292 2718 reqio
1312 2689 1330 2716 ,
1382 2641 1521 2720 quem
1570 2656 1799 2703 universa
1857 2655 2083 2704 Traditio
2130 2664 2177 2703 et

1159 2734 1255 2785 SS.
1286 2735 1462 2785 Patres
1499 2737 1554 2784 in
1598 2736 1890 2803 exponendis
1919 2754 1978 2786 ac
2004 2736 2173 2785 vindi-

1157 2817 1328 2866 candia
1349 2818 1471 2883 fidei
1507 2819 1789 2868 veritatibus
1819 2820 2012 2867 tramite
2048 2826 2172 2868 etra-

1156 2916 1263 2948 vere
1294 2899 1568 2965 deflectens,
1598 2901 1721 2965 quin
1755 2907 1800 2948 et
1829 2899 2028 2966 superbe
2053 2915 2170 2948 eon-

1155 2988 1371 3029 temnene
1402 2987 1450 3030 et
1478 2982 1745 3039 damnans,
1783 2982 2075 3030 tenebrosam
2104 2980 2171 3029 ad

1155 3080 1360 3112 errorem
1379 3066 1699 3127 -omniqenam
1715 3065 1850 3113 viam
1866 3062 2097 3112 moliatur
2111 3064 2170 3111 in

1154 3144 1326 3195 Dubio
1352 3132 1563 3214 positivo
1592 3155 1821 3212 tanquam
1859 3146 1968 3196 basi
2004 3148 2166 3195 omnis

1152 3224 1423 3292 theoloqieoe
1451 3229 1789 3292 inquisitionis
1804 3262 1823 3288 ,
1858 3235 1903 3275 et
1939 3227 1995 3274 in
2018 3227 2166 3292 prin-

1151 3309 1281 3374 cipio
1312 3308 1437 3373 qaod
1467 3312 1671 3370 statuit,
1708 3310 1944 3357 rationem
1973 3306 2166 3374 princi-

1141 3384 1256 3454 pem
1274 3406 1492 3439 normam
1517 3407 1573 3439 ac
1589 3392 1793 3439 unicam
1816 3390 2022 3438 medium
2039 3403 2135 3435 esse
2144 3421 2162 3447 ,

1148 3485 1241 3537 qao
1267 3470 1406 3520 homo
1429 3474 1620 3538 assequi
1640 3475 1798 3538 possit
1820 3477 2164 3538 supernatura-

1149 3548 1273 3601 lium
1299 3556 1557 3621 veritatum
1583 3556 1917 3620 coqnitionem.

1892 3658 1965 3717 37
