<?xml version="1.0" encoding="UTF-8"?>
<!DOCTYPE html PUBLIC "-//W3C//DTD XHTML 1.0 Transitional//EN"
    "http://www.w3.org/TR/xhtml1/DTD/xhtml1-transitional.dtd">
<html xmlns="http://www.w3.org/1999/xhtml" xml:lang="en" lang="en">
 <head>
  <title>
</title>
<meta http-equiv="Content-Type" content="text/html;charset=utf-8" />
  <meta name='ocr-system' content='tesseract 3.04.00' />
  <meta name='ocr-capabilities' content='ocr_page ocr_carea ocr_par ocr_line ocrx_word'/>
</head>
<body>
  <div class='ocr_page' id='page_1' title='image "a603693809perruoft_0062.png"; bbox 0 0 2502 4134; ppageno 0'>
   <div class='ocr_carea' id='block_1_1' title="bbox 298 133 1838 204">
    <p class='ocr_par' dir='ltr' id='par_1_1' title="bbox 298 133 1838 204">
     <span class='ocr_line' id='line_1_1' title="bbox 298 133 1838 204; baseline 0.008 -12"><span class='ocrx_word' id='word_1_1' title='bbox 298 133 380 192; x_wconf 77' lang='lat'>54</span> <span class='ocrx_word' id='word_1_2' title='bbox 894 156 1094 196; x_wconf 60' lang='lat' dir='ltr'>macr.</span> <span class='ocrx_word' id='word_1_3' title='bbox 1143 160 1213 197; x_wconf 68' lang='grc' dir='ltr'>»Β</span> <span class='ocrx_word' id='word_1_4' title='bbox 1258 161 1410 200; x_wconf 67' lang='lat' dir='ltr'>roms</span> <span class='ocrx_word' id='word_1_5' title='bbox 1454 164 1838 204; x_wconf 58' lang='lat' dir='ltr'>mammarum.</span> 
     </span>
    </p>
   </div>
   <div class='ocr_carea' id='block_1_2' title="bbox 295 299 2459 3284">
    <p class='ocr_par' dir='ltr' id='par_1_2' title="bbox 297 299 2443 481">
     <span class='ocr_line' id='line_1_2' title="bbox 297 299 2443 393; baseline 0.007 -33"><span class='ocrx_word' id='word_1_6' title='bbox 297 301 501 383; x_wconf 70' lang='lat' dir='ltr'>pient,</span> <span class='ocrx_word' id='word_1_7' title='bbox 539 321 676 360; x_wconf 91' lang='lat' dir='ltr'>cum</span> <span class='ocrx_word' id='word_1_8' title='bbox 718 299 1097 383; x_wconf 84' lang='lat' dir='ltr'>exploratum</span> <span class='ocrx_word' id='word_1_9' title='bbox 1142 325 1215 365; x_wconf 84' lang='lat' dir='ltr'>ex</span> <span class='ocrx_word' id='word_1_10' title='bbox 1249 304 1418 365; x_wconf 89' lang='lat' dir='ltr'>dictis</span> <span class='ocrx_word' id='word_1_11' title='bbox 1462 307 1574 384; x_wconf 92' lang='lat' dir='ltr'>sit,</span> <span class='ocrx_word' id='word_1_12' title='bbox 1622 331 1745 369; x_wconf 90' lang='lat' dir='ltr'>non</span> <span class='ocrx_word' id='word_1_13' title='bbox 1787 331 2000 393; x_wconf 89' lang='lat' dir='ltr'>paucas</span> <span class='ocrx_word' id='word_1_14' title='bbox 2041 310 2307 372; x_wconf 90' lang='lat' dir='ltr'>ecclesias</span> <span class='ocrx_word' id='word_1_15' title='bbox 2346 335 2443 374; x_wconf 91' lang='lat' dir='ltr'>eos</span> 
     </span>
     <span class='ocr_line' id='line_1_3' title="bbox 297 395 1269 481; baseline 0.005 -24"><span class='ocrx_word' id='word_1_16' title='bbox 297 397 480 457; x_wconf 87' lang='lat' dir='ltr'>libros</span> <span class='ocrx_word' id='word_1_17' title='bbox 516 398 605 456; x_wconf 87' lang='lat' dir='ltr'>uti</span> <span class='ocrx_word' id='word_1_18' title='bbox 641 395 878 459; x_wconf 89' lang='lat' dir='ltr'>divinos</span> <span class='ocrx_word' id='word_1_19' title='bbox 921 401 1269 481; x_wconf 76' lang='lat' dir='ltr'>agnovisse?</span> 
     </span>
    </p>

    <p class='ocr_par' dir='ltr' id='par_1_3' title="bbox 295 493 2449 1061">
     <span class='ocr_line' id='line_1_4' title="bbox 380 493 2443 588; baseline 0.006 -34"><span class='ocrx_word' id='word_1_20' title='bbox 380 494 480 554; x_wconf 85' lang='lat'>85.</span> <span class='ocrx_word' id='word_1_21' title='bbox 530 493 598 552; x_wconf 78' lang='lat'>40</span> <span class='ocrx_word' id='word_1_22' title='bbox 638 496 844 576; x_wconf 87' lang='lat' dir='ltr'>Neque</span> <span class='ocrx_word' id='word_1_23' title='bbox 887 517 958 555; x_wconf 78' lang='lat' dir='ltr'>ex</span> <span class='ocrx_word' id='word_1_24' title='bbox 1002 497 1325 556; x_wconf 87' lang='lat' dir='ltr'>canonibus</span> <span class='ocrx_word' id='word_1_25' title='bbox 1363 520 1471 580; x_wconf 85' lang='lat' dir='ltr'>per</span> <span class='ocrx_word' id='word_1_26' title='bbox 1510 500 1572 560; x_wconf 88' lang='lat' dir='ltr'>id</span> <span class='ocrx_word' id='word_1_27' title='bbox 1617 513 1855 586; x_wconf 89' lang='lat' dir='ltr'>tempus</span> <span class='ocrx_word' id='word_1_28' title='bbox 1899 505 2207 579; x_wconf 79' lang='lat' dir='ltr'>confectis3</span> <span class='ocrx_word' id='word_1_29' title='bbox 2257 526 2443 588; x_wconf 91' lang='lat' dir='ltr'>quum</span> 
     </span>
     <span class='ocr_line' id='line_1_5' title="bbox 295 588 2445 682; baseline 0.006 -32"><span class='ocrx_word' id='word_1_30' title='bbox 295 611 551 650; x_wconf 90' lang='lat' dir='ltr'>canones</span> <span class='ocrx_word' id='word_1_31' title='bbox 590 588 675 650; x_wconf 88' lang='lat' dir='ltr'>illi</span> <span class='ocrx_word' id='word_1_32' title='bbox 710 592 868 651; x_wconf 87' lang='lat' dir='ltr'>inter</span> <span class='ocrx_word' id='word_1_33' title='bbox 913 614 975 652; x_wconf 92' lang='lat' dir='ltr'>se</span> <span class='ocrx_word' id='word_1_34' title='bbox 1021 593 1333 668; x_wconf 86' lang='lat' dir='ltr'>differant,</span> <span class='ocrx_word' id='word_1_35' title='bbox 1383 594 1700 680; x_wconf 83' lang='lat' dir='ltr'><strong>pluresque</strong></span> <span class='ocrx_word' id='word_1_36' title='bbox 1756 612 2036 682; x_wconf 84' lang='lat' dir='ltr'>praeterea</span> <span class='ocrx_word' id='word_1_37' title='bbox 2076 600 2292 676; x_wconf 86' lang='lat' dir='ltr'>libros,</span> <span class='ocrx_word' id='word_1_38' title='bbox 2323 602 2445 662; x_wconf 92' lang='lat' dir='ltr'>imo</span> 
     </span>
     <span class='ocr_line' id='line_1_6' title="bbox 296 686 2449 780; baseline 0.006 -34"><span class='ocrx_word' id='word_1_39' title='bbox 296 686 613 770; x_wconf 89' lang='lat' dir='ltr'>plerosque</span> <span class='ocrx_word' id='word_1_40' title='bbox 666 686 1255 749; x_wconf 89' lang='lat' dir='ltr'>deutero-canonicos</span> <span class='ocrx_word' id='word_1_41' title='bbox 1306 692 1687 768; x_wconf 79' lang='lat' dir='ltr'>contineant,</span> <span class='ocrx_word' id='word_1_42' title='bbox 1743 695 1806 754; x_wconf 90' lang='lat' dir='ltr'>id</span> <span class='ocrx_word' id='word_1_43' title='bbox 1855 697 2022 778; x_wconf 90' lang='lat' dir='ltr'>quod</span> <span class='ocrx_word' id='word_1_44' title='bbox 2065 697 2159 757; x_wconf 91' lang='lat' dir='ltr'>vel</span> <span class='ocrx_word' id='word_1_45' title='bbox 2199 719 2272 758; x_wconf 84' lang='lat' dir='ltr'>ex</span> <span class='ocrx_word' id='word_1_46' title='bbox 2318 698 2449 780; x_wconf 88' lang='lat' dir='ltr'>ipsa</span> 
     </span>
     <span class='ocr_line' id='line_1_7' title="bbox 298 784 2449 870; baseline 0.005 -26"><span class='ocrx_word' id='word_1_47' title='bbox 298 784 535 867; x_wconf 69' lang='lat' dir='ltr'>Synodo</span> <span class='ocrx_word' id='word_1_48' title='bbox 560 785 884 844; x_wconf 83' lang='lat' dir='ltr'>Laodicena</span> <span class='ocrx_word' id='word_1_49' title='bbox 920 797 1169 867; x_wconf 88' lang='lat' dir='ltr'>apparet</span> <span class='ocrx_word' id='word_1_50' title='bbox 1208 785 1323 866; x_wconf 89' lang='lat' dir='ltr'>(l),</span> <span class='ocrx_word' id='word_1_51' title='bbox 1361 809 1509 870; x_wconf 90' lang='lat' dir='ltr'>quos</span> <span class='ocrx_word' id='word_1_52' title='bbox 1547 800 1749 849; x_wconf 90' lang='lat' dir='ltr'>tamen</span> <span class='ocrx_word' id='word_1_53' title='bbox 1781 793 2177 854; x_wconf 89' lang='lat' dir='ltr'>Protestantes</span> <span class='ocrx_word' id='word_1_54' title='bbox 2204 816 2327 854; x_wconf 90' lang='lat' dir='ltr'>non</span> <span class='ocrx_word' id='word_1_55' title='bbox 2365 795 2449 854; x_wconf 86' lang='lat' dir='ltr'>ita</span> 
     </span>
     <span class='ocr_line' id='line_1_8' title="bbox 297 881 2447 974; baseline 0.006 -34"><span class='ocrx_word' id='word_1_56' title='bbox 297 881 531 965; x_wconf 89' lang='lat' dir='ltr'><strong>pridem</strong></span> <span class='ocrx_word' id='word_1_57' title='bbox 567 903 637 942; x_wconf 81' lang='lat' dir='ltr'>ex</span> <span class='ocrx_word' id='word_1_58' title='bbox 667 883 1084 942; x_wconf 88' lang='lat' dir='ltr'>canonicorum</span> <span class='ocrx_word' id='word_1_59' title='bbox 1114 882 1426 943; x_wconf 89' lang='lat' dir='ltr'>Librorum</span> <span class='ocrx_word' id='word_1_60' title='bbox 1468 884 1604 945; x_wconf 91' lang='lat' dir='ltr'>albo</span> <span class='ocrx_word' id='word_1_61' title='bbox 1640 887 2092 969; x_wconf 81' lang='lat' dir='ltr'>expungebant,</span> <span class='ocrx_word' id='word_1_62' title='bbox 2125 890 2447 974; x_wconf 84' lang='lat' dir='ltr'>pluresque</span> 
     </span>
     <span class='ocr_line' id='line_1_9' title="bbox 299 977 891 1061; baseline -0.003 -22"><span class='ocrx_word' id='word_1_63' title='bbox 299 977 493 1039; x_wconf 90' lang='lat' dir='ltr'>adhuc</span> <span class='ocrx_word' id='word_1_64' title='bbox 521 990 891 1061; x_wconf 77' lang='lat' dir='ltr'>expungunt.</span> 
     </span>
    </p>

    <p class='ocr_par' dir='ltr' id='par_1_4' title="bbox 296 1074 2459 2896">
     <span class='ocr_line' id='line_1_10' title="bbox 382 1074 2452 1158; baseline 0.004 -24"><span class='ocrx_word' id='word_1_65' title='bbox 382 1075 483 1134; x_wconf 89' lang='lat'>86.</span> <span class='ocrx_word' id='word_1_66' title='bbox 534 1076 600 1133; x_wconf 85' lang='lat'>50</span> <span class='ocrx_word' id='word_1_67' title='bbox 631 1077 838 1158; x_wconf 90' lang='lat' dir='ltr'>Neque</span> <span class='ocrx_word' id='word_1_68' title='bbox 860 1097 933 1135; x_wconf 78' lang='lat' dir='ltr'>ex</span> <span class='ocrx_word' id='word_1_69' title='bbox 956 1074 1301 1149; x_wconf 80' lang='lat' dir='ltr'>CatholiciS,</span> <span class='ocrx_word' id='word_1_70' title='bbox 1328 1076 1614 1139; x_wconf 72' lang='lat' dir='ltr'>Catholici</span> <span class='ocrx_word' id='word_1_71' title='bbox 1643 1079 1803 1138; x_wconf 91' lang='lat' dir='ltr'>enim</span> <span class='ocrx_word' id='word_1_72' title='bbox 1837 1080 1971 1140; x_wconf 92' lang='lat' dir='ltr'>ideo</span> <span class='ocrx_word' id='word_1_73' title='bbox 2006 1102 2077 1141; x_wconf 82' lang='lat' dir='ltr'>ex</span> <span class='ocrx_word' id='word_1_74' title='bbox 2106 1084 2452 1144; x_wconf 86' lang='lat' dir='ltr'>auctoritate</span> 
     </span>
     <span class='ocr_line' id='line_1_11' title="bbox 301 1160 2455 1261; baseline 0.004 -28"><span class='ocrx_word' id='word_1_75' title='bbox 301 1171 565 1233; x_wconf 83' lang='lat' dir='ltr'>Ecclesiae</span> <span class='ocrx_word' id='word_1_76' title='bbox 605 1194 896 1233; x_wconf 89' lang='lat' dir='ltr'>canonem</span> <span class='ocrx_word' id='word_1_77' title='bbox 923 1193 1223 1231; x_wconf 73' lang='lat' dir='ltr'>sacrorum</span> <span class='ocrx_word' id='word_1_78' title='bbox 1249 1171 1564 1233; x_wconf 84' lang='lat' dir='ltr'>Librorum</span> <span class='ocrx_word' id='word_1_79' title='bbox 1604 1187 1965 1236; x_wconf 89' lang='lat' dir='ltr'>venerantur</span> <span class='ocrx_word' id='word_1_80' title='bbox 2014 1160 2194 1260; x_wconf 83' lang='lat' dir='ltr'>atque</span> <span class='ocrx_word' id='word_1_81' title='bbox 2220 1178 2455 1261; x_wconf 86' lang='lat' dir='ltr'>ample.-</span> 
     </span>
     <span class='ocr_line' id='line_1_12' title="bbox 300 1268 2455 1356; baseline 0.003 -29"><span class='ocrx_word' id='word_1_82' title='bbox 300 1279 581 1344; x_wconf 89' lang='lat' dir='ltr'>ctuntur,</span> <span class='ocrx_word' id='word_1_83' title='bbox 620 1269 758 1351; x_wconf 91' lang='lat' dir='ltr'>quia</span> <span class='ocrx_word' id='word_1_84' title='bbox 797 1270 1190 1351; x_wconf 87' lang='lat' dir='ltr'>profitentur,</span> <span class='ocrx_word' id='word_1_85' title='bbox 1227 1268 1541 1330; x_wconf 84' lang='lat' dir='ltr'>Ecclesiam</span> <span class='ocrx_word' id='word_1_86' title='bbox 1582 1293 1654 1330; x_wconf 82' lang='lat' dir='ltr'>ex</span> <span class='ocrx_word' id='word_1_87' title='bbox 1681 1272 1900 1332; x_wconf 84' lang='lat' dir='ltr'>Christi</span> <span class='ocrx_word' id='word_1_88' title='bbox 1939 1275 2242 1356; x_wconf 86' lang='lat' dir='ltr'>promissis</span> <span class='ocrx_word' id='word_1_89' title='bbox 2266 1274 2455 1336; x_wconf 38' lang='lat' dir='ltr'>infals-</span> 
     </span>
     <span class='ocr_line' id='line_1_13' title="bbox 300 1363 2450 1453; baseline 0.003 -28"><span class='ocrx_word' id='word_1_90' title='bbox 300 1364 578 1425; x_wconf 87' lang='lat' dir='ltr'>libilitate</span> <span class='ocrx_word' id='word_1_91' title='bbox 606 1366 721 1424; x_wconf 89' lang='lat' dir='ltr'>frui</span> <span class='ocrx_word' id='word_1_92' title='bbox 751 1366 819 1424; x_wconf 89' lang='lat' dir='ltr'>iis</span> <span class='ocrx_word' id='word_1_93' title='bbox 855 1365 918 1423; x_wconf 91' lang='lat' dir='ltr'>in</span> <span class='ocrx_word' id='word_1_94' title='bbox 955 1363 1269 1439; x_wconf 82' lang='lat' dir='ltr'>omnibuS,</span> <span class='ocrx_word' id='word_1_95' title='bbox 1307 1387 1440 1447; x_wconf 87' lang='lat' dir='ltr'>quae</span> <span class='ocrx_word' id='word_1_96' title='bbox 1475 1365 1550 1426; x_wconf 92' lang='lat' dir='ltr'>ad</span> <span class='ocrx_word' id='word_1_97' title='bbox 1586 1367 1769 1428; x_wconf 88' lang='lat' dir='ltr'>fidem</span> <span class='ocrx_word' id='word_1_98' title='bbox 1802 1391 2114 1452; x_wconf 88' lang='lat' dir='ltr'>moresque</span> <span class='ocrx_word' id='word_1_99' title='bbox 2154 1382 2450 1453; x_wconf 84' lang='lat' dir='ltr'>spectant.</span> 
     </span>
     <span class='ocr_line' id='line_1_14' title="bbox 303 1462 2456 1546; baseline 0.002 -24"><span class='ocrx_word' id='word_1_100' title='bbox 303 1464 523 1522; x_wconf 87' lang='lat' dir='ltr'>Contra</span> <span class='ocrx_word' id='word_1_101' title='bbox 556 1483 698 1521; x_wconf 88' lang='lat' dir='ltr'>vero</span> <span class='ocrx_word' id='word_1_102' title='bbox 726 1464 1127 1522; x_wconf 75' lang='lat' dir='ltr'>protestantes</span> <span class='ocrx_word' id='word_1_103' title='bbox 1147 1506 1165 1536; x_wconf 92' lang='lat'>,</span> <span class='ocrx_word' id='word_1_104' title='bbox 1199 1462 1302 1543; x_wconf 90' lang='lat' dir='ltr'>qui</span> <span class='ocrx_word' id='word_1_105' title='bbox 1331 1463 1622 1541; x_wconf 83' lang='lat' dir='ltr'>ejusmodi</span> <span class='ocrx_word' id='word_1_106' title='bbox 1650 1464 2030 1546; x_wconf 80' lang='lat' dir='ltr'>privilegium</span> <span class='ocrx_word' id='word_1_107' title='bbox 2054 1466 2316 1527; x_wconf 84' lang='lat' dir='ltr'>Ecclesiae</span> <span class='ocrx_word' id='word_1_108' title='bbox 2338 1466 2456 1526; x_wconf 91' lang='lat' dir='ltr'>col-</span> 
     </span>
     <span class='ocr_line' id='line_1_15' title="bbox 297 1560 2452 1646; baseline 0.002 -26"><span class='ocrx_word' id='word_1_109' title='bbox 297 1560 491 1620; x_wconf 90' lang='lat' dir='ltr'>latum</span> <span class='ocrx_word' id='word_1_110' title='bbox 545 1561 884 1620; x_wconf 88' lang='lat' dir='ltr'>inficiantur</span> <span class='ocrx_word' id='word_1_111' title='bbox 908 1606 924 1635; x_wconf 97' lang='lat'>,</span> <span class='ocrx_word' id='word_1_112' title='bbox 978 1569 1287 1642; x_wconf 90' lang='lat' dir='ltr'>nequeunt</span> <span class='ocrx_word' id='word_1_113' title='bbox 1316 1605 1333 1634; x_wconf 96' lang='lat'>,</span> <span class='ocrx_word' id='word_1_114' title='bbox 1387 1561 1534 1642; x_wconf 89' lang='lat' dir='ltr'>quin</span> <span class='ocrx_word' id='word_1_115' title='bbox 1590 1582 1789 1621; x_wconf 90' lang='lat' dir='ltr'>secum</span> <span class='ocrx_word' id='word_1_116' title='bbox 1841 1562 2099 1644; x_wconf 86' lang='lat' dir='ltr'>turpiter</span> <span class='ocrx_word' id='word_1_117' title='bbox 2142 1574 2452 1646; x_wconf 81' lang='lat' dir='ltr'>pugnent,</span> 
     </span>
     <span class='ocr_line' id='line_1_16' title="bbox 298 1655 2457 1737; baseline 0.002 -19"><span class='ocrx_word' id='word_1_118' title='bbox 298 1657 646 1733; x_wconf 72' lang='lat' dir='ltr'>admittere,</span> <span class='ocrx_word' id='word_1_119' title='bbox 663 1669 732 1716; x_wconf 91' lang='lat' dir='ltr'>ut</span> <span class='ocrx_word' id='word_1_120' title='bbox 752 1656 976 1717; x_wconf 90' lang='lat' dir='ltr'>faciunt</span> <span class='ocrx_word' id='word_1_121' title='bbox 992 1655 1279 1716; x_wconf 89' lang='lat' dir='ltr'>Catholici</span> <span class='ocrx_word' id='word_1_122' title='bbox 1301 1655 1378 1716; x_wconf 91' lang='lat' dir='ltr'>ob</span> <span class='ocrx_word' id='word_1_123' title='bbox 1396 1656 1659 1719; x_wconf 84' lang='lat' dir='ltr'>Ecclesiae</span> <span class='ocrx_word' id='word_1_124' title='bbox 1682 1661 2098 1722; x_wconf 87' lang='lat' dir='ltr'>auctoritatem</span> <span class='ocrx_word' id='word_1_125' title='bbox 2117 1705 2133 1737; x_wconf 95' lang='lat'>,</span> <span class='ocrx_word' id='word_1_126' title='bbox 2157 1682 2457 1722; x_wconf 87' lang='lat' dir='ltr'>sacrarum</span> 
     </span>
     <span class='ocr_line' id='line_1_17' title="bbox 297 1753 2457 1836; baseline 0.001 -22"><span class='ocrx_word' id='word_1_127' title='bbox 297 1775 587 1815; x_wconf 90' lang='lat' dir='ltr'>canonem</span> <span class='ocrx_word' id='word_1_128' title='bbox 631 1754 1089 1836; x_wconf 90' lang='lat' dir='ltr'>Scripturarum.</span> <span class='ocrx_word' id='word_1_129' title='bbox 1134 1753 1631 1836; x_wconf 87' lang='lat' dir='ltr'>Quandoquidem</span> <span class='ocrx_word' id='word_1_130' title='bbox 1667 1754 1957 1832; x_wconf 87' lang='lat' dir='ltr'>Ecclesia,</span> <span class='ocrx_word' id='word_1_131' title='bbox 2003 1756 2053 1816; x_wconf 91' lang='lat' dir='ltr'>si</span> <span class='ocrx_word' id='word_1_132' title='bbox 2091 1756 2189 1817; x_wconf 89' lang='lat' dir='ltr'>vel</span> <span class='ocrx_word' id='word_1_133' title='bbox 2228 1758 2296 1817; x_wconf 93' lang='lat' dir='ltr'>in</span> <span class='ocrx_word' id='word_1_134' title='bbox 2334 1780 2457 1817; x_wconf 92' lang='lat' dir='ltr'>uno</span> 
     </span>
     <span class='ocr_line' id='line_1_18' title="bbox 297 1848 2458 1936; baseline 0.001 -25"><span class='ocrx_word' id='word_1_135' title='bbox 297 1849 437 1911; x_wconf 84' lang='lat' dir='ltr'>fidei</span> <span class='ocrx_word' id='word_1_136' title='bbox 470 1848 718 1910; x_wconf 89' lang='lat' dir='ltr'>articulo</span> <span class='ocrx_word' id='word_1_137' title='bbox 752 1871 949 1910; x_wconf 86' lang='lat' dir='ltr'>errare</span> <span class='ocrx_word' id='word_1_138' title='bbox 984 1859 1180 1932; x_wconf 92' lang='lat' dir='ltr'>potest</span> <span class='ocrx_word' id='word_1_139' title='bbox 1201 1895 1218 1924; x_wconf 84' lang='lat'>,</span> <span class='ocrx_word' id='word_1_140' title='bbox 1247 1871 1442 1910; x_wconf 87' lang='lat' dir='ltr'>errare</span> <span class='ocrx_word' id='word_1_141' title='bbox 1464 1851 1671 1933; x_wconf 88' lang='lat' dir='ltr'>procul</span> <span class='ocrx_word' id='word_1_142' title='bbox 1704 1850 1885 1912; x_wconf 89' lang='lat' dir='ltr'>dubio</span> <span class='ocrx_word' id='word_1_143' title='bbox 1912 1863 2109 1936; x_wconf 88' lang='lat' dir='ltr'>potest</span> <span class='ocrx_word' id='word_1_144' title='bbox 2133 1854 2281 1914; x_wconf 90' lang='lat' dir='ltr'>etin</span> <span class='ocrx_word' id='word_1_145' title='bbox 2308 1853 2458 1914; x_wconf 87' lang='lat' dir='ltr'>reli-</span> 
     </span>
     <span class='ocr_line' id='line_1_19' title="bbox 299 1945 2459 2034; baseline 0.003 -29"><span class='ocrx_word' id='word_1_146' title='bbox 299 1947 430 2031; x_wconf 90' lang='lat' dir='ltr'>quis</span> <span class='ocrx_word' id='word_1_147' title='bbox 456 1945 770 2021; x_wconf 79' lang='lat' dir='ltr'>omnibus3</span> <span class='ocrx_word' id='word_1_148' title='bbox 803 1946 966 2028; x_wconf 92' lang='lat' dir='ltr'>quod</span> <span class='ocrx_word' id='word_1_149' title='bbox 995 1947 1043 2005; x_wconf 89' lang='lat' dir='ltr'>si</span> <span class='ocrx_word' id='word_1_150' title='bbox 1073 1947 1137 2006; x_wconf 91' lang='lat' dir='ltr'>in</span> <span class='ocrx_word' id='word_1_151' title='bbox 1163 1968 1284 2006; x_wconf 93' lang='lat' dir='ltr'>uno</span> <span class='ocrx_word' id='word_1_152' title='bbox 1313 1968 1509 2007; x_wconf 90' lang='lat' dir='ltr'>errare</span> <span class='ocrx_word' id='word_1_153' title='bbox 1537 1948 1786 2030; x_wconf 91' lang='lat' dir='ltr'>nequit,</span> <span class='ocrx_word' id='word_1_154' title='bbox 1822 1960 1883 2009; x_wconf 93' lang='lat' dir='ltr'>et</span> <span class='ocrx_word' id='word_1_155' title='bbox 1916 1950 1980 2009; x_wconf 91' lang='lat' dir='ltr'>in</span> <span class='ocrx_word' id='word_1_156' title='bbox 2011 1950 2219 2011; x_wconf 91' lang='lat' dir='ltr'>ceteris</span> <span class='ocrx_word' id='word_1_157' title='bbox 2252 1950 2459 2034; x_wconf 91' lang='lat' dir='ltr'>nequi-</span> 
     </span>
     <span class='ocr_line' id='line_1_20' title="bbox 297 2043 2458 2118; baseline 0.002 -15"><span class='ocrx_word' id='word_1_158' title='bbox 297 2043 387 2103; x_wconf 88' lang='lat' dir='ltr'>bit</span> <span class='ocrx_word' id='word_1_159' title='bbox 424 2065 642 2103; x_wconf 88' lang='lat' dir='ltr'>errare.</span> <span class='ocrx_word' id='word_1_160' title='bbox 681 2045 819 2103; x_wconf 87' lang='lat' dir='ltr'>Jam</span> <span class='ocrx_word' id='word_1_161' title='bbox 865 2065 1042 2118; x_wconf 90' lang='lat' dir='ltr'>ver0,</span> <span class='ocrx_word' id='word_1_162' title='bbox 1083 2045 1132 2103; x_wconf 90' lang='lat' dir='ltr'>si</span> <span class='ocrx_word' id='word_1_163' title='bbox 1179 2044 1431 2103; x_wconf 87' lang='lat' dir='ltr'>Ecclesia</span> <span class='ocrx_word' id='word_1_164' title='bbox 1459 2046 1643 2104; x_wconf 90' lang='lat' dir='ltr'>errori</span> <span class='ocrx_word' id='word_1_165' title='bbox 1679 2046 1937 2106; x_wconf 79' lang='lat' dir='ltr'>obnoxia</span> <span class='ocrx_word' id='word_1_166' title='bbox 1977 2046 2090 2106; x_wconf 89' lang='lat' dir='ltr'>fuit</span> <span class='ocrx_word' id='word_1_167' title='bbox 2124 2049 2188 2107; x_wconf 91' lang='lat' dir='ltr'>in</span> <span class='ocrx_word' id='word_1_168' title='bbox 2230 2068 2458 2107; x_wconf 90' lang='lat' dir='ltr'>canone</span> 
     </span>
     <span class='ocr_line' id='line_1_21' title="bbox 297 2138 2456 2225; baseline 0.001 -24"><span class='ocrx_word' id='word_1_169' title='bbox 297 2138 694 2213; x_wconf 89' lang='lat' dir='ltr'>conficiendo,</span> <span class='ocrx_word' id='word_1_170' title='bbox 724 2141 785 2197; x_wconf 93' lang='lat' dir='ltr'>in</span> <span class='ocrx_word' id='word_1_171' title='bbox 816 2161 1078 2200; x_wconf 89' lang='lat' dir='ltr'>errorem</span> <span class='ocrx_word' id='word_1_172' title='bbox 1105 2139 1389 2199; x_wconf 91' lang='lat' dir='ltr'>Catholici</span> <span class='ocrx_word' id='word_1_173' title='bbox 1417 2139 1492 2199; x_wconf 90' lang='lat' dir='ltr'>ab</span> <span class='ocrx_word' id='word_1_174' title='bbox 1516 2140 1615 2200; x_wconf 88' lang='lat' dir='ltr'>illa</span> <span class='ocrx_word' id='word_1_175' title='bbox 1647 2140 1847 2201; x_wconf 90' lang='lat' dir='ltr'>induci</span> <span class='ocrx_word' id='word_1_176' title='bbox 1875 2153 2241 2225; x_wconf 68' lang='lat' dir='ltr'>potuerunt,</span> <span class='ocrx_word' id='word_1_177' title='bbox 2278 2165 2312 2202; x_wconf 89' lang='lat' dir='ltr'>a</span> <span class='ocrx_word' id='word_1_178' title='bbox 2347 2143 2456 2203; x_wconf 91' lang='lat' dir='ltr'>de-</span> 
     </span>
     <span class='ocr_line' id='line_1_22' title="bbox 298 2237 2457 2323; baseline 0.001 -25"><span class='ocrx_word' id='word_1_179' title='bbox 298 2239 482 2319; x_wconf 89' lang='lat' dir='ltr'>ceptis</span> <span class='ocrx_word' id='word_1_180' title='bbox 515 2247 718 2295; x_wconf 89' lang='lat' dir='ltr'>autem</span> <span class='ocrx_word' id='word_1_181' title='bbox 753 2237 969 2295; x_wconf 85' lang='lat' dir='ltr'>veritas</span> <span class='ocrx_word' id='word_1_182' title='bbox 1010 2248 1280 2297; x_wconf 89' lang='lat' dir='ltr'>constare</span> <span class='ocrx_word' id='word_1_183' title='bbox 1320 2249 1479 2298; x_wconf 90' lang='lat' dir='ltr'>certe</span> <span class='ocrx_word' id='word_1_184' title='bbox 1517 2260 1639 2298; x_wconf 92' lang='lat' dir='ltr'>non</span> <span class='ocrx_word' id='word_1_185' title='bbox 1675 2249 1890 2321; x_wconf 90' lang='lat' dir='ltr'>potest.</span> <span class='ocrx_word' id='word_1_186' title='bbox 1919 2241 2009 2299; x_wconf 89' lang='lat' dir='ltr'>En</span> <span class='ocrx_word' id='word_1_187' title='bbox 2040 2241 2275 2321; x_wconf 82' lang='lat' dir='ltr'>itaque,</span> <span class='ocrx_word' id='word_1_188' title='bbox 2315 2262 2457 2323; x_wconf 89' lang='lat' dir='ltr'>quo-</span> 
     </span>
     <span class='ocr_line' id='line_1_23' title="bbox 297 2331 2457 2418; baseline 0.001 -25"><span class='ocrx_word' id='word_1_189' title='bbox 297 2333 478 2393; x_wconf 92' lang='lat' dir='ltr'>modo</span> <span class='ocrx_word' id='word_1_190' title='bbox 505 2343 643 2415; x_wconf 91' lang='lat' dir='ltr'>apte</span> <span class='ocrx_word' id='word_1_191' title='bbox 669 2331 781 2391; x_wconf 89' lang='lat' dir='ltr'>sibi</span> <span class='ocrx_word' id='word_1_192' title='bbox 818 2334 1221 2393; x_wconf 88' lang='lat' dir='ltr'>Protestantes</span> <span class='ocrx_word' id='word_1_193' title='bbox 1261 2333 1619 2395; x_wconf 86' lang='lat' dir='ltr'>cohaereant.</span> <span class='ocrx_word' id='word_1_194' title='bbox 1650 2334 1900 2409; x_wconf 86' lang='lat' dir='ltr'>Quando</span> <span class='ocrx_word' id='word_1_195' title='bbox 1931 2346 2247 2418; x_wconf 89' lang='lat' dir='ltr'>propterea</span> <span class='ocrx_word' id='word_1_196' title='bbox 2271 2335 2457 2396; x_wconf 91' lang='lat' dir='ltr'>iidem</span> 
     </span>
     <span class='ocr_line' id='line_1_24' title="bbox 298 2428 2457 2514; baseline -0 -24"><span class='ocrx_word' id='word_1_197' title='bbox 298 2428 630 2490; x_wconf 88' lang='lat' dir='ltr'>Catholicos</span> <span class='ocrx_word' id='word_1_198' title='bbox 668 2429 744 2487; x_wconf 92' lang='lat' dir='ltr'>ad</span> <span class='ocrx_word' id='word_1_199' title='bbox 783 2428 1217 2511; x_wconf 88' lang='lat' dir='ltr'>disputandum</span> <span class='ocrx_word' id='word_1_200' title='bbox 1256 2442 1584 2512; x_wconf 88' lang='lat' dir='ltr'>provocant</span> <span class='ocrx_word' id='word_1_201' title='bbox 1625 2452 1699 2491; x_wconf 82' lang='lat' dir='ltr'>ex</span> <span class='ocrx_word' id='word_1_202' title='bbox 1742 2431 1904 2508; x_wconf 93' lang='lat' dir='ltr'>solo,</span> <span class='ocrx_word' id='word_1_203' title='bbox 1946 2443 2015 2492; x_wconf 94' lang='lat' dir='ltr'>ut</span> <span class='ocrx_word' id='word_1_204' title='bbox 2050 2432 2164 2514; x_wconf 92' lang='lat' dir='ltr'>ipsi</span> <span class='ocrx_word' id='word_1_205' title='bbox 2195 2431 2457 2513; x_wconf 89' lang='lat' dir='ltr'>loquun-</span> 
     </span>
     <span class='ocr_line' id='line_1_25' title="bbox 296 2526 2454 2608; baseline 0 -22"><span class='ocrx_word' id='word_1_206' title='bbox 296 2538 431 2601; x_wconf 90' lang='lat' dir='ltr'>tur,</span> <span class='ocrx_word' id='word_1_207' title='bbox 457 2546 625 2606; x_wconf 80' lang='lat' dir='ltr'>puro</span> <span class='ocrx_word' id='word_1_208' title='bbox 663 2526 783 2584; x_wconf 69' lang='lat' dir='ltr'>Dei</span> <span class='ocrx_word' id='word_1_209' title='bbox 824 2526 1045 2594; x_wconf 85' lang='lat' dir='ltr'>Verbo,</span> <span class='ocrx_word' id='word_1_210' title='bbox 1088 2528 1252 2607; x_wconf 80' lang='lat' dir='ltr'>quod</span> <span class='ocrx_word' id='word_1_211' title='bbox 1279 2532 1349 2586; x_wconf 79' lang='lat' dir='ltr'>in</span> <span class='ocrx_word' id='word_1_212' title='bbox 1376 2529 1720 2608; x_wconf 58' lang='lat' dir='ltr'>Scripturas</span> <span class='ocrx_word' id='word_1_213' title='bbox 1753 2532 2130 2599; x_wconf 75' lang='lat' dir='ltr'>continetur,</span> <span class='ocrx_word' id='word_1_214' title='bbox 2181 2537 2313 2585; x_wconf 86' lang='lat' dir='ltr'>tuto</span> <span class='ocrx_word' id='word_1_215' title='bbox 2357 2526 2454 2587; x_wconf 89' lang='lat' dir='ltr'>isti</span> 
     </span>
     <span class='ocr_line' id='line_1_26' title="bbox 296 2621 2458 2705; baseline 0.001 -25"><span class='ocrx_word' id='word_1_216' title='bbox 296 2621 661 2704; x_wconf 90' lang='lat' dir='ltr'>respondere</span> <span class='ocrx_word' id='word_1_217' title='bbox 704 2623 1185 2704; x_wconf 89' lang='lat' dir='ltr'>provocatoribus</span> <span class='ocrx_word' id='word_1_218' title='bbox 1222 2634 1510 2704; x_wconf 90' lang='lat' dir='ltr'>possunt,</span> <span class='ocrx_word' id='word_1_219' title='bbox 1546 2635 1615 2681; x_wconf 92' lang='lat' dir='ltr'>ut</span> <span class='ocrx_word' id='word_1_220' title='bbox 1652 2624 1818 2705; x_wconf 91' lang='lat' dir='ltr'>prius</span> <span class='ocrx_word' id='word_1_221' title='bbox 1854 2633 2013 2683; x_wconf 85' lang='lat' dir='ltr'>certo</span> <span class='ocrx_word' id='word_1_222' title='bbox 2048 2623 2412 2682; x_wconf 88' lang='lat' dir='ltr'>constituant</span> <span class='ocrx_word' id='word_1_223' title='bbox 2439 2667 2458 2700; x_wconf 92' lang='lat'>,</span> 
     </span>
     <span class='ocr_line' id='line_1_27' title="bbox 301 2715 2455 2799; baseline 0.001 -24"><span class='ocrx_word' id='word_1_224' title='bbox 301 2717 545 2799; x_wconf 85' lang='lat' dir='ltr'>quinam</span> <span class='ocrx_word' id='word_1_225' title='bbox 581 2716 669 2775; x_wconf 91' lang='lat' dir='ltr'>illi</span> <span class='ocrx_word' id='word_1_226' title='bbox 711 2717 849 2777; x_wconf 88' lang='lat' dir='ltr'>libri</span> <span class='ocrx_word' id='word_1_227' title='bbox 879 2719 1034 2793; x_wconf 90' lang='lat' dir='ltr'>sint,</span> <span class='ocrx_word' id='word_1_228' title='bbox 1074 2718 1138 2775; x_wconf 88' lang='lat' dir='ltr'>in</span> <span class='ocrx_word' id='word_1_229' title='bbox 1180 2715 1394 2798; x_wconf 87' lang='lat' dir='ltr'>quibus</span> <span class='ocrx_word' id='word_1_230' title='bbox 1434 2739 1653 2799; x_wconf 93' lang='lat' dir='ltr'>purum</span> <span class='ocrx_word' id='word_1_231' title='bbox 1690 2718 1801 2777; x_wconf 91' lang='lat' dir='ltr'>hoc</span> <span class='ocrx_word' id='word_1_232' title='bbox 1831 2718 1936 2777; x_wconf 91' lang='lat' dir='ltr'>Dei</span> <span class='ocrx_word' id='word_1_233' title='bbox 1976 2717 2225 2779; x_wconf 89' lang='lat' dir='ltr'>verbum</span> <span class='ocrx_word' id='word_1_234' title='bbox 2259 2719 2455 2780; x_wconf 91' lang='lat' dir='ltr'>conti-</span> 
     </span>
     <span class='ocr_line' id='line_1_28' title="bbox 302 2812 1803 2896; baseline -0.001 -22"><span class='ocrx_word' id='word_1_235' title='bbox 302 2824 518 2889; x_wconf 92' lang='lat' dir='ltr'>netur,</span> <span class='ocrx_word' id='word_1_236' title='bbox 565 2834 780 2896; x_wconf 89' lang='lat' dir='ltr'>eosque</span> <span class='ocrx_word' id='word_1_237' title='bbox 821 2814 897 2873; x_wconf 88' lang='lat' dir='ltr'>ad</span> <span class='ocrx_word' id='word_1_238' title='bbox 935 2812 1243 2873; x_wconf 91' lang='lat' dir='ltr'>silentium</span> <span class='ocrx_word' id='word_1_239' title='bbox 1281 2812 1448 2873; x_wconf 89' lang='lat' dir='ltr'>facile</span> <span class='ocrx_word' id='word_1_240' title='bbox 1488 2812 1803 2873; x_wconf 88' lang='lat' dir='ltr'>adducent.</span> 
     </span>
    </p>

    <p class='ocr_par' dir='ltr' id='par_1_5' title="bbox 301 2909 2455 3284">
     <span class='ocr_line' id='line_1_29' title="bbox 384 2909 2455 2994; baseline -0 -23"><span class='ocrx_word' id='word_1_241' title='bbox 384 2910 486 2971; x_wconf 87' lang='grc'>87.</span> <span class='ocrx_word' id='word_1_242' title='bbox 536 2909 675 2989; x_wconf 85' lang='lat' dir='ltr'><strong>Obj.</strong></span> <span class='ocrx_word' id='word_1_243' title='bbox 723 2909 1000 2970; x_wconf 88' lang='lat' dir='ltr'>secunda.</span> <span class='ocrx_word' id='word_1_244' title='bbox 1038 2911 1102 2967; x_wconf 84' lang='grc' dir='ltr'>1ο</span> <span class='ocrx_word' id='word_1_245' title='bbox 1132 2910 1462 2969; x_wconf 88' lang='lat' dir='ltr'>Constituta</span> <span class='ocrx_word' id='word_1_246' title='bbox 1496 2913 1877 2991; x_wconf 75' lang='lat' dir='ltr'>yenuinitate</span> <span class='ocrx_word' id='word_1_247' title='bbox 1920 2931 2219 2971; x_wconf 86' lang='lat' dir='ltr'>sacrarum</span> <span class='ocrx_word' id='word_1_248' title='bbox 2251 2911 2455 2994; x_wconf 83' lang='lat' dir='ltr'>Scrip-</span> 
     </span>
     <span class='ocr_line' id='line_1_30' title="bbox 301 3004 2452 3089; baseline 0.001 -23"><span class='ocrx_word' id='word_1_249' title='bbox 301 3018 604 3082; x_wconf 90' lang='lat' dir='ltr'>turarum,</span> <span class='ocrx_word' id='word_1_250' title='bbox 633 3007 746 3067; x_wconf 89' lang='lat' dir='ltr'>hoc</span> <span class='ocrx_word' id='word_1_251' title='bbox 770 3008 897 3089; x_wconf 90' lang='lat' dir='ltr'>ipso</span> <span class='ocrx_word' id='word_1_252' title='bbox 923 3004 1188 3087; x_wconf 87' lang='lat' dir='ltr'>ejusdem</span> <span class='ocrx_word' id='word_1_253' title='bbox 1214 3007 1495 3067; x_wconf 87' lang='lat' dir='ltr'>canonica</span> <span class='ocrx_word' id='word_1_254' title='bbox 1522 3008 1832 3067; x_wconf 88' lang='lat' dir='ltr'>auctoritas</span> <span class='ocrx_word' id='word_1_255' title='bbox 1854 3008 1917 3067; x_wconf 94' lang='lat' dir='ltr'>in</span> <span class='ocrx_word' id='word_1_256' title='bbox 1942 3019 2073 3068; x_wconf 91' lang='lat' dir='ltr'>tuto</span> <span class='ocrx_word' id='word_1_257' title='bbox 2095 3020 2205 3069; x_wconf 92' lang='lat' dir='ltr'>est.</span> <span class='ocrx_word' id='word_1_258' title='bbox 2230 3010 2299 3067; x_wconf 81' lang='lat'>2⁰</span> <span class='ocrx_word' id='word_1_259' title='bbox 2314 3010 2452 3068; x_wconf 87' lang='lat' dir='ltr'>Jam</span> 
     </span>
     <span class='ocr_line' id='line_1_31' title="bbox 302 3103 2451 3186; baseline -0.002 -21"><span class='ocrx_word' id='word_1_260' title='bbox 302 3124 444 3165; x_wconf 83' lang='lat' dir='ltr'>vero</span> <span class='ocrx_word' id='word_1_261' title='bbox 484 3103 820 3186; x_wconf 84' lang='lat' dir='ltr'>genuinitas</span> <span class='ocrx_word' id='word_1_262' title='bbox 854 3104 1217 3186; x_wconf 85' lang='lat' dir='ltr'>argumentis</span> <span class='ocrx_word' id='word_1_263' title='bbox 1252 3104 1465 3163; x_wconf 87' lang='lat' dir='ltr'>criticis</span> <span class='ocrx_word' id='word_1_264' title='bbox 1505 3126 1537 3163; x_wconf 91' lang='lat' dir='ltr'>a</span> <span class='ocrx_word' id='word_1_265' title='bbox 1572 3104 2044 3165; x_wconf 88' lang='lat' dir='ltr'>Protestantibus</span> <span class='ocrx_word' id='word_1_266' title='bbox 2089 3103 2451 3177; x_wconf 90' lang='lat' dir='ltr'>adstruitur,</span> 
     </span>
     <span class='ocr_line' id='line_1_32' title="bbox 302 3199 2454 3284; baseline -0.002 -24"><span class='ocrx_word' id='word_1_267' title='bbox 302 3221 372 3260; x_wconf 90' lang='lat' dir='ltr'>eo</span> <span class='ocrx_word' id='word_1_268' title='bbox 407 3221 627 3283; x_wconf 91' lang='lat' dir='ltr'>nempe</span> <span class='ocrx_word' id='word_1_269' title='bbox 668 3200 847 3260; x_wconf 93' lang='lat' dir='ltr'>modo</span> <span class='ocrx_word' id='word_1_270' title='bbox 886 3223 1003 3284; x_wconf 92' lang='lat' dir='ltr'>quo</span> <span class='ocrx_word' id='word_1_271' title='bbox 1043 3211 1105 3260; x_wconf 89' lang='lat' dir='ltr'>et</span> <span class='ocrx_word' id='word_1_272' title='bbox 1158 3200 1439 3260; x_wconf 89' lang='lat' dir='ltr'>Catholici</span> <span class='ocrx_word' id='word_1_273' title='bbox 1488 3201 1599 3283; x_wconf 92' lang='lat' dir='ltr'>ipsi</span> <span class='ocrx_word' id='word_1_274' title='bbox 1642 3222 1775 3260; x_wconf 91' lang='lat' dir='ltr'>eam</span> <span class='ocrx_word' id='word_1_275' title='bbox 1824 3200 2131 3261; x_wconf 86' lang='lat' dir='ltr'>vindicant</span> <span class='ocrx_word' id='word_1_276' title='bbox 2172 3199 2454 3261; x_wconf 81' lang='lat' dir='ltr'>adversus</span> 
     </span>
    </p>
   </div>
   <div class='ocr_carea' id='block_1_3' title="bbox 304 3431 2456 3753">
    <p class='ocr_par' dir='ltr' id='par_1_6' title="bbox 304 3431 2456 3668">
     <span class='ocr_line' id='line_1_33' title="bbox 375 3431 2456 3501; baseline 0 -19"><span class='ocrx_word' id='word_1_277' title='bbox 375 3435 442 3500; x_wconf 88' lang='grc'>(1)</span> <span class='ocrx_word' id='word_1_278' title='bbox 480 3434 588 3484; x_wconf 85' lang='lat' dir='ltr'>Jam</span> <span class='ocrx_word' id='word_1_279' title='bbox 620 3436 857 3495; x_wconf 87' lang='lat' dir='ltr'>vidimus,</span> <span class='ocrx_word' id='word_1_280' title='bbox 894 3453 920 3483; x_wconf 85' lang='lat' dir='ltr'>a</span> <span class='ocrx_word' id='word_1_281' title='bbox 951 3432 1147 3501; x_wconf 79' lang='lat' dir='ltr'>Synodo</span> <span class='ocrx_word' id='word_1_282' title='bbox 1176 3432 1345 3482; x_wconf 88' lang='lat' dir='ltr'>Laodi·</span> <span class='ocrx_word' id='word_1_283' title='bbox 1427 3432 1573 3481; x_wconf 78' lang='lat' dir='ltr'>libros</span> <span class='ocrx_word' id='word_1_284' title='bbox 1610 3449 1772 3481; x_wconf 81' lang='lat' dir='ltr'>omnes</span> <span class='ocrx_word' id='word_1_285' title='bbox 1815 3432 2281 3481; x_wconf 85' lang='lat' dir='ltr'>deutero-canonicos</span> <span class='ocrx_word' id='word_1_286' title='bbox 2338 3431 2456 3482; x_wconf 82' lang='lat' dir='ltr'>Novi</span> 
     </span>
     <span class='ocr_line' id='line_1_34' title="bbox 304 3514 2455 3582; baseline -0.002 -13"><span class='ocrx_word' id='word_1_287' title='bbox 304 3538 419 3569; x_wconf 83' lang='lat' dir='ltr'>cena</span> <span class='ocrx_word' id='word_1_288' title='bbox 459 3521 580 3568; x_wconf 84' lang='lat' dir='ltr'>inter</span> <span class='ocrx_word' id='word_1_289' title='bbox 615 3518 759 3567; x_wconf 62' lang='lat' dir='ltr'>libras</span> <span class='ocrx_word' id='word_1_290' title='bbox 788 3520 1041 3567; x_wconf 87' lang='lat' dir='ltr'>canonicos</span> <span class='ocrx_word' id='word_1_291' title='bbox 1071 3516 1179 3567; x_wconf 83' lang='lat' dir='ltr'>Vet.</span> <span class='ocrx_word' id='word_1_292' title='bbox 1205 3516 1340 3567; x_wconf 82' lang='lat' dir='ltr'>Test.</span> <span class='ocrx_word' id='word_1_293' title='bbox 1428 3516 1573 3577; x_wconf 85' lang='lat' dir='ltr'>Test.,</span> <span class='ocrx_word' id='word_1_294' title='bbox 1602 3525 1792 3581; x_wconf 81' lang='lat' dir='ltr'>excepta</span> <span class='ocrx_word' id='word_1_295' title='bbox 1816 3516 2112 3582; x_wconf 84' lang='lat' dir='ltr'>Apocalypsi.</span> <span class='ocrx_word' id='word_1_296' title='bbox 2131 3514 2180 3566; x_wconf 89' lang='lat' dir='ltr'>Si</span> <span class='ocrx_word' id='word_1_297' title='bbox 2198 3528 2356 3567; x_wconf 84' lang='lat' dir='ltr'>tamen</span> <span class='ocrx_word' id='word_1_298' title='bbox 2376 3517 2455 3566; x_wconf 85' lang='lat' dir='ltr'>hic</span> 
     </span>
     <span class='ocr_line' id='line_1_35' title="bbox 304 3595 1946 3668; baseline -0.002 -18"><span class='ocrx_word' id='word_1_299' title='bbox 304 3604 587 3662; x_wconf 80' lang='lat' dir='ltr'>recensitum</span> <span class='ocrx_word' id='word_1_300' title='bbox 602 3602 743 3651; x_wconf 80' lang='lat' dir='ltr'>fuisse</span> <span class='ocrx_word' id='word_1_301' title='bbox 759 3595 935 3650; x_wconf 74' lang='lat' dir='ltr'>liBrum</span> <span class='ocrx_word' id='word_1_302' title='bbox 951 3618 1033 3651; x_wconf 86' lang='lat' dir='ltr'>seu</span> <span class='ocrx_word' id='word_1_303' title='bbox 1049 3600 1342 3668; x_wconf 88' lang='lat' dir='ltr'>prophetiam</span> <span class='ocrx_word' id='word_1_304' title='bbox 1426 3616 1576 3649; x_wconf 83' lang='lat' dir='ltr'>canon</span> <span class='ocrx_word' id='word_1_305' title='bbox 1602 3600 1835 3664; x_wconf 80' lang='lat' dir='ltr'>genuinus</span> <span class='ocrx_word' id='word_1_306' title='bbox 1863 3608 1946 3648; x_wconf 84' lang='lat' dir='ltr'>est.</span> 
     </span>
    </p>

    <p class='ocr_par' dir='ltr' id='par_1_7' title="bbox 306 3684 1343 3753">
     <span class='ocr_line' id='line_1_36' title="bbox 306 3684 1343 3753; baseline 0 -20"><span class='ocrx_word' id='word_1_307' title='bbox 306 3684 486 3735; x_wconf 87' lang='lat' dir='ltr'>Baruch</span> <span class='ocrx_word' id='word_1_308' title='bbox 506 3722 520 3746; x_wconf 93' lang='lat'>,</span> <span class='ocrx_word' id='word_1_309' title='bbox 551 3703 653 3753; x_wconf 79' lang='lat' dir='ltr'>quae</span> <span class='ocrx_word' id='word_1_310' title='bbox 684 3684 1132 3734; x_wconf 81' lang='lat' dir='ltr'>deutero-canonica</span> <span class='ocrx_word' id='word_1_311' title='bbox 1165 3693 1264 3744; x_wconf 84' lang='lat' dir='ltr'>est,</span> <span class='ocrx_word' id='word_1_312' title='bbox 1297 3693 1343 3733; x_wconf 85' lang='lat' dir='ltr'>et</span> 
     </span>
    </p>
   </div>
  </div>
 </body>
</html>
