2502 4134
413 165 578 203 PART.
628 165 693 202 11.
741 163 864 200 cAl’.
914 164 1006 201 111.
1054 165 1121 200 ΒΕ
1163 163 1325 201 SACR-
1376 163 1660 201 SCRIPTUR.
1705 161 1890 200 INTER.
2098 139 2212 200 139

97 327 174 365 an
216 325 356 363 vero
390 325 497 385 per
541 303 916 364 assertionem
956 302 1263 383 cujuslibet
1301 325 1335 364 e
1373 304 1614 386 privatis
1649 301 1985 363 hominibus
2006 346 2023 377 ‚
2067 323 2212 385 quos

94 394 579 459 omnes‘illusioni
610 419 675 457 ac
704 399 1038 480 deceptioni
1067 398 1348 459 obnoxios
1374 420 1498 460 esse
1523 399 1654 480 quis
1677 396 1948 461 dubitet?
1977 398 2213 479 Itaque,

94 494 142 551 si
177 492 479 575 quidpiam
517 493 791 552 doceatur
829 492 902 552 ab
939 493 1006 552 iis
1049 493 1204 575 quod
1249 492 1508 553 Ecclesiae
1545 493 1822 553 doctrinae
1855 492 2211 573 refragatur,

93 589 412 648 certissimo
451 587 511 646 id
542 600 629 646 est
664 601 1010 668 argumento
1048 610 1144 648 eos
1186 588 1358 647 fuisse
1396 587 1690 668 deceptoS.
1721 589 1841 663 Nec
1862 588 2021 648 enim
2047 586 2218 647 testi-

91 684 356 742 monium
386 684 631 764 Spiritus
657 686 714 742 S.
745 684 853 741 sihi
877 705 1200 765 repugnare
1225 705 1487 765 unquam
1509 693 1721 763 potest.

172 778 315 837 213.
367 779 455 838 Ad
493 779 602 852 21¹¹,
635 781 791 838 Dz'st.
830 781 968 852 Quae
1003 779 1255 838 afficiant
1280 766 1465 838 totam
1496 776 1804 845 Ecclesiam
1827 820 1844 850 ,
1873 797 2031 837 conc.
2048 798 2070 847 ;
2099 778 2218 836 sin-

93 872 223 953 gula
264 878 384 951 ejus
415 873 682 933 membra
717 873 811 934 vel
842 896 967 954 neg).
1013 873 1104 934 vel
1147 875 1323 933 subd.
1365 884 1652 955 quatenus
1689 871 1878 931 eidem
1902 915 1917 945 ,
1955 893 2054 932 seu
2095 876 2219 951 ejus

94 969 423 1049 magisterio
469 968 724 1046 subjecta
770 981 943 1042 sunt,
983 990 1146 1028 conc.
1168 989 1190 1036 ‚·
1241 967 1462 1049 absque
1498 965 1782 1044 ejusmodi
1821 963 2215 1044 subjectione,

93 1085 225 1142 neg).
254 1062 335 1121 ob
356 1064 644 1123 rationem
666 1063 727 1121 in
751 1062 1050 1142 superiore
1071 1062 1450 1141 responsione
1469 1061 1728 1124 allatam.
1751 1060 2045 1142 Scriptura
2061 1064 2219 1123 enim

92 1161 156 1218 in
190 1180 257 1218 eo
284 1169 568 1240 perpetuo
589 1168 708 1230 est,
739 1167 806 1214 ut
827 1156 1116 1214 unitatem
1144 1153 1282 1214 fidei
1306 1166 1365 1214 et
1391 1153 1689 1213 charitatis
1705 1200 1722 1230 ,
1744 1153 2135 1217 obedientiam
2160 1168 2223 1220 et

93 1254 512 1331 subjectionem
545 1252 650 1326 iis,
689 1251 788 1332 qui
828 1250 1085 1330 legitime
1129 1261 1421 1332 praesunt,
1465 1249 1734 1310 inculcet.
1773 1251 1921 1310 Hinc
1950 1252 2073 1312 fieri
2105 1275 2223 1313 ne-

92 1349 255 1429 quit,
297 1359 363 1405 ut
411 1346 629 1427 absque
674 1346 958 1424 ejusmodi
1003 1346 1230 1406 unitate
1277 1357 1337 1406 et
1378 1345 1739 1424 subJectione
1783 1347 2013 1428 possint
2053 1346 2221 1408 alicui

90 1453 422 1524 competere
448 1441 564 1501 illae
590 1441 1077 1523 pollicitationes3
1113 1441 1593 1523 quandoquidem
1620 1453 1871 1523 utraque
1894 1443 2086 1502 unitas
2110 1464 2221 1525 pe-

91 1539 252 1597 nitus
275 1537 657 1597 scinderetur.
690 1537 986 1598 Deberent
1020 1549 1302 1620 praeterea
1331 1537 1649 1599 adversarii
1677 1538 1986 1599 ostendere
2012 1583 2028 1614 ,
2066 1539 2227 1621 apud

93 1654 152 1693 se
177 1632 326 1692 solos
349 1633 592 1714 reperiri
622 1632 906 1711 ejusmodi
930 1633 1341 1714 inspirationes
1360 1678 1376 1707 ,
1403 1655 1544 1714 quas
1571 1633 1936 1693 confidenter
1956 1638 2185 1712 Jactant
2202 1678 2223 1708 ,

89 1752 208 1788 non
248 1740 441 1789 autem
485 1731 663 1789 etiam
692 1727 1235 1811 apud'Catbolicosz,
1267 1727 1431 1810 quod
1468 1728 1578 1810 ipsi
1615 1750 1871 1810 quonam
1907 1730 2225 1808 praestitu'ri

91 1824 208 1882 sint
235 1836 436 1904 pactO,
467 1825 848 1884 vehementer
878 1836 1252 1906 expectamus
1289 1825 1399 1905 (l)
1436 1827 1638 1905 ltaque
1664 1824 1725 1882 in
1754 1824 2020 1883 adductis
2057 1826 2222 1884 testi·
2304 1817 2307 1820 ’

90 1920 299 1978 moniis
327 1918 642 2001 alloquitur
674 1919 934 1978 Christus
970 1920 1272 1980 universos
1311 1918 1615 2002 Apostolos
1639 1965 1656 1993 ,
1691 1941 1758 1980 ac
1796 1920 1859 1978 in
1883 1919 1998 1979 illis
2023 1919 2222 1980 Eccle-

95 2014 251 2072 siam
265 2015 603 2075 universam
637 2014 970 2074 docentem.

170 2109 310 2168 214.
358 2110 444 2169 Ad
482 2109 586 2183 31¹¹,
625 2110 775 2189 Ney.
816 2109 1126 2170 Collectiva
1166 2110 1324 2169 enim
1362 2121 1502 2168 sunt
1539 2109 1754 2168 Christi
1790 2108 2005 2184 verba3
2046 2120 2143 2184 et,
2172 2111 2222 2170 si

95 2223 279 2260 unum
317 2204 564 2284 excipias
597 2206 835 2263 Petrum
855 2251 870 2278 ,
907 2205 1132 2264 nemini
1162 2206 1222 2263 in
1254 2203 1586 2286 particulari
1619 2203 1921 2287 quidpiam
1958 2204 2220 2265 Christus

94 2298 386 2378 promisit.
413 2298 583 2371 Quod
607 2300 654 2357 si
683 2321 787 2379 per
811 2300 1126 2380 quamdam
1155 2300 1333 2363 veluti
1355 2300 1760 2359 extensionem
1795 2301 1870 2360 ad
1894 2299 2223 2381 quemlibet

91 2392 294 2451 referri
319 2413 487 2473 posse
521 2392 788 2451 dicantur
807 2437 822 2461 ,
853 2394 998 2452 adeo
1033 2403 1100 2451 ut
1129 2392 1329 2452 fideles
1356 2392 1692 2472 singillatim
1729 2393 1802 2453 de
1829 2394 2036 2453 iisdem
2070 2416 2221 2476 quo-

91 2485 414 2545 dammodo
453 2487 840 2568 participent,
885 2487 950 2546 id
993 2509 1063 2547 eo
1114 2509 1345 2569 semper
1391 2509 1565 2547 sensu
1600 2487 2047 2568 intelligendum
2087 2500 2216 2565 est,

93 2592 383 2660 quatenus
414 2580 592 2640 iidem
624 2604 810 2640 unum
843 2592 982 2640 sunt
1012 2603 1144 2640 cum
1175 2582 1299 2664 ipsa
1332 2582 1572 2642 Ecclesia
1596 2627 1611 2655 ,
1647 2604 1712 2642 ac
1743 2595 2023 2665 praeterea
2048 2588 2220 2663 juxta

92 2696 430 2735 mensuram
451 2721 465 2749 ,
507 2698 633 2757 quae
669 2675 982 2758 unicuique
1016 2679 1281 2757 congruit
1303 2723 1318 2752 ,
1361 2689 1427 2737 ut
1465 2699 1534 2736 ex
1567 2678 1887 2739 ministerio
1922 2700 1989 2739 ac
2028 2679 2220 2760 magi-

92 2771 268 2830 sterio
298 2771 557 2830 Ecclesiae
591 2773 919 2852 proficiant.

172 2866 312 2925 215.
331 2867 418 2926 Ad
437 2866 545 2942 4¹1¹,
571 2869 728 2927 Dist.
748 2866 1072 2949 Spiritualis
1093 2888 1195 2927 seu
1211 2867 1499 2949 perfectus
1517 2867 1849 2951 solidusque
1869 2868 2217 2932 christianus

161 3070 225 3132 (1)
262 3070 431 3137 Ecquis
458 3071 606 3134 dicet,
643 3080 711 3121 tot
738 3083 917 3122 sanctos
948 3071 1110 3133 Viros,
1196 3073 1425 3122 affirmare
1445 3074 1669 3135 audebit,
1699 3091 1861 3124 omnes
1887 3074 2028 3124 fuisse
2043 3073 2218 3141 Spiritu

99 3153 177 3214 qui
210 3156 370 3217 quavis
395 3161 524 3202 aetate
553 3156 604 3202 in
633 3153 836 3204 Ecclesia
858 3155 1113 3204 floruerunt
1196 3155 1353 3203 divino
1381 3155 1620 3204 destitutos
1638 3192 1652 3215 ‚
1693 3174 1748 3204 ac
1774 3156 1894 3204 solos
1923 3155 2214 3217 Lutherum,

98 3230 348 3295 catholica,
387 3246 432 3284 et
461 3239 642 3300 scriptis
674 3238 850 3286 coelesti
871 3238 1006 3303 plane
1026 3256 1114 3286 un·
1197 3236 1443 3286 Calvinum
1461 3275 1474 3297 ‚
1504 3237 1811 3303 Zwinglium,
1839 3238 2045 3305 aliosque
2075 3242 2217 3304 pessi-

106 3310 252 3360 ctione
277 3314 452 3364 refertis
478 3334 580 3365 eam
610 3318 923 3379 aedificarunt,
950 3329 1002 3366 ut
1031 3336 1114 3367 au·
1195 3335 1294 3367 mos
1323 3319 1535 3367 homines
1554 3357 1566 3376 ,
1600 3329 1679 3367 aut
1701 3318 1999 3387 Barclaejum‚
2034 3319 2216 3386 Quake·

105 3397 202 3436 ctor
237 3390 530 3446 Imitationis
558 3397 772 3461 Christi,
794 3399 841 3448 S.
867 3399 1111 3460 Theresia,
1198 3418 1271 3450 ros
1296 3439 1309 3462 ,
1354 3401 1656 3450 Methodistas
1694 3402 1813 3451 solos
1842 3403 2005 3452 divino
2039 3402 2217 3469 Spiritu

104 3465 154 3517 S.
183 3469 443 3526 Franciscus
467 3478 696 3541 Salesius,
736 3478 1042 3531 Bellarminus
1065 3485 1115 3530 in
1150 3496 1152 3498 ·
1197 3481 1308 3548 agi?
1332 3483 1405 3532 Au
1439 3484 1510 3534 vel
1543 3487 1641 3549 ipsc
1670 3488 1934 3535 communis
1968 3503 2126 3536 sensus
2154 3484 2215 3533 ab

103 3552 196 3598 suis
230 3551 357 3602 libris
391 3562 592 3609 asceticis
612 3598 628 3622 ‚
672 3563 951 3614 Fenelonius
967 3601 980 3625 ,
1014 3565 1116 3613 alii·
1197 3566 1288 3615 hoc
1315 3566 1590 3617 affirmando
1616 3584 1712 3616 non
1736 3568 1945 3633 refugit?

106 3649 201 3696 que
242 3651 358 3698 pene
399 3639 660 3704 innumeri,
702 3648 805 3711 quis
826 3684 840 3707 ,
882 3649 1108 3713 inquam,
