2502 4134
356 186 511 227 PART.
560 188 623 225 ιι.
674 185 821 225 θεοῖ.
870 187 935 222 11.
985 187 1108 223 ear.
1158 186 1219 223 11.-
1258 185 1324 221 mi
1370 182 1682 220 mansam.
1735 181 1900 218 rnAn.
2069 158 2188 218 293

1053 326 1194 405 gv.

152 492 237 549 De
271 490 471 548 Praxi
505 489 782 548 Ecclesiae
799 491 881 546 *in
907 489 1162 567 publica
1198 497 1255 544 et
1286 487 1535 544 solemni
1572 480 2119 542 Sacranwntorum‘

541 584 1106 653 administratione,
1138 591 1195 639 et
1231 580 1396 637 cultu
1442 580 1725 656 reliyiow.

151 757 287 816 446.
315 758 659 837 Quanquam
680 757 797 815 duo
817 756 939 824 haec
955 756 1135 816 veluti
1164 763 1359 836 partes
1381 751 1691 832 integrales
1717 773 1891 812 sacrae
1923 752 2193 833 Liturgiae

72 853 318 934 spectari
347 853 571 933 possint
589 897 604 925 ,
636 851 819 910 nihilo
847 863 1046 909 tamen
1075 851 1256 909 secius
1285 848 1614 930 Principem
1646 845 1755 905 sibi
1779 846 1971 906 locum
2000 838 2196 907 vindi·

72 958 206 1005 eant
257 958 314 1005 et
363 947 765 1005 auctoritatem
805 946 866 1003 in
908 942 1002 1018 re,
1046 943 1119 1002 de
1175 965 1290 1025 qua
1331 943 1586 1022 agimu5‚
1632 941 2005 1019 singularem.
2046 943 2197 1001 Nam

72 1041 322 1122 Liturgia
368 1038 716 1121 propriead
756 1039 934 1097 ritum
979 1047 1236 1118 spectat,
1273 1058 1388 1117 quo
1427 1032 1693 1116 publicus
1729 1037 1850 1094 Deo
1885 1034 2194 1094 exhibetur

73 1135 261 1194 cultus
280 1179 296 1207 ‚
327 1134 594 1193 Sacrificii
623 1129 1262 1214 praecipuegoblatione3
1295 1129 1725 1189 administratio
1759 1141 1956 1188 autem
1987 1132 2191 1189 Sacra-

76 1240 409 1288 mentorum
447 1225 683 1308 publica·
715 1229 780 1284 ac
824 1223 1100 1284 solemnis
1133 1224 1279 1282 ritus
1318 1223 1446 1281 illos
1491 1222 1939 1305 complectitur..
1985 1222 2195 1305 quibus

76 1322 272 1384 divina
321 1321 444 1380 haee
482 1320 675 1400 gratiae
722 1316 1114 1378 instrumenta
1157 1317 1523 1377 ab.Ecclesia
1564 1318 1627 1376 in
1678 1316 1908 1399 praxim
1948 1317 2197 1376 deducta

78 1429 245 1492 sunt3
283 1415 473 1497 cultus
515 1435 653 1474 vero
700 1414 993 1493 religiosus
1034 1412 1115 1472 sic
1155 1414 1475 1493 generatim
1514 1425 1782 1494 sumptus
1819 1433 1928 1494 pro
1970 1411 2199 1490 objecto

77 1521 353 1593 praeterea
377 1507 556 1569 habet
576 1507 747 1568 festos
769 1507 891 1567 dies
910 1553 925 1582 ,
949 1506 1204 1587 vigilia8‚
1231 1507 1459 1590 aliaque
1485 1506 1801 1585 ejusmodi,
1828 1526 1955 1588 quae
1982 1508 2198 1565 servari
2268 1502 2270 1504 ’

77 1614 520 1664 consueverunt.
1988 1608 1991 1614 '

160 1700 296 1760 447.
343 1702 521 1759 Porro
567 1711 634 1780 ut
676 1701 934 1781 primum
977 1700 1313 1759 insistamus
1354 1700 1416 1757 in
1453 1688 1964 1759 Sacramentorum
2010 1697 2201 1757 admi-

75 1796 454 1869 nistratione,
500 1818 633 1854 cum
674 1799 739 1854 in
780 1817 844 1855 ea
885 1806 1088 1875 agatur
1128 1795 1203 1855 de
1236 1817 1300 1854 re
1342 1795 1402 1852 in
1444 1816 1554 1853 usu
1593 1787 1937 1875 quotidiano
1978 1793 2198 1874 posita7

78 1912 252 1951 nemo
286 1913 459 1949 sanus
498 1891 557 1948 in
595 1890 840 1950 dubium
879 1885 1275 1964 revocaverit,
1309 1910 1377 1948 ex
1419 1887 1521 1947 illa
1561 1888 1964 1970 testimonium
2001 1885 2205 1968 publi-

80 2008 211 2046 cum
228 2032 244 2061 a
271 2008 561 2069 perenne,
589 1986 917 2048 universale
939 1998 999 2047 et
1021 1997 1292 2046 constans
1318 1984 1668 2044 Traditionis
1692 1983 2033 2063 dogmaticae
2052 1983 2202 2056 erui„

79 2083 223 2141 circa
244 2082 583 2142 eorumdem
603 2084 1110 2143 Sacramentorum
1128 2103 1474 2155 numerum,
1508 2080 1824 2141 efficaciam
1842 2124 1857 2154 ,
1885 2077 2206 2160 peculiares

80 2175 315 2235 effectus
339 2221 354 2249 ,
396 2198 461 2235 ac
500 2178 941 2258 dispositionem
978 2177 1052 2236 ad
1087 2198 1153 2237 ea
1191 2177 1302 2236 rite
1331 2174 1718 2257 suscipienda.-
1750 2176 1898 2234 Cum
1926 2174 2101 2253 igitur
2137 2195 2208 2233 ex

84 2270 359 2329 omnibus.
399 2271 906 2353 deprehendamus
957 2275 1294 2331 Graecorum
1317 2317 1333 2345 ,
1383 2269 1892 2350 orientaliumque
1932 2268 2211 2327 Ecclesia-

82 2387 214 2424 rum
237 2365 609 2447 euchologiis‚
637 2379 812 2449 atque
837 2388 909 2426 ex
932 2364 1395 2426 occidentalium
1419 2385 1521 2424 seu
1542 2364 1881 2425 Latinorum
1905 2361 2211 2420 ritualibus

83 2481 148 2519 ac
177 2461 640 2521 sacramentariis
661 2506 677 2535 ,
708 2453 936 2543 septem
965 2459 1218 2542 ubique,
1253 2459 1459 2541 quovis
1492 2470 1759 2539 tempore
1799 2456 1974 2515 fuisse
2009 2457 2214 2516 Sacra-

84 2567 280 2614 menta
329 2555 767 2629 administrata,
818 2577 1020 2615 nonne
1063 2554 1351 2628 audaciae,
1392 2575 1468 2613 ne
1507 2553 1701 2613 dicam
1739 2553 2015 2612 amentiae
2065 2553 2213 2610 Pro-

51 2660 54 2663 ’
83 2661 363 2710 testantes
400 2662 757 2731 arguuntur,
802 2651 905 2732 qui
940 2672 1007 2710 ea
1038 2649 1113 2708 ad
1141 2660 1391 2731 quatuor
1416 2660 1580 2708 terve
1604 2693 1620 2723 a
1664 2658 1962 2729 postremo
1992 2646 2067 2705 ad
2098 2645 2216 2704 duo

84 2744 478 2825 redegerunt?
516 2745 679 2805 Idem
718 2746 810 2805 dic
838 2745 911 2806 de
947 2745 1161 2825 gratia,
1196 2764 1326 2827 quae
1366 2765 1471 2826 per
1507 2765 1573 2803 ea
1609 2743 1859 2802 conferri
1889 2742 2085 2802 omnia
2119 2741 2218 2799 illa

85 2841 301 2923 pariter
327 2840 675 2901 documenta
699 2850 990 2901 testantur
1021 2841 1146 2920 (1),
1183 2839 1255 2899 de
1290 2837 1620 2912 effectibus,
1654 2838 1755 2918 qui
1776 2837 1845 2896 iis
1873 2835 2220 2895 tribuuntur

87 2935 231 2994 circa
270 2935 661 2995 characterem
685 2981 702 3010 ‚
745 2934 818 2996 de
858 2935 1177 2994 infantium
1218 2935 1613 3015 Baptismate.,
1649 2931 1722 2991 de
1755 2931 2220 3011 exorcismorum

90 3051 195 3088 usu
217 3074 233 3102 .‚
265 3053 380 3113 quo
410 3031 748 3111 Pelagianos
772 3036 898 3110 jam
933 3041 1100 3091 aetate
1138 3051 1239 3088 sua
1277 3031 1335 3088 S.
1372 3028 1724 3108 Augustinus
1755 3026 2061 3108 'premebat
2094 3025 2183 3107 (2)
2203 3070 2220 3102 ‚

92 3122 165 3182 de
193 3127 556 3186 conscientiae
577 3126 834 3208 puritate
865 3125 943 3185 ad
965 3147 1186 3184 sacram
1219 3124 1512 3184 afferenda
1539 3123 1814 3204 Synaigim
1834 3168 1850 3197 ,
1884 3121 1959 3182 de
1991 3122 2225 3181 Confes-

98 3215 269 3276 sionis
290 3220 622 3280 auricularis
648 3243 788 3307 usu,
818 3221 1060 3302 aliisque
1089 3218 1374 3279 similibus
1400 3218 1513 3299 (3).

168 3404 239 3469 (l)
274 3405 373 3458 Csr.
419 3409 657 3460 Edmund.
701 3411 984 3471 Mai-tonius,
1030 3409 1109 3458 De
1196 3410 1254 3458 de
1281 3408 1491 3475 l'quise
1529 3407 1793 3474 catholique
1827 3426 1913 3458 sm·
1943 3408 2006 3458 les
2035 3405 2209 3457 Saure-

97 3487 315 3551 antiquiae
345 3487 568 3542 Ecclesiae
593 3493 770 3543 ritibus
788 3529 805 3556 ‚
845 3496 899 3542 in
926 3495 981 3542 iis
1006 3508 1111 3559 quae
1197 3501 1378 3552 ments,
1418 3504 1527 3540 tom.
1561 3511 1606 3540 v.

98 3569 217 3615 circa
259 3567 549 3644 Sacramenta
596 3575 779 3642 singula
834 3570 1105 3642 praemittit3
1267 3575 1331 3639 (Ξ)
1369 3575 1526 3624 Recol.
1566 3578 1775 3639 superius
1803 3575 1945 3623 dicta.

99 3646 407 3699 Renffl‘dffliffl
432 3689 446 3712 2
482 3652 554 3702 La
574 3658 840 3724 perpatuit&
872 3656 929 3705 de
964 3657 1011 3705 Ia
1039 3657 1113 3719 foi
1268 3649 1466 3723 (3)'Gs1·.
1500 3674 1603 3723 quae
1634 3659 1898 3722 scripsimus
1914 3658 1963 3704 in
1980 3662 2114 3703 tract.
2137 3653 2213 3701 Dc
