2502 4134
272 100 396 161 272

876 122 1074 160 TRAGT.
1124 125 1192 160 DE
1235 126 1388 165 Locls
1431 129 1810 170 Tnnotoclcls.

346 263 492 324 406.
544 261 763 323 Eodem
804 282 980 321 sensu
1026 264 1322 345 Rupertus
1369 268 1717 346 Tuitiensis7
1760 273 2078 352 Occamus7
2128 278 2406 341 Camera-

273 361 496 434 censis7
537 357 903 432 Waldensis7
951 360 1210 440 Lyranus
1258 360 1474 444 aliique
1516 363 1695 425 locuti
1741 380 1917 445 sunt7
1956 393 2205 454 quorum
2239 377 2404 435 testi-

274 457 468 516 monia
515 475 649 513 cum
696 453 1064 514 adversarius
1092 456 1437 537 singillatim
1465 481 1587 518 non
1633 461 1971 543 allegaverit
1999 512 2015 542 7
2058 468 2190 528 ideo
2226 470 2299 529 ab
2334 472 2402 532 iis

270 549 674 633 expendendis
705 552 1176 631 supersedemus·
1226 554 1309 612 Ex
1339 553 1601 636 analogia
1635 559 1794 617 enim
1841 560 1904 619 in
1933 563 2201 624 eamdem
2228 566 2405 648 plane

264 645 707 706 conclusionem
734 646 1104 706 deducimur.

353 742 494 802 407.
541 744 623 802 Ex
661 741 750 801 his
775 744 1071 826 specimen
1101 743 1276 804 datur
1297 744 1701 807 sollicitudinis
1719 749 2183 814 adversariorum
2208 758 2404 818 Eccle-

263 839 368 900 siae
395 838 692 899 catholicae
727 839 791 898 in
830 841 1204 920 corrogandis
1230 842 1531 901 nonnullis
1561 845 1805 904 Patrum
1837 845 2023 907 effatis
2050 870 2080 908 a
2117 862 2397 912 contextu

266 935 513 996 divulsis
536 980 551 1010 7
596 945 664 994 ut
702 935 813 994 sibi
855 935 1242 995 blandiant-ur
1282 949 1458 1019 atque
1495 938 1620 998 aliis
1655 940 1941 1016 illudant7
1988 965 2122 1031 cum
2157 967 2398 1028 persua-

267 1031 409 1091 dere
445 1032 752 1105 nituntur7
796 1035 995 1092 Patres
1025 1032 1361 1092 divinarum
1395 1035 1805 1096 Traditionum
1834 1041 2240 1101 auctoritatem
2277 1066 2400 1104 non

266 1127 568 1188 admisisse
591 1154 607 1202 ς
633 1127 775 1187 dum
794 1150 889 1188 eas
908 1129 969 1187 in
991 1130 1107 1188 suis
1136 1130 1409 1211 operibus
1429 1131 1645 1214 ubique
1662 1137 2026 1216 apertissime
2047 1137 2395 1216 adstruunt'7

265 1235 597 1307 pugnantes
638 1224 919 1284 adversus
955 1224 1297 1300 haereticos7
1341 1249 1487 1307 quos
1528 1230 1705 1289 etiam
1743 1244 2033 1314 perpetuo
2074 1247 2400 1315 provocant

265 1321 341 1381 ad
387 1323 714 1381 doctrinam
757 1324 819 1380 in
856 1321 1103 1382 Ecclesia
1145 1324 1417 1382 universa
1464 1338 1800 1406 receptam.¹
1855 1351 1984 1410 quae
2025 1350 2157 1389 cum
2194 1331 2400 1390 Tradi-

264 1418 427 1478 tione
447 1464 462 1493 7
504 1430 571 1476 ut
602 1419 842 1478 inferius
867 1418 1126 1478 dicemus
1149 1464 1165 1493 7
1211 1418 1637 1480 identificatur.
1684 1423 2220 1484 Animadvertimus
2243 1448 2399 1508 prae-

265 1526 424 1575 terea
448 1561 464 1590 7
492 1517 690 1573 Patres
711 1561 726 1584 7
771 1535 840 1573 ex
873 1514 1086 1596 quibus
1126 1514 1251 1574 haec
1295 1514 1518 1593 objecta
1551 1530 1725 1591 sunt7
1761 1541 1850 1578 eos
1877 1524 2038 1599 ipsos
2066 1543 2182 1580 esse
2197 1564 2221 1595 ‚
2254 1543 2399 1603 quos

261 1611 689 1671 Shuttleworth
727 1615 795 1668 in
826 1615 1027 1689 praxi
1059 1613 1266 1669 saltem
1308 1613 1696 1672 tradicionem
1745 1617 2099 1689 admisisse,
2145 1618 2400 1688 fatetur,

259 1707 429 1789 quasi
458 1727 677 1788 nempe
711 1705 871 1785 apud
906 1705 1033 1764 illos
1062 1706 1258 1787 praxis
1285 1728 1318 1765 a
1346 1707 1462 1765 fide
1505 1706 1904 1789 discrepasset.

1087 1876 1581 1956 Dli'FICULTATES.

676 2046 779 2105 Ea:
822 2054 1053 2102 natura
1088 2052 1146 2101 et
1170 2043 1568 2101 incommodis
1595 2045 1968 2106 traditionis.

344 2239 488 2297 408.
538 2236 669 2316 Obj.
694 2237 906 2317 prima.
936 2237 1085 2293 Dato
1122 2233 1301 2293 etiam
1320 2278 1336 2306 7
1382 2255 1503 2291 non
1537 2235 1735 2294 omnia
1756 2282 1771 2307 7
1801 2257 1933 2318 quae
1960 2238 2219 2320 Apostoli
2246 2237 2401 2323 prae-

265 2334 538 2394 dicarunt
566 2334 795 2415 scriptis
827 2352 950 2390 esse
975 2330 1313 2408 consignata
1338 2373 1353 2402 7
1380 2350 1501 2386 non
1526 2328 1685 2388 aliud
1707 2333 1968 2414 sequitur
1989 2379 2004 2408 7
2030 2357 2207 2416 quam
2234 2358 2398 2396 reve-

262 2430 542 2491 lationem
570 2429 788 2488 divinae
826 2425 1146 2488 voluntatis
1193 2423 1267 2482 ad
1312 2445 1418 2482 nos
1454 2425 1697 2486 minime
1743 2430 2095 2509 pervenisse,
2136 2431 2393 2491 Stultum

265 2528 485 2610 quippe
521 2537 611 2586 est
647 2524 757 2584 sibi
793 2521 1179 2607 persuadere7
1214 2521 1625 2580 intemeratam
1654 2523 1729 2582 ad
1755 2546 1860 2584 nos
1893 2514 2074 2609 usque
2112 2527 2400 2606 ejusmodi

261 2802 373 2850 liter
391 2801 451 2848 ab
467 2799 716 2866 Apostolis
728 2817 749 2861 ‚-
770 2807 814 2846 et
832 2795 1156 2864 periculosum
1178 2803 1295 2842 esset

265 2902 427 2933 errare
456 2885 587 2931 circa
617 2881 700 2930 illa
721 2919 735 2940 ‚
765 2898 872 2947 (μω
893 2896 991 2928 non
1022 2886 1210 2926 tantum
1234 2876 1295 2925 ab

264 2967 510 3034 Apostoli&
530 2967 826 3015 descendunt
849 2981 939 3031 per
964 2965 1146 3028 scripta
1165 2997 1181 3022 ,
1213 2962 1297 3010 sed

264 3053 406 3097 etiam
436 3067 543 3114 quae
555 3067 646 3116 per
667 3048 1061 3097 consuetudinem
1095 3048 1293 3094 univer-

262 3131 383 3180 salis
418 3130 651 3181 Ecclesiae
682 3131 889 3180 tenenda
923 3138 1098 3178 sunt...
1126 3128 1291 3177 Multa

264 3217 420 3280 ἐρίων
439 3215 601 3263 docuit
620 3233 695 3263 eos
714 3215 932 3282 Spiritus
963 3213 1014 3261 S.
1023 3249 1036 3270 ,
1064 3229 1173 3277 quae
1193 3229 1290 3258 non

265 3308 381 3345 sunt
394 3302 572 3363 scripta
592 3302 645 3347 in
661 3298 926 3364 Evanyelio
937 3334 951 3357 ,
975 3306 1018 3347 et
1033 3296 1118 3345 illa
1136 3295 1290 3344 mulla

264 3380 486 3446 quaedam
499 3398 591 3445 per
603 3380 911 3448 Scripturam
926 3418 942 3443 ,
964 3380 1187 3447 quaedam
1200 3396 1292 3444 per

264 3462 659 3510 consuetudinem
678 3463 1003 3513 tradiderunt.
1015 3463 1124 3511 Haec
1141 3479 1289 3527 pauca

265 3545 405 3595 verba
442 3555 593 3594 totum
625 3545 902 3597 labefactant
939 3546 1157 3596 Palmerii
1185 3563 1292 3615 sys-

1379 2805 1519 2846 tema.
1559 2797 1663 2848 Oh!
1711 2819 1854 2867 quam
1892 2803 2058 2852 melius
2086 2806 2281 2870 scriptor
2315 2807 2400 2853 iste

1377 2881 1616 2943 ingenium
1635 2892 1679 2929 et
1698 2887 2010 2948 cognitiones,
2035 2887 2205 2952 quibus
2228 2886 2393 2949 pollet,

1377 2974 1688 3013 consecrasset
1708 2966 1918 3015 fovendae
1938 2971 2098 3017 unioni
2118 2972 2238 3016 inter
2251 2969 2399 3017 eccle-

1378 3046 1491 3093 siam
1522 3045 2003 3110 amylo-catholicam,
2037 3059 2090 3098 ut
2113 3052 2211 3113 ipse
2235 3060 2394 3110 vocat,

1374 3139 1418 3177 et
1449 3128 1702 3178 Ecclesiam
1719 3148 1832 3194 ¹vere
1859 3143 1903 3180 et
1927 3134 2065 3179 unice
2090 3132 2364 3180 catholicam
2380 3170 2394 3192 7

1373 3230 1543 3278 nempe
1583 3212 1843 3262 Romanam
1864 3216 1875 3262 ἔ
1907 3214 2148 3263 Meliorem
2194 3217 2400 3279 profecto

1373 3299 1548 3345 exitum
1572 3296 1839 3345 habuissent
1861 3300 1961 3362 ejus
1984 3299 2163 3346 labores
2184 3315 2197 3359 3
2230 3308 2391 3346 contra

1371 3396 1479 3428 vero
1494 3417 1508 3438 7
1530 3390 1579 3427 ut
1598 3382 1759 3427 ceteris
1775 3380 2043 3429 acatholicis
2062 3382 2279 3430 omnibus
2294 3385 2390 3448 jam

1372 3464 1594 3529 contigit,
1624 3462 1778 3511 oleum
1814 3473 1860 3512 et
1895 3481 2082 3529 operam
2113 3465 2313 3531 perdidit
2339 3467 2390 3512 in

1372 3545 1461 3595 hac
1487 3545 1690 3595 Ecclesia
1721 3548 2049 3613 oppugnanda.
