2502 4134
285 119 404 180 302

888 139 1087 176 TRACT.
1137 141 1204 176 DE
1250 141 1399 180 Locls
1444 145 1830 186 THEOLOGICIS.

281 284 561 346 acerrime
595 284 950 355 insectatur,
992 280 1273 342 declinari
1312 282 1568 361 debent,
1603 310 1792 371 neque
1826 292 2058 352 crimini
2099 293 2247 354 verti
2286 315 2415 355 me·

281 380 465 441 thodo
504 377 617 460 ipsi
655 376 769 457 (l).

363 475 505 535 459.
557 471 645 532 Ad
669 471 792 533 haec
821 471 1043 555 duplex
1081 472 1354 556 scopulus
1389 475 1666 538 vitandus
1698 490 1821 555 est,
1853 492 1915 542 et
1937 503 2143 542 eorum
2163 504 2413 568 nempe,

278 571 380 655 qui
409 569 556 651 adeo
585 567 988 630 scholasticam
1020 569 1370 631 methodum
1404 572 1698 634 extollunt
1718 620 1734 651 ‚
1766 586 1834 635 ut
1869 578 1983 637 nisi
2015 578 2258 640 videant
2291 582 2416 662 agi-

278 666 391 728 tari
427 666 778 749 quaestiones
799 711 816 742 ‚
863 687 992 749 quae
1032 665 1107 727 ab
1143 667 1576 750 antiquioribus
1613 669 1970 732 scholasticis
2003 673 2416 759 disceptaban-

275 777 405 841 tur,
444 784 732 845 vocesque
762 761 1068 838 adhiberi,
1107 785 1241 845 quae
1273 763 1430 845 apud
1466 763 1596 826 illos
1628 760 1690 825 in
1720 789 1829 827 usu
1853 768 2095 829 fuerunt
2115 814 2132 845 ,
2163 772 2260 832 vix
2291 794 2415 833 non

276 858 604 943 despiciant
634 857 937 946 ¹ejusmodi
988 858 1427 920 lucubrationes
1475 871 1762 944 tanquam
1797 867 2066 943 jejunae,
2109 863 2301 926 aridas
2347 889 2415 928 ac

275 955 549 1036 theologo
580 954 872 1045 indignas.
917 958 1106 1014 Immo
1140 954 1417 1015 nonnulli
1455 955 1602 1016 adeo
1631 959 1925 1040 progressi
1954 970 2123 1035 sunt,
2163 970 2264 1036 ut.
2302 961 2415 1021 nisi

275 1056 492 1114 iterum
527 1063 833 1115 revocetur
879 1052 1262 1135 peripatetica
1299 1052 1676 1135 philosophia
1723 1076 1862 1114 cum
1905 1055 2108 1116 formis
2145 1056 2414 1117 aristote-

275 1151 397 1211 licis
419 1195 435 1226 ,
470 1149 762 1224 clament,
806 1148 908 1212 vix
937 1161 1132 1209 actum
1169 1171 1292 1209 non
1328 1171 1454 1210 esse
1481 1151 1555 1211 de
1583 1151 1846 1213 Ecclesiae
1882 1152 2021 1213 fidei
2049 1152 2407 1214 defensione.

276 1247 351 1307 Hi
381 1246 640 1330 profecto
673 1256 921 1328 peccant
951 1267 1209 1306 excessu,
1240 1245 1354 1306 Sed
1389 1257 1448 1306 et
1487 1268 1694 1307 eorum
1735 1248 2032 1310 cavendus
2070 1256 2160 1310 est
2199 1270 2413 1332 scopu-

274 1343 400 1419 lus,
447 1343 552 1426 qui
601 1342 856 1409 nimium
892 1341 1263 1401 scholasticos
1311 1363 1634 1425 eorumque
1680 1343 2033 1404 methodum
2068 1345 2414 1426 deprimunt

272 1451 334 1501 et
365 1450 690 1502 extenuant
726 1436 1223 1520 (2).Scl1olastici
1259 1437 1477 1521 passim
1507 1439 2028 1521 parvipenduntur
2055 1439 2129 1500 ab
2160 1438 2410 1500 homini-

268 1634 571 1685 adversarios
592 1633 874 1682 convincere
890 1669 903 1691 ‚
925 1631 1289 1699 concertat-ioni-
1316 1674 1321 1680 .

269 1717 448 1784 busque
475 1725 519 1765 et
547 1717 675 1764 rimis
700 1722 819 1762 totas
848 1712 1041 1762 chartas
1071 1711 1290 1776 implere.

272 1800 432 1866 Atque
446 1800 573 1846 inter
584 1797 669 1846 lios
686 1804 801 1843 sunt
816 1797 874 1843 in
887 1792 1110 1845 Ecclesia
1126 1791 1292 1854 multi,

264 1884 357 1948 qui
369 1890 602 1947 tanquam
618 1877 793 1926 milites
804 1880 1045 1926 auctorati
1058 1875 1136 1924 vel
1149 1884 1292 1924 tuen-

269 1975 351 2015 tur
378 1963 452 2014 vel
478 1966 775 2029 impuqnant
795 1999 808 2021 ‚
845 1969 892 2009 et
919 1968 1018 2009 tota
1043 1976 1207 2008 eorum
1236 1958 1293 2007 de

271 2065 322 2097 re
350 2046 608 2112 theoloqica
640 2045 906 2111 disputatio
934 2044 1160 2107 partium
1188 2051 1290 2091 stu-

269 2132 408 2180 dium
436 2139 533 2192 est,
562 2129 802 2189 contentio
838 2136 984 2193 atque
1010 2125 1291 2174 dissidium.

338 2215 409 2280 (l)
447 2213 549 2262 cfr.
580 2212 699 2261 ibid.
727 2210 916 2271 Canus,
942 2211 1024 2277 qui
1054 2211 1118 2256 ita
1138 2225 1294 2274 prose-

271 2300 427 2366 quitur
462 2313 476 2345 :
513 2296 676 2343 Fuere
712 2300 874 2342 autem
912 2292 1018 2339 sine
1056 2290 1204 2337 dubio
1237 2291 1292 2336 in

267 2379 427 2430 schola
453 2376 625 2439 multi,
656 2379 774 2442 qui,
804 2374 882 2422 his
911 2374 1051 2422 vitiis
1079 2371 1294 2420 declina-

267 2466 360 2525 tis,
390 2478 491 2510 rem
519 2458 831 2525 theoloqicam
857 2457 1210 2522 qravitersane
1234 2471 1292 2502 ac

266 2545 469 2596 modeste
498 2547 838 2593 tractarunt...
866 2540 1076 2606 Propter
1106 2554 1292 2605 pauco-

266 2647 379 2679 rum
410 2630 535 2677 vitia
557 2643 656 2675 non
672 2633 741 2674 est
759 2623 978 2674 omnium
1001 2637 1176 2671 corona
1192 2630 1293 2669 tra-

266 2711 517 2773 ducenda,·
555 2707 683 2775 quod
714 2709 806 2756 etsi
832 2699 1051 2774 plerique
1090 2702 1295 2769 theoloqi

266 2799 323 2845 in
354 2794 432 2844 his
460 2795 599 2844 vitiis
633 2798 819 2854 essent,
856 2790 1031 2854 iniqua
1059 2795 1175 2835 esset
1200 2785 1291 2834 ad-

267 2881 359 2929 huc
402 2879 498 2927 ista
543 2874 815 2926 calumnia.
872 2869 1290 2940 Quemadmodum

267 2966 401 3014 enim
427 2978 564 3011 nemo
576 2962 748 3028 justus
778 2966 823 3006 et
843 2954 1063 3024 prudens
1087 2955 1288 3001 univer-

268 3053 342 3096 sos
359 3045 673 3095 adolescentes
691 3048 911 3098 accusat,
940 3037 1162 3103 quamvis
1177 3035 1290 3102 plu-

268 3132 449 3179 rimum
465 3130 565 3177 sint
578 3125 831 3177 libidinosi
843 3159 860 3185 ‚
890 3122 1119 3188 quoniam
1140 3118 1289 3168 libido

267 3229 367 3262 non
384 3220 454 3261 est
468 3211 688 3259 omnium
706 3206 1072 3265 adolescentum,
1089 3204 1174 3252 sed
1190 3219 1289 3251 non

263 3295 557 3363 proborum3
587 3293 684 3352 sic,
725 3290 956 3356 quoniam
976 3289 1073 3336 ista
1102 3284 1286 3334 sclicla-

266 3379 390 3426 stica
389 3374 668 3443 pertinacia
681 3370 998 3437 theoloqorum
1009 3368 1184 3426 levium
1199 3375 1286 3431 est,

267 3477 369 3511 non
382 3458 602 3510 omnium
621 3492 634 3512 ‚
651 3456 821 3520 inique
830 3453 1063 3521 profecto,
1082 3460 1135 3499 ut
1151 3451 1288 3500 modo

269 3542 514 3600 dicebam,
547 3536 704 3586 schola
723 3535 997 3585 traducitur
1015 3542 1211 3602 propter
1233 3551 1290 3583 ea

269 3628 391 3677 vitia
409 3660 425 3687 ,
461 3639 568 3688 quoe
585 3636 686 3668 non
703 3626 819 3667 sunt
838 3617 1006 3668 scholoe
1017 3653 1032 3678 ,
1059 3616 1142 3666 sed
1159 3618 1289 3665 iner-

269 3714 363 3773 tis,
400 3723 571 3768 oanae,
610 3704 911 3752 contentivam
946 3700 1133 3751 scliclae.
1176 3701 1290 3768 Quae

1382 1646 1492 1678 cum
1514 1632 1576 1678 ita
1596 1648 1643 1678 se
1666 1630 1890 1691 habeant,
1906 1634 2011 1698 jure
2025 1633 2187 1679 merito
2202 1648 2227 1679 a
2240 1630 2322 1678 Pio
2340 1647 2404 1690 w,

1382 1713 1434 1759 in
1464 1710 1674 1762 Constit.
1693 1711 1933 1762 Aucromm
1953 1730 2090 1775 mnu,
2119 1713 2410 1770 pistoriensis

1382 1793 1550 1859 synodi
1593 1812 1719 1859 prop.
1757 1812 1889 1842 cxxvi
1929 1811 1944 1843 ε
1982 1793 2276 1852 Insectatio,
2312 1811 2410 1860 qua

1381 1876 1593 1941 synodus
1636 1875 1982 1924 Scholasticam
2027 1879 2242 1941 exaqitat
2285 1876 2412 1925 velut

1379 1975 1519 2018 eam,
1558 1976 1670 2024 quae
1704 1960 1838 2007 viam
1869 1960 2063 2025 aperuit
2095 1958 2406 2007 inveniendis

1379 2043 1520 2090 novis
1547 2049 1591 2090 et
1617 2043 1743 2089 inter
1763 2058 1812 2089 se
1840 2040 2229 2090 discordantibus
2256 2051 2405 2106 syste-

1379 2124 1594 2172 matibus
1622 2123 1782 2189 quoad
1809 2125 2030 2172 veritates
2066 2124 2265 2188 masoris
2287 2141 2404 2189 pre-

1379 2207 1471 2268 tii,
1514 2222 1571 2253 ac
1605 2205 1797 2254 demum
1837 2205 2047 2254 adduxit
2080 2205 2145 2253 ad
2177 2204 2405 2270 probabi·

1380 2286 1575 2335 lismum
1615 2296 1661 2335 et
1705 2286 1969 2335 laxismum
1992 2308 2012 2345 ,·
2045 2273 2311 2353 'quatenus
2349 2289 2404 2336 in

1378 2371 1713 2420 scholasticam
1737 2372 1899 2438 rejicit
1914 2373 2223 2438 privatorum
2249 2372 2401 2434 vitia,

1378 2456 1467 2519 qui
1481 2455 1623 2503 abuti
1634 2471 1690 2503 ea
1701 2462 1969 2521 potuerunt
1993 2463 2081 2502 aut
2098 2454 2240 2503 abusi
2261 2461 2403 2514 sunt,-

1379 2536 1653 2587 declaratur
1675 2547 1720 2587 et
1744 2537 2007 2586 damnatur
2037 2539 2115 2586 uti
2138 2536 2268 2602 falsa
2283 2571 2299 2597 ,
2336 2544 2404 2584 te-

1378 2623 1592 2669 meraria
1612 2659 1626 2681 ‚
1652 2622 1708 2669 in
1723 2622 2052 2669 sanctissimos
2066 2622 2196 2669 viros
2223 2629 2269 2668 et
2294 2618 2399 2667 Do-

1377 2712 1525 2752 ctores
1538 2740 1551 2764 ,
1577 2705 1667 2768 qui
1678 2719 1852 2769 maqno
1865 2703 2112 2753 catholicae
2129 2701 2401 2767 Reliqionie

1378 2786 1498 2834 bono
1511 2785 1845 2834 scholasticam
1859 2784 2121 2846 excoluere,
2137 2786 2397 2851 injuriosa,

1371 2869 1544 2934 favens
1570 2870 1626 2916 in
1653 2887 1759 2918 eam
1781 2869 2113 2918 haereticorum
2141 2866 2395 2915 conviciis.

1449 2951 1514 3017 (2)
1555 2951 1678 3001 lnter
1726 2952 1815 3000 hos
1860 2969 1956 3000 non
2003 2950 2219 2999 infimum
2268 2957 2396 2997 tenet

1377 3037 1530 3084 locum
1546 3033 1708 3083 Petrus
1724 3033 2059 3083 Tamburinius
2076 3070 2090 3093 ‚
2115 3033 2393 3097 jansenista-

1377 3136 1481 3168 rum
1514 3117 1565 3166 in
1595 3117 1725 3166 Italia
1764 3117 1851 3165 sub
1892 3116 2037 3165 finem
2075 3114 2217 3180 elapsi
2252 3113 2396 3162 seculi

1377 3212 1420 3252 et
1449 3196 1591 3270 hujus
1613 3202 1803 3249 initium
1825 3198 2087 3265 coryphaeus
2103 3234 2116 3255 ‚
2150 3199 2199 3245 in
2224 3215 2302 3262 op.
2323 3194 2396 3245 De

1370 3284 1586 3351 fontibus
1603 3298 1753 3331 sacroe
1775 3279 2021 3346 theoloqioe
2031 3316 2047 3338 ‚
2065 3279 2216 3329 Ticini
2238 3298 2255 3329 ι
2267 3297 2364 3347 790
2378 3316 2394 3344 ,

1377 3368 1471 3418 vol.
1502 3384 1554 3415 ιιι
1573 3402 1587 3427 ,
1619 3365 1731 3414 diss.
1758 3361 1811 3428 4.
1835 3363 1927 3414 Sed
1944 3362 2046 3412 cfr.
2072 3373 2232 3412 contra
2260 3380 2396 3412 eum-

1373 3452 1481 3501 dem
1518 3467 1632 3516 opns
1667 3448 1940 3513 inscriptum
1963 3485 1976 3508 ‚
2013 3444 2084 3495 La
2115 3447 2294 3495 cattiva
2327 3443 2396 3492 lo·

1371 3535 1482 3600 qica
1510 3530 1586 3581 del
1609 3531 1911 3596 qiansenista
1934 3528 2006 3581 D.
2045 3529 2211 3578 Pietro
2243 3527 2395 3575 Tam-

1373 3615 1569 3677 burini,
1604 3614 1774 3662 Torino
1811 3610 1956 3680 1795.
