2502 4134
288 141 368 200 72
488 194 490 196 ,
897 166 1092 204 macr.
1138 168 1205 203 na
1247 166 1400 204 noeis
1444 168 1825 209 rflEoLoemis.

291 307 658 389 posuerimus
691 308 957 366 omnium
980 319 1039 367 et
1062 308 1427 388 singulorum
1444 355 1461 383 ,
1489 332 1632 391 quos
1658 311 1827 371 nobis
1851 312 2089 373 exhibet
2117 313 2412 376 decretum

290 401 737 476 Tridentinum,
784 401 1069 462 librorum
1109 404 1376 464 divinam
1433 406 1700 467 evincere
1741 407 2215 491 inspirationem,
2261 411 2418 471 aliud

293 496 405 555 fuit
433 498 543 556 iter
576 496 747 556 nobis
788 500 1111 558 necessario
1150 498 1501 560 ineundum.

376 591 513 652 113.
563 593 652 652 Ad
692 593 798 669 3¹¹²,
846 594 996 676 Ney.
1050 595 1319 669 Etenim,
1350 616 1505 654 cum
1555 597 1834 674 Ecclesia,
1896 612 1962 660 ut
2017 601 2413 676 ostendimus⁷

287 688 543 748 anterior
582 690 657 748 sit
693 700 753 749 et
794 690 1129 772 praescribat
1168 689 1333 773 libris
1367 690 1643 750 omnibus
1702 695 1854 753 Novi
1889 696 2044 755 Test.
2085 699 2186 778 qui
2225 698 2418 778 potuit

293 782 493 844 div-ina
516 789 637 863 ejus
663 788 975 845 auctoritas
999 797 1057 844 et
1080 786 1238 864 origo
1262 787 1467 867 primis
1487 779 1707 846 *Christi
1732 789 1997 850 fidelibus
2026 791 2417 852 demonstrari

288 880 637 940 testimoniis
669 880 879 941 exinde
900 880 1145 963 petitis?
1178 883 1321 961 Ergo
1350 881 1589 941 aliunde
1613 883 1679 948 iis
1703 883 1763 942 id
1786 884 2146 946 innotescere
2176 887 2413 963 debuit,

288 996 361 1034 ex
411 976 645 1037 motivis
697 975 916 1036 scilicet
969 975 1403 1051 credibilitatis5
1456 978 1670 1060 quibus
1718 980 1928 1039 veritas
1976 980 2100 1061 ipsa
2142 983 2416 1042 asseritur

288 1068 617 1131 christianae
646 1070 958 1151 Religionis
979 1117 995 1146 ,
1026 1093 1160 1131 cum
1197 1094 1311 1153 qua
1339 1072 1438 1130 illa
1468 1073 1881 1134 identificatur.
1926 1075 1994 1134 In
2021 1087 2149 1136 tuto
2181 1097 2321 1138 vero
2344 1099 2416 1137 ex

289 1164 403 1225 illis
439 1166 716 1227 credendi
754 1167 989 1229 motivis
1030 1167 1297 1227 Ecclesiae
1333 1168 1634 1229 catholicae
1677 1172 1925 1231 veritate
1961 1193 2026 1230 ac
2067 1171 2288 1233 divina·
2315 1194 2422 1231 au·—

291 1262 559 1322 ctoritate
578 1264 740 1345 prius
771 1262 1085 1337 collocata,
1132 1284 1203 1322 ex
1246 1264 1512 1342 ejusdem
1558 1267 1902 1326 auctoritate
1947 1266 2161 1327 deinde
2206 1267 2421 1350 depre-

287 1356 641 1434 hendimus7
684 1360 927 1441 quinam
974 1357 1110 1417 libri
1155 1359 1279 1419 sive
1325 1360 1454 1419 Vet.
1500 1361 1681 1437 Test„
1722 1384 1865 1443 quos
1907 1362 2031 1444 ipsa
2078 1384 2149 1422 ex
2192 1363 2422 1423 Christo

288 1452 525 1529 didicit,
554 1455 676 1514 sive
699 1455 850 1516 Novi
874 1456 1052 1528 Test.‚
1086 1476 1230 1536 quos
1257 1455 1381 1537 ipsa
1407 1455 1712 1537 probavit,
1740 1459 1825 1516 uti
1849 1459 2114 1518 canonici
2145 1480 2211 1517 ac
2236 1458 2425 1518 divini

286 1547 548 1608 habendi
585 1550 720 1608 sint.
762 1550 831 1608 In
872 1549 981 1608 hoc
1019 1561 1218 1609 autem
1263 1571 1535 1632 processu
1563 1597 1580 1627 ,
1626 1564 1693 1611 ut
1731 1553 1952 1635 liquet,
2002 1552 2166 1612 nulla
2212 1553 2419 1636 petitio

285 1644 597 1727 principii,
640 1656 741 1703 aut
780 1644 1026 1704 circulus
1062 1645 1302 1705 vitiosus
1340 1646 1535 1705 locum
1577 1646 2047 1730 haberepotest.

376 1739 518 1800 114.
564 1739 653 1799 Ad
681 1740 788 1815 4¹1¹,
829 1743 988 1801 Dist.
1028 1741 1087 1800 Si
1118 1742 1395 1801 canonica
1439 1763 1502 1801 ac
1537 1754 1849 1825 propterea
1889 1744 2092 1805 divina
2135 1743 2424 1804 librorum

289 1855 589 1896 sacrorum
630 1837 945 1896 auctoritas
981 1859 1053 1896 ex
1093 1859 1211 1896 uno
1247 1850 1348 1896 aut
1387 1837 1572 1899 altero
1599 1841 1768 1898 Patre
1806 1831 1907 1899 aut
1935 1841 2213 1921 scriptore
2250 1839 2424 1900 desu-

291 1930 509 1991 menda
549 1944 736 2007 esset,
777 1954 975 1999 comm
1010 1933 1059 1991 si
1096 1932 1170 1991 ab
1210 1933 1456 1993 Ecclesia
1481 1980 1497 2010 ,
1534 1957 1663 2015 neq.
1709 1935 1846 1995 Haec
1895 1957 2071 2014 porro
2114 1934 2422 1996 difficultas

292 2025 509 2086 thesim
545 2039 811 2087 nostram
854 2028 1096 2090 mirifice
1131 2030 1459 2088 confirmat.

378 2122 515 2182 115.
561 2122 693 2201 Obj.
728 2122 1014 2204 secunda,
1036 2125 1097 2182 1ο
1128 2125 1336 2185 Divina
1367 2123 1687 2185 Bibliorum
1727 2128 2036 2186 auctoritas
2057 2172 2073 2202 ,
2119 2127 2165 2185 si
2196 2149 2419 2207 germa-

290 2238 399 2276 nas
435 2218 743 2278 catholicas
788 2220 1057 2280 notiones
1093 2231 1317 2302 spectes
1340 2266 1356 2294 ,
1398 2243 1430 2280 a
1468 2220 1703 2282 Christo
1724 2268 1740 2297 .‚
1781 2223 1881 2304 qui
1916 2221 2194 2304 praecedit
2233 2221 2420 2282 Eccle-

289 2315 436 2372 siam
456 2359 472 2387 ‚
513 2315 700 2396 repeti
731 2314 907 2382 debet
925 2361 941 2390 ,
972 2316 1216 2376 minime
1251 2328 1448 2376 autem
1476 2317 1550 2376 ab
1578 2317 1857 2391 Ecclesia-7
1889 2340 1921 2376 a
1949 2340 2062 2399 qua
2093 2328 2255 2377 recta
2280 2329 2422 2377 tan-

287 2411 594 2469 tummodo
633 2412 977 2471 Bibliorum
1007 2401 1403 2492 intelliyentia
1439 2434 1541 2472 seu
1571 2415 1904 2492 depositum
1939 2415 2112 2494 fidei,
2156 2412 2316 2495 quod
2357 2414 2421 2472 in

285 2504 402 2564 illis
436 2507 770 2567 continetur
790 2551 806 2581 ,
838 2506 1095 2568 derivari
1131 2519 1346 2589 potest.
1381 2509 1450 2566 20
1489 2508 1871 2590 Exploratum
1895 2508 2183 2590 siquidem
2218 2518 2308 2567 est
2344 2529 2418 2567 ex

289 2599 556 2660 doctrina
586 2602 686 2661 SS.
718 2602 1023 2681 Augustini
1049 2612 1107 2661 et
1138 2602 1412 2678 Thomas,
1456 2604 1820 2685 aliorumque
1849 2603 2239 2685 plurimorum
2280 2624 2420 2663 sane

288 2707 466 2777 atque
501 2697 816 2776 insignium
854 2697 1261 2776 theologorum
1298 2698 1751 2773 catholicorum,
1794 2700 1911 2756 imo
1950 2709 2010 2757 et
2047 2699 2224 2757 totius
2247 2744 2262 2773 ,
2303 2721 2419 2781 qua

286 2790 406 2851 late
437 2802 602 2873 patet
622 2836 638 2866 .,
672 2793 864 2875 campi
897 2792 1160 2852 historici
1193 2792 1605 2852 christianismi
1639 2792 1702 2854 et
1735 2793 2114 2854 catholicismi
2142 2841 2158 2871 ,
2200 2794 2415 2871 Biblia‚

287 2898 496 2969 utpote
546 2886 796 2949 verbum
844 2888 949 2946 Dei
975 2933 991 2962 7
1045 2887 1497 2948 fundamentum
1555 2910 1715 2964 esse,
1764 2911 1879 2971 quo
1928 2889 2188 2952 Ecclesiae
2239 2892 2417 2974 ipsius

291 2984 601 3043 auctoritas
625 2982 1081 3044 demonstretur.
1099 2982 1166 3042 30
1179 2984 1327 3044 Sane
1344 2985 1406 3044 in
1428 2984 1669 3044 historia
1688 2986 1848 3066 prius
1870 2989 2119 3047 occurrit
2141 2989 2417 3049 Christus

291 3202 368 3234 cos
400 3189 538 3235 etiam
574 3186 721 3236 libros
752 3189 857 3237 illos
879 3226 895 3251 ‚
935 3192 1016 3256 qui
1048 3192 1099 3237 in
1134 3206 1312 3239 canone
1395 3192 1523 3240 chior
1540 3190 1693 3240 Canus
1710 3229 1722 3251 ‚
1747 3193 1825 3239 De
1845 3192 1981 3249 locis,
2004 3193 2090 3242 lib.
2117 3193 2333 3258 11‚'capp.
2354 3192 2414 3255 6,

289 3271 525 3334 primitivo
553 3288 649 3318 non
672 3272 1048 3322 continebantur.
1072 3271 1231 3338 Neque
1254 3272 1312 3321 ab
1399 3290 1426 3340 7
1443 3311 1457 3334 ‚
1486 3271 1539 3323 8.
1567 3273 1644 3322 Sic
1672 3276 1807 3322 etiam
1840 3273 2149 3323 Bellarminus
2167 3314 2179 3337 ‚
2213 3278 2296 3341 qui
2317 3313 2331 3336 ‚
2364 3286 2418 3324 ut

289 3351 379 3399 hac
421 3352 575 3417 regula
618 3340 910 3403 desciverunt
952 3357 1053 3403 sani
1095 3354 1313 3402 catholici
1396 3356 1508 3405 alias
1535 3354 1768 3414 vidimus,
1809 3359 1996 3417 statuit,
2030 3357 2284 3406 Ecclesiam
2311 3375 2414 3407 ma-

293 3433 523 3497 theologi,
552 3438 634 3500 qui
659 3436 764 3483 ideo
793 3436 1009 3486 adserunt
1026 3438 1312 3502 prioritatem
1396 3441 1466 3502 gis
1502 3448 1661 3486 notam
1695 3455 1792 3486 esse
1820 3439 1971 3504 quoad
2004 3457 2116 3498 nos,
2155 3458 2296 3507 quam
2327 3442 2419 3488 sint

291 3534 372 3565 seu
399 3518 774 3566 anterioritatem
805 3519 1019 3569 Ecclesiae
1061 3520 1306 3585 Scripturis
1390 3520 1638 3586 Scripturae
1661 3558 1674 3579 ,
1707 3538 1822 3587 quas
1856 3521 1915 3569 ab
1954 3523 2049 3586 ipsa
2082 3533 2125 3570 et
2150 3540 2229 3587 per
2266 3525 2415 3588 ipsam

291 3597 412 3647 Nov.
436 3598 561 3648 Test.
589 3603 698 3666 quia
721 3601 847 3650 illius
874 3613 1056 3651 tantum
1086 3612 1152 3652 est
1179 3603 1307 3668 judi·
1390 3620 1660 3668 cognoscere
1684 3620 1944 3668 possumus.
1962 3604 2037 3651 Sic
2054 3603 2190 3652 Card.
2212 3604 2381 3654 Hosius
2396 3642 2410 3666 ,

293 3696 397 3730 care
424 3680 481 3732 de
509 3685 740 3732 canonicis
774 3681 1057 3750 Scripturis3
1091 3686 1158 3734 uti
1191 3684 1308 3735 Mel·
1390 3684 1789 3750 Walemburgici‚
1825 3685 1997 3753 aliique
2024 3688 2213 3753 passim.
