2502 4134
207 135 286 193 24

791 152 983 192 TRAc'r.
1030 154 1097 188 DE
1145 152 1293 189 LOCIS
1337 150 1714 189 THEOLOGICIS.

216 298 425 381 spiritu
460 296 802 379 prophetico
834 295 1109 356 destituta
1130 341 1145 369 ,
1185 293 1468 355 catholica
1497 294 1689 355 effecit
1723 293 1968 355 Ecclesia
1990 341 2005 371 ,
2047 317 2079 354 a
2112 296 2343 356 Christo

211 406 389 477 atque
425 392 716 475 Apostolis
751 392 955 452 edocta
977 438 992 467 ,
1031 414 1095 451 ac
1122 389 1536 451 infallibilitate
1563 390 1808 473 praedita
1845 391 2116 475 (1)..

297 489 398 548 33.
452 487 537 548 Ad
575 489 685 563 2¹¹³,
721 490 883 549 Dist.
931 489 997 547 Id
1034 499 1157 562 est,
1205 486 1467 545 Christus
1502 487 1786 546 Dominus
1822 509 1946 546 non
1984 510 2345 549 commemo-

211 587 367 645 ravit
399 584 515 644 nisi
538 585 778 666 Leqem,
808 586 1136 665 Prophetas
1165 594 1219 641 et
1242 583 1548 655 Psalmos,
1584 584 1721 665 quia
1758 584 1839 643 ita
1874 584 2096 644 ferebat
2121 607 2258 644 usus
2287 595 2347 645 et

214 681 508 741 distinctio
526 727 542 756 ,
571 702 698 763 quae
736 692 878 740 tunc
903 679 1189 762 temporis
1221 677 1616 739 invalescebat
1634 677 1880 754 ,conca
1909 681 1983 741 ad
2016 693 2346 741 ceterorum

211 777 500 838 librorum
539 777 969 851 exclusionem,
1021 799 1152 856 neq.
1200 775 1524 856 Propositio
1563 775 1862 835 affirmans
1905 799 2027 837 non
2067 779 2350 861 importat

212 885 426 933 natura
465 895 567 932 sua
604 894 841 932 sensum
882 870 1277 943 exclusivum3
1317 870 1580 951 utigitur
1615 869 1838 952 aliquid
1867 874 2220 933 conficerent
2249 873 2350 933 ad-

193 969 489 1043 ·versarii,
527 968 814 1028 deberent
850 966 1161 1027 ostendere
1184 1012 1199 1040 ,
1239 967 1540 1025 Christum
1573 965 1785 1026 elicubi
1816 988 1915 1027 eos
1941 965 2122 1027 libros
2150 990 2351 1052 repro-

211 1064 379 1125 basse
401 1112 417 1141 ,
457 1064 616 1146 quod
644 1075 845 1123 tamen
874 1064 1016 1145 ipsis
1044 1062 1222 1143 plane
1251 1073 1338 1121 est
1365 1061 1748 1144 impossibile.

294 1161 394 1222 34.
440 1161 529 1221 Ad
554 1161 660 1236 3¹¹²,
691 1160 845 1240 Ney.
877 1158 973 1219 vel
995 1162 1147 1218 Dist.
1173 1160 1457 1239 Expresse
1483 1179 1586 1217 seu
1609 1156 1967 1240 appellando
1990 1159 2066 1217 ad
2090 1159 2350 1241 aliquem

218 1256 437 1318 librum
488 1255 881 1339 peculiarem,
928 1266 1152 1323 trans.,·
1195 1253 1648 1336 aequivalenter,
1693 1276 1824 1335 neq.
1872 1256 2087 1314 Mirum
2132 1256 2357 1314 nemini

218 1375 344 1415 esse
397 1351 611 1428 debet,
663 1349 895 1410 nullum
939 1352 1000 1408 in
1053 1350 1244 1432 specie
1288 1348 1510 1408 librum
1560 1349 1845 1432 appellari
1894 1371 1926 1408 a
1975 1350 2357 1432 scriptoribus

220 1450 373 1511 Novi
404 1451 584 1524 Test.,
628 1469 763 1507 cum
798 1446 1088 1506 contraria
1123 1458 1265 1504 tunc
1300 1446 1579 1527 temporis
1612 1445 1974 1506 consuetudo
1999 1445 2061 1504 id
2089 1467 2212 1504 non
2239 1447 2359 1506 fer-

221 1558 347 1621 ret,
389 1557 455 1605 ut
484 1545 809 1628 plurimum
841 1544 999 1603 enim
1029 1541 1427 1602 afferebantur
1461 1541 1635 1602 effata
1662 1564 1736 1602 ex
1762 1542 1926 1612 libris
1964 1542 2139 1600 sacris
2175 1563 2354 1621 gene-

222 1643 401 1702 ratim
444 1653 729 1723 tanquam
769 1662 840 1699 ex
876 1642 1241 1720 Scriptura,
1277 1650 1378 1699 aut
1422 1639 1641 1720 apertis
1679 1635 2061 1697 allusionibus
2097 1638 2361 1697 contenti

224 1750 395 1798 erant
437 1738 746 1819 scriptores
782 1738 964 1810 sacri,
1005 1735 1215 1818 quibus
1256 1734 1440 1797 veluti
1476 1735 1655 1815 digito
1693 1734 2070 1812 indicabant,
2110 1734 2186 1794 ad
2211 1756 2358 1816 quos

222 1834 406 1894 libros
434 1854 558 1895 sese
587 1833 875 1894 referrent
904 1832 1014 1913 (2).
1045 1834 1181 1892 Jam
1208 1853 1347 1894 vero
1371 1853 1493 1890 non
1524 1830 1705 1891 semel
1739 1832 1802 1889 in
1836 1830 2000 1890 libris
2026 1831 2176 1892 Novi
2199 1832 2355 1891 Test.

228 2094 300 2143 dis
327 2097 507 2144 nemini
533 2094 670 2144 facile
696 2094 928 2144 secundus
951 2103 1045 2155 est,
1078 2096 1253 2160 quique

229 2179 419 2227 fortasse
447 2179 538 2227 hoc
575 2179 634 2228 de
662 2184 936 2244 argumento
970 2178 1253 2243 peculiarem

231 2261 601 2311 dissertationem
634 2262 843 2310 editurus
873 2271 960 2309 est.
997 2259 1099 2309 Cfr.
1134 2277 1252 2326 prae-

234 2353 358 2393 terea
393 2343 616 2393 Janssens
644 2347 696 2392 in
727 2347 810 2393 cit.
843 2342 1258 2408 Hermenezttique

233 2431 423 2488 sacrae,
455 2425 481 2492 §
516 2443 543 2493 7
567 2465 580 2487 ,
607 2445 658 2492 p.
692 2428 776 2477 32.

302 2510 369 2574 (1)
404 2508 662 2574 Singularis
699 2509 1062 2558 protestantium
1093 2507 1260 2574 agendi

233 2595 348 2642 ratio
367 2603 462 2652 est,
494 2596 575 2658 qui
604 2594 719 2642 adeo
734 2593 966 2642 -deferunt
982 2591 1257 2659 Synagogae,

234 2685 288 2723 ut
330 2673 432 2739 ejus
475 2672 651 2739 judicio
696 2677 882 2739 penitus
926 2677 1257 2740 acquiescant,

237 2758 448 2823 quamvis
471 2754 811 2804 infallibilitate
845 2757 1059 2804 destituta
1089 2756 1257 2818 fuerit3

237 2849 399 2888 contra
436 2856 543 2887 vero
576 2840 819 2903 insurgant
858 2838 1077 2887 adversus
1103 2837 1260 2887 Eccle-

237 2925 380 2982 siam,
403 2924 479 2970 cui
500 2919 707 2970 Christus
739 2924 839 2986 ejus
862 2920 1073 2969 conditor
1094 2920 1261 2970 solem-

238 3023 321 3056 nes
352 3006 467 3054 adeo
494 3005 847 3070 pollicitationes
878 3004 1003 3053 fecit.

307 3088 374 3151 (2)
412 3087 532 3136 Satis
575 3098 643 3136 est
683 3090 860 3153 aperire
899 3104 1049 3135 sacros
1085 3087 1265 3135 codices

244 3169 365 3219 Novi
401 3169 547 3230 Test.,
582 3176 637 3218 ut
668 3180 884 3235 appareat
913 3171 1166 3235 saepissime
1193 3169 1265 3218 vel

242 3253 428 3320 allegari
456 3254 531 3302 vel
559 3254 702 3302 alludi
728 3255 786 3302 ad
814 3254 958 3302 libros
983 3253 1089 3305 Vet.
1114 3252 1260 3314 Test.,

238 3339 322 3385 etsi
354 3353 560 3401 expresse
593 3338 652 3385 de
682 3337 772 3384 illis
801 3337 931 3385 nulla
959 3337 1039 3385 fiat
1059 3336 1264 3400 specialis

239 3421 443 3479 menti03
465 3428 509 3468 et
534 3419 839 3467 nihilominus
868 3437 965 3467 non
983 3419 1133 3467 solum
1157 3436 1264 3468 sen-

238 3504 392 3551 tentiae
408 3539 421 3563 ,
455 3501 536 3551 sed
559 3518 678 3567 saepe
694 3502 835 3551 verba
854 3504 953 3567 ipsa
969 3502 1227 3551 afferuntur
1243 3519 1258 3565 ;

239 3585 383 3651 idque
422 3585 579 3651 ipsum
613 3586 789 3633 factum
826 3595 894 3634 est
937 3585 1090 3652 quoad
1123 3585 1266 3634 libros

238 3668 717 3717 deutero-canonicos.
789 3668 1003 3717 Ceterum
1060 3671 1266 3734 apposite

1342 2093 1398 2142 C.
1429 2093 1485 2143 E.
1522 2095 1577 2143 F.
1606 2094 1802 2144 Molinie
1820 2133 1833 2155 ‚
1866 2106 2028 2147 auctor
2055 2107 2101 2145 et
2132 2098 2229 2161 ipse
2258 2112 2364 2160 pro-

1342 2187 1516 2226 testans
1557 2196 1611 2227 ac
1638 2177 1951 2237 Genevemis,
1993 2181 2043 2228 in
2083 2197 2161 2245 op.
2198 2178 2369 2227 Notice

1344 2277 1432 2308 sur
1465 2259 1530 2308 les
1559 2260 1700 2309 livres
1725 2261 2020 2327 apocryphas
2052 2262 2107 2310 de
2135 2259 2371 2309 l’Ancien

1357 2342 1660 2405 Testament‚
1686 2343 1869 2392 Geneve
1894 2341 2021 2392 1828
2038 2381 2052 2401 ,
2077 2346 2125 2391 in
2143 2362 2242 2392 rem
2264 2361 2373 2393 nos-

1348 2437 1467 2474 tram
1489 2427 1655 2475 scribit
1679 2429 1729 2474 in
1753 2427 2201 2475 considerationibus
2229 2443 2371 2492 gene—

1351 2509 1529 2558 ralibus
1558 2526 1571 2560 :
1603 2509 1773 2570 alais,
1799 2509 1972 2574 quelles
2004 2526 2095 2573 que
2129 2509 2281 2555 soient
2307 2506 2371 2554 les

1347 2609 1514 2640 causes
1537 2591 1862 2639 accidentelles
1896 2593 1983 2655 qui
2007 2597 2188 2638 auront
2213 2594 2372 2657 empe-

1346 2674 1431 2720 che
1468 2673 1702 2736 d’ajouter
1743 2672 1801 2720 de
1841 2689 2098 2720 nouveaua:
2132 2674 2276 2722 liores
2304 2692 2372 2724 au

1347 2771 1506 2803 canon
1539 2753 1699 2818 redige
1732 2754 1799 2801 du
1830 2762 1979 2821 temps
2008 2755 2310 2806 d'Esdras...
2333 2756 2373 2805 il

1348 2853 1471 2885 nous
1484 2835 1653 2884 semble
1666 2853 1757 2901 que
1774 2835 1820 2884 la
1835 2853 2106 2902 synayoque
2124 2838 2182 2885 de
2197 2840 2233 2887 J
2235 2838 2349 2887 ades
2356 2874 2374 2900 ‚

1350 2919 1450 2969 telle
1474 2919 1639 2986 qu’elle
1661 2921 1777 2967 emit
1796 2919 2037 2980 devenias,
2075 2920 2242 2969 n’etait
2254 2921 2371 2986 plus

1349 3003 1476 3053 seule
1505 3008 1793 3070 competente
1818 3020 1905 3051 sur
1936 3020 1988 3052 ce
2015 3006 2140 3069 sajet
2154 3040 2170 3066 ‚
2208 3014 2253 3052 et
2277 3022 2368 3069 que

1349 3087 1551 3153 I'Eylise
1573 3087 1846 3135 chretienne
1862 3124 1874 3146 ,
1902 3087 1989 3151 qui
2009 3085 2083 3134 lui
2101 3087 2366 3148 succedait,

1351 3179 1432 3219 eut
1462 3172 1596 3218 aussi
1623 3177 1739 3218 cette
1767 3174 2062 3236 competence
2077 3206 2094 3231 ‚
2125 3186 2304 3218 comme
2322 3169 2369 3216 la

1351 3271 1624 3320 synaqoque
1662 3254 1729 3301 du
1769 3264 1921 3320 temps
1958 3253 2198 3304 d'Esdras
2238 3257 2372 3302 avait

1351 3341 1421 3384 ete
1438 3339 1563 3403 juqe
1597 3335 1679 3384 des
1710 3338 1852 3384 ecrils
1882 3338 2182 3398 anterieurs,
2222 3340 2371 3384 meme

1351 3420 1408 3467 de
1428 3419 1676 3484 plusieurs
1693 3418 1875 3470 siecles.
1898 3419 1974 3468 Or
1996 3436 2120 3467 nous
2138 3436 2286 3467 avons
2305 3438 2373 3468 vu

1349 3502 1460 3568 quel
1484 3519 1566 3550 cas
1592 3501 1657 3550 les
1687 3500 1915 3551 Docteurs
1949 3503 2005 3550 de
2045 3502 2240 3567 l'quise
2255 3504 2384 3569 pri<

1350 3586 1516 3633 mitive
1534 3594 1616 3633 ont
1634 3584 1736 3648 fait
1763 3584 1844 3633 des
1870 3583 2013 3633 livres
2036 3602 2126 3649 que
2151 3602 2275 3633 nous
2298 3602 2372 3633 ro·-

1347 3667 1569 3732 9ardons=
1605 3666 1911 3715 maintenant
1956 3683 2134 3715 comme
2174 3683 2370 3734 apocry-
