2502 4134
264 159 419 199 mar.
471 161 535 205 ιι,
580 159 730 197 secr.
780 161 843 197 11.
889 160 1012 198 csP.
1068 162 1105 198 ι.
1151 162 1219 198 nn
1260 161 1450 199 neces.
1503 163 1567 199 m·
1613 161 1791 199 axis'r.
1837 158 2005 200 TRAn.
2069 140 2186 200 241

169 302 307 362 354.
357 303 422 361 6⁰
467 303 717 361 Demum
771 301 1025 384 idipsum
1072 304 1371 382 agnovisse
1420 303 1702 363 doctiores
1754 306 2146 363 protestantes
2172 348 2189 378 ,

88 398 459 456 manifestum
487 408 606 469 este,
634 409 699 456 ut
724 398 883 457 enim
900 398 1250 479 antiquiores
1277 398 1613 458 omittamus
1634 443 1648 473 ,
1673 399 2045 458 Pearsonium
2070 397 2191 480 (l),

89 492 367 551 Grabium
391 493 512 570 (2),
547 491 803 573 aliosque
847 515 967 552 non
989 515 1200 574 paucos
1212 536 1234 564 ,
1266 493 1365 574 qui
1387 493 1746 552 intentatum
1773 493 1921 552 nihil
1946 493 2193 576 relique-

88 599 227 645 runt
252 631 269 660 ,
297 598 364 644 ut
391 609 522 645 suos
557 586 855 666 adigerent
883 588 958 646 ad
995 588 1333 647 traditiones
1358 585 1748 644 admittendas
1790 587 1909 668 (3),
1940 609 2045 647 nec
2069 610 2192 647 non

88 681 351 740 Grotium
368 726 383 756 ,
413 681 695 740 Thomam
727 681 949 755 Smith‚
973 680 1446 759 Jac.Basnagium
1468 725 1484 753 .,
1511 679 1762 760 aliosque
1790 681 2194 764 plures(quo-

86 798 218 835 rum
239 777 566 835 testimonia
588 777 710 835 fuse
731 777 908 836 refert
938 774 1586 854 Benedictus-Bachinus
1615 773 1704 854 (4)
1721 818 1738 847 a
1765 775 1863 855 qui
1893 775 2189 836 Christum

87 872 274 953 ipsum
322 882 380 930 et
414 871 712 952 Apostolos
742 870 1064 931 identidem
1099 868 1507 929 traditionibus
1551 868 1887 928 Judaeorum
1929 871 2190 933 allusisse

87 966 345 1025 fatentur
366 1010 381 1034 ,
401 966 556 1047 quod
575 964 838 1048 pluribus
855 964 1135 1046 exemplis
1150 963 1406 1023 ostendit
1422 961 1744 1031 Richardus
1761 963 2050 1025 Simonius
2067 967 2156 1046 (5)
2172 1013 2190 1042 .,

88 1060 223 1119 satis
255 1059 422 1119 nobis
459 1061 569 1118 erit
603 1081 787 1117 unum
835 1068 934 1116 aut
979 1058 1228 1118 alterum
1269 1078 1339 1117 ex
1378 1054 1797 1116 recentioribus
1831 1058 1891 1116 in
1933 1061 2194 1122 medium

87 1285 187 1325 tout
209 1283 346 1324 autre
370 1273 555 1341 peuple.
586 1273 716 1322 C’est
744 1272 786 1321 le
813 1274 951 1338 qenie
979 1276 1101 1321 tute-

85 1356 206 1406 Iaire
216 1393 234 1417 ,
267 1355 449 1421 l’esprit
476 1353 746 1418 requlateur
769 1356 858 1418 qui
869 1354 951 1418 fut
969 1353 1101 1419 leque

84 1438 314 1502 desperes
338 1452 438 1485 auat
465 1432 634 1500 enfans
651 1453 676 1496 ;
697 1436 807 1484 c'est
827 1437 899 1484 ici
915 1435 956 1484 Ie
970 1437 1102 1500 coufl-

79 1518 141 1582 fle
170 1519 394 1581 vivifiant
412 1516 468 1564 de
489 1524 591 1564 tout
616 1516 657 1565 le
686 1533 841 1582 corps.

153 1599 216 1663 (l)
252 1598 351 1647 Cfr.
402 1603 501 1666 ejus
555 1596 609 1645 V
607 1597 808 1646 indiciae
855 1595 1098 1664 epistolar.

87 1680 143 1731 S.
182 1676 409 1745 anatii,
450 1680 574 1745 apud
609 1679 917 1740 Cotelerium,
957 1679 1097 1728 Patr.

87 1760 299 1827 Apostol.
330 1767 447 1810 tom.
477 1762 509 1809 ιὶ
529 1799 541 1821 ,
572 1777 676 1826 pag.
714 1758 810 1809 238
839 1772 883 1809 et
915 1779 1045 1827 seqq.

157 1842 225 1907 (2)
263 1842 383 1891 Tum
433 1841 500 1889 In
542 1839 805 1908 Spicileqio
851 1841 949 1892 SS.
997 1844 1099 1891 Pa-

87 1933 214 1972 trum
233 1933 276 1971 et
287 1924 610 1972 hoeretieorum
641 1940 685 1984 ι,
712 1940 745 1972 ιι
773 1931 818 1972 et
838 1940 892 1971 111
919 1923 1097 1983 seculi,

89 2005 235 2055 Oxon.
266 2005 417 2070 1714,
448 2017 547 2054 tum
577 2008 627 2053 in
652 2006 764 2055 edit.
787 2006 837 2054 S.
865 2005 1044 2057 Irenaei.

160 2086 225 2151 (3)
263 2087 317 2135 ln
366 2088 622 2135 Adnototis
660 2087 725 2135 ad
759 2087 1095 2136 consultation.

98 2168 388 2225 Cassandri,
432 2167 558 2233 Opp.
602 2168 795 2232 theoloq.
845 2170 956 2218 edit.
1017 2172 1096 2218 cit.

95 2259 206 2298 tom.
229 2266 302 2310 ιιι,
326 2268 425 2314 pag.
441 2247 542 2298 628
561 2286 575 2309 ,
605 2261 648 2298 et
667 2252 776 2298 alibi
795 2251 1097 2315 passimibid.

163 2331 229 2396 (Ιι)
267 2332 321 2379 ln
360 2331 522 2397 Epist.
564 2332 853 2394 Polemicis,
892 2347 1007 2383 tom.
1045 2352 1100 2392 1„

94 2415 226 2478 epist.
250 2430 319 2471 11,
351 2411 380 2478 §
416 2427 488 2473 ιβ.

163 2492 226 2557 (5)
264 2493 484 2541 Histoire
515 2494 717 2557 critique
760 2493 827 2542 du
868 2501 987 2542 texte
1035 2494 1101 2542 du

93 2573 347 2622 Noaveau-
360 2574 546 2622 Testem
557 2613 565 2622 .
576 2575 839 2623 Rotterdam
863 2573 986 2642 1689
996 2611 1008 2624 .
1021 2575 1100 2624 His

93 2657 245 2722 plures
284 2657 359 2705 alii
398 2658 532 2722 adjici
578 2659 792 2721 possent}
839 2659 1099 2723 cujusmodi

94 2750 202 2787 sunt
228 2738 548 2798 Scrivenerus,
580 2737 719 2787 Jewel
736 2776 748 2798 ‚
786 2738 1065 2803 Thorndyke
1087 2776 1099 2798 ,

95 2819 290 2879 Collier‚
320 2819 446 2868 Sam.
471 2819 662 2879 Parker,
697 2821 939 2879 Bramhal,
971 2821 1098 2869 Dod-

94 2902 209 2961 wel‚
243 2901 509 2950 Waterland
528 2939 541 2962 ‚
572 2902 873 2968 Brevmidge,
905 2902 1098 2950 Harern-

96 2981 232 3048 berg,
254 2983 427 3042 Jarvis,
450 2995 537 3033 etc.
560 2984 683 3048 apud
699 2983 939 3047 Grigoire,
964 2983 1098 3034 Hist.

100 3062 177 3111 des
199 3073 367 3127 sectos,
403 3077 517 3114 tom.
550 3083 595 3114 iv
614 3103 627 3124 ‚
661 3084 765 3131 pag.
787 3064 885 3129 432
909 3077 951 3115 et
968 3084 1098 3132 seqq.

101 3141 282 3209 Kliipfel
325 3147 490 3212 allegat
529 3148 640 3196 alios
684 3157 890 3196 auctores
931 3160 1101 3212 protes-

103 3233 244 3274 tantes
256 3263 270 3285 ‚
293 3230 370 3293 qui
385 3228 623 3277 adstruunt
641 3229 907 3278 traditiones
924 3266 936 3289 ,
955 3233 1003 3276 in
1021 3247 1097 3294 op.

103 3303 322 3356 Institut.
364 3308 555 3374 theoloq.
602 3310 909 3373 oloqmaticae,
956 3309 1098 3358 Vien-

105 3401 177 3432 nae
203 3383 319 3452 1807
335 3424 349 3448 ‚
370 3399 477 3438 tom.
496 3409 539 3450 ι,
568 3408 670 3457 pag.
693 3390 776 3441 85.
808 3391 980 3441 Johnes
1000 3391 1098 3439 Hu-

22 3478 26 3486 ·
103 3483 240 3531 gueS,
279 3470 329 3515 in
368 3485 447 3518 sua
483 3472 595 3522 edit.
632 3473 853 3522 librorum
879 3471 930 3522 S.
959 3473 1095 3522 Joan.

104 3547 412 3612 Chrysostomi
436 3586 450 3608 ‚
489 3550 571 3600 De
605 3554 890 3616 sacerdotio,
930 3554 1099 3603 Canta-

100 3628 259 3692 brigiae
293 3645 347 3692 ¹7
363 3646 416 3678 ια
433 3668 447 3692 ,
471 3632 528 3681 ad
555 3636 839 3686 traditionem
863 3637 1097 3701 confugit,

180 3710 242 3769 T.
289 3711 383 3769 IX.

1182 1284 1232 1321 ut
1288 1273 1492 1322 adstruat
1556 1274 1772 1324 adversus
1829 1276 2197 1344 presbyterianos

1180 1357 1572 1419 praeeminentiam
1585 1355 1916 1422 Episcoporum
1930 1377 2066 1424 supra
2076 1361 2202 1412 Pres-

1180 1436 1362 1502 byteros
1373 1473 1386 1496 ,
1409 1437 1692 1504 illorumque
1706 1442 2025 1490 necessitatem
2039 1457 2053 1503 3
2073 1445 2200 1507 quod

1182 1521 1321 1566 etiam
1341 1521 1587 1583 praestitere
1614 1520 1690 1567 alii
1720 1530 1926 1569 auctores
1949 1522 2199 1586 anglicani.

1181 1599 1340 1647 Bullus
1374 1601 1588 1648 innititur
1619 1601 1877 1662 traditioni,
1917 1612 1969 1651 ut
1997 1604 2200 1654 adstruat

1181 1681 1702 1730 consubstantialitatem
1732 1683 1852 1741 filii,
1887 1686 1936 1732 in
1979 1701 2061 1733 sua
2094 1684 2199 1735 De-

1174 1761 1393 1825 fensione
1418 1762 1539 1823 fidei
1564 1761 1795 1825 Nicoma,
1827 1774 1873 1812 et
1901 1767 1950 1812 in
1980 1766 2198 1830 peculiari

1188 1843 1426 1891 Tractatu
1449 1843 1505 1890 de
1540 1844 1796 1892 divinitate
1818 1842 1872 1895 J.
1895 1845 1954 1894 C.
1978 1848 2196 1896 adversus

1181 1924 1299 1974 Dan.
1339 1924 1645 1985 Zuickerum,
1676 1943 1881 1991 eumque
1914 1929 2145 1993 inscripsit
2178 1946 2194 1977 τ

1186 2006 1453 2054 Primitiva
1481 2014 1526 2053 et
1560 2006 1814 2071 apostolica
1852 2008 2049 2056 traditio
2086 2009 2199 2074 doq-

1180 2089 1323 2134 matis
1353 2089 1410 2134 in
1438 2086 1652 2135 Ecclesia
1679 2087 1914 2136 catholica
1940 2095 2118 2155 recepti
2140 2090 2198 2138 de

1179 2167 1298 2216 «Iesu
1348 2168 1537 2216 Christi
1583 2165 1857 2217 Servatoris
1909 2170 2075 2218 Nostri
2123 2172 2199 2219 di-

1180 2250 1396 2297 vinitate.
1437 2250 1552 2298 Item
1595 2252 1645 2297 in
1684 2251 1773 2299 alio
1817 2269 1893 2315 op.
1932 2251 2195 2300 Judicium

1180 2329 1407 2380 Ecclesioe
1446 2331 1689 2380 catlzolicoe
1733 2333 1885 2379 trium
1918 2335 2194 2397 primorum

1181 2409 1410 2460 Ecclesiae
1463 2411 1727 2459 seculorum
1791 2411 1848 2460 de
1919 2402 2196 2463 necessitate

1179 2492 1427 2554 credendi,
1467 2492 1592 2556 qaod
1611 2491 1856 2540 Dominus
1880 2502 2037 2542 noster
2050 2494 2196 2544 Jesus

1185 2572 1404 2621 Christus
1431 2576 1496 2621 sit
1520 2589 1662 2621 verus
1685 2572 1823 2621 Deus
1831 2575 1851 2634 ,'
1875 2584 2041 2623 contra
2059 2573 2190 2626 Sim.

1181 2654 1232 2701 E
1226 2656 1502 2720 piscopium
1529 2653 1767 2718 aliosque,
1797 2654 1997 2704 Londini
2030 2657 2188 2722 1703,

1180 2739 1230 2784 in
1282 2755 1373 2802 qua
1424 2738 1624 2784 editione
1678 2752 1900 2785 accessere
1946 2737 2194 2787 Adnotatu

1178 2817 1223 2865 J.
1260 2818 1314 2866 E.
1351 2818 1514 2867 Grabe.
1545 2819 1659 2866 Item
1689 2817 1921 2866 Abraham
1947 2819 2190 2880 Calovius‚

1182 2899 1451 2948 lutheranus
1491 2900 1611 2964 prof.
1657 2899 1982 2965 Wittemberg.
2022 2903 2072 2949 in
2110 2919 2193 2967 op.

1179 2981 1370 3046 Scripta
1396 2981 1844 3042 Anti-Sociniana‚
1879 2982 1990 3031 trib.
2010 2983 2193 3036 volum.

1181 3064 1326 3112 Ulmae
1364 3061 1519 3128 1684,
1554 3063 1797 3112 traditione
1825 3066 2064 3131 impugnat
2088 3065 2190 3114 Ῐιω·

1180 3146 1322 3194 resim
1360 3145 1493 3193 illam
1524 3144 1964 3211 pestilentissimam
1982 3182 2001 3208 ,
2044 3165 2184 3213 quam

1181 3237 1333 3276 tamen
1364 3230 1604 3292 progenuit
1642 3227 2059 3278 Protestantismus.
2097 3230 2186 3278 Ca-

1181 3308 1413 3357 saubonus
1431 3344 1445 3369 ,
1476 3327 1530 3357 eo
1563 3309 1688 3374 quod
1709 3309 1997 3360 traditionem
2020 3328 2186 3377 magno

1181 3391 1233 3439 in
1264 3395 1407 3457 pretio
1438 3391 1651 3440 habuerit
1670 3427 1685 3451 ‚
1724 3392 1844 3442 male
1880 3393 2027 3442 audiit
2060 3394 2185 3459 apud

1181 3490 1303 3524 suos.
1321 3473 1417 3524 cfr.
1443 3474 1721 3539 Perpetuite
1743 3474 1798 3523 de
1815 3473 1861 3522 la
1875 3476 1974 3539 soi,
1999 3485 2112 3524 tom.
2141 3491 2185 3535 1,

1181 3572 1284 3621 pag.
1317 3552 1415 3622 49,
1451 3566 1494 3605 et
1520 3564 1634 3605 tom.
1663 3573 1695 3606 n
1716 3593 1730 3617 ,
1757 3573 1863 3622 pag.
1893 3556 1975 3605 23.

1876 3714 1950 3772 16
