2502 4134
304 94 426 153 454

903 113 1102 153 TRACT.
1148 116 1218 151 DE
1263 113 1415 152 LOCIS
1459 115 1838 155 THEoLoalcls.

304 256 573 325 dialleZO,
603 276 705 314 seu
732 276 869 314 vera
891 258 1179 333 petitione
1202 258 1517 334 principii
1534 255 1646 335 (1).
1672 253 1872 336 Major
1899 259 2110 319 nititur
2134 264 2458 320 veracitati

305 351 675 411 conscientiae
707 350 1099 425 immediatae3
1139 354 1345 410 minor
1363 361 1423 410 et
1449 355 1871 431 consequentia
1895 355 2225 415 fundantur
2266 357 2329 415 in
2351 378 2443 425 ec.
2500 357 2502 361 ’

301 446 459 528 quod
492 445 652 504 nulla
701 458 897 528 potest
939 458 1072 505 tuta
1106 448 1256 524 fides
1293 446 1432 507 huic
1466 447 1580 529 ipsi
1626 446 1966 507 testimonio
1989 448 2215 511 baberi.
2263 453 2447 531 Argu-

297 554 568 600 mentum
610 554 891 623 preeterea
924 564 993 602 eo
1023 543 1233 603 recidit
1261 565 1275 599 :
1311 564 1417 601 nos
1449 541 1665 602 debere
1707 543 1887 603 fidere
1920 547 2287 606 immediatae
2305 568 2448 606 con-

294 641 561 696 scientiae
584 641 803 697 directe
833 639 1183 720 percipienti
1205 683 1220 711 a
1254 660 1320 697 ac
1345 639 1785 720 persuasionem
1805 637 2053 698 habenti
2073 639 2146 699 de
2174 644 2445 702 realitate

296 735 579 811 objectiva
607 756 679 793 ex
715 734 825 792 hac
849 735 1084 816 proprie
1120 736 1348 794 ratione
1370 779 1385 807 .,
1425 735 1560 815 quia
1588 736 1798 813 reflexi-e
1829 756 1951 793 non
1983 756 2292 817 possumus
2323 737 2445 796 ullo

297 842 469 912 pacto
509 830 691 889 fidere
727 831 1095 889 immediata?
1143 833 1273 909 ipsi
1315 834 1710 890 conscientiae.
1743 830 2018 912 Quisquis
2050 853 2228 913 porro
2255 843 2447 892 totum

298 928 586 985 Hermesii
631 947 970 1007 processum
1009 927 1283 1003 rimetur,
1322 925 1547 987 videdit
1571 972 1587 1002 a
1631 935 1770 987 eum
1805 927 1868 985 in
1913 939 2201 1009 perpetuo
2235 927 2449 988 circulo

294 1024 554 1097 versari,
599 1022 742 1081 dum
776 1043 937 1083 nunc
979 1024 1388 1083 testimonium
1435 1023 1851 1084 immediatum
1897 1025 2266 1084 conscientiae
2298 1016 2457 1105 pro-¹

362 1260 431 1323 (1)
470 1259 531 1309 Ut
561 1277 631 1309 res
665 1261 948 1309 luculentius
972 1272 1126 1327 pateat
1152 1263 1326 1310 adscis-

230 1379 243 1394 .
293 1345 443 1391 cimus
478 1344 554 1391 hie
586 1346 905 1392 testimenium
933 1347 1077 1409 ipsius
1099 1344 1324 1402 Bahzeri,

295 1428 377 1492 qui
400 1426 458 1473 de
485 1427 571 1474 hac
593 1428 814 1491 petitione
844 1429 1061 1492 principii
1087 1427 1188 1475 fuse
1210 1429 1324 1492 agit.

293 1510 344 1555 in
374 1505 400 1573 §
426 1505 495 1569 64
523 1526 601 1571 op.
639 1511 721 1559 cit.
747 1509 830 1557 ubi
859 1509 1053 1558 scribit:
1077 1514 1129 1560 Si
1151 1516 1229 1559 vir
1251 1528 1329 1559 ve-

294 1589 386 1633 luti
422 1588 718 1643 Hermesius,
760 1591 843 1648 qui
877 1594 1035 1648 utpote
1078 1590 1329 1647 empiricus

289 1664 593 1723 psycholoyus
616 1666 814 1710 circulos
836 1666 1027 1710 vitiosos
1049 1666 1101 1709 in
1124 1665 1329 1722 philoso-

288 1740 443 1797 phicis
466 1740 722 1797 principiis
755 1744 1056 1797 systematum
1088 1738 1256 1784 Kantii
1287 1744 1331 1783 et

290 1815 438 1860 Fictei
461 1816 725 1870 deteoeerat,
757 1829 811 1859 ac
841 1817 913 1860 ita
941 1829 1077 1860 suam
1094 1816 1332 1872 psycholo-

290 1893 380 1949 qiae
404 1892 533 1935 viam
553 1892 739 1949 primus
761 1896 1021 1945 straverat,
1056 1891 1098 1934 si
1123 1891 1232 1936 talis
1254 1891 1331 1935 vir

289 1968 624 2020 nihilominus,
651 1968 703 2010 in
723 1968 962 2024 principio
984 1966 1333 2023 fundamentali

288 2043 367 2086 sui
413 2043 606 2100 proprii
656 2043 975 2100 systematis...
1023 2042 1334 2100 philosophice

286 2118 678 2170 constabiliendo,
714 2119 768 2162 in
797 2119 1071 2175 petitionem
1098 2119 1333 2176 principii

283 2194 592 2252 prolabitur;
630 2199 779 2251 potest
819 2195 927 2238 inde
964 2195 1122 2252 colliqi
1139 2229 1152 2248 ,
1193 2208 1334 2252 quam

287 2271 587 2328 proditorius
606 2274 717 2314 esset
738 2270 1035 2327 labyrinthus
1055 2271 1154 2326 ille,
1175 2271 1227 2314 in
1246 2284 1335 2328 quo

294 2346 635 2393 Germanorum
662 2361 786 2391 mens
810 2347 994 2392 debebat
1013 2351 1240 2405 punctum
1261 2361 1337 2391 sa-

292 2423 412 2468 liens
433 2424 737 2481 philosophice
762 2424 1001 2479 invenire,
1031 2427 1336 2482 posteaquam

291 2501 398 2559 ipsa
413 2501 701 2559 perdidisset
716 2502 847 2558 filum
868 2486 1168 2546 ariadnaeum
1190 2503 1337 2560 empi-

291 2578 405 2621 ricoe
431 2577 759 2634 psycholoqiae‚
793 2581 931 2634 atque
964 2578 1090 2621 inter
1123 2577 1335 2636 ambayes

294 2654 434 2712 loyici
465 2653 663 2698 arbitrii
702 2667 747 2698 se
783 2646 1004 2699 oberrare
1033 2655 1233 2699 sivisset.
1269 2654 1337 2699 Ita

294 2748 405 2778 vero
426 2733 628 2794 pressius
652 2731 705 2777 ad
733 2748 854 2784 rem,
885 2746 993 2794 pag.
1012 2729 1109 2779 252
1132 2736 1337 2783 :Eodem

289 2826 492 2870 prorsus
518 2817 675 2870 pacto,
709 2812 885 2870 inquit,
906 2813 1152 2870 persuasio
1175 2813 1261 2857 illa
1282 2814 1338 2858 de

292 2889 598 2946 persuasione
640 2886 757 2948 (das
791 2888 960 2933 Halten
1004 2887 1086 2933 des
1107 2887 1334 2950 Haltens)

294 2964 351 3008 ab
364 2964 599 3009 Hermesio
619 2965 881 3015 declarata,
904 2977 1000 3008 non
1019 2969 1082 3008 est
1100 2965 1196 3008 nisi
1209 2966 1339 3023 phte-

290 3041 560 3095 nomenica‚
591 3041 784 3084 minime
812 3054 920 3085 vero
944 3041 1109 3094 realis,
1134 3041 1186 3084 id
1215 3042 1338 3099 quod

294 3114 557 3160 Hermesius
574 3116 626 3160 ob
643 3117 821 3172 furtive
840 3117 893 3160 in
918 3130 967 3161 co
986 3117 1206 3174 illapsam
1225 3117 1338 3161 illu-

297 3190 474 3234 sionem
497 3204 590 3235 non
612 3193 751 3236 vidit.
771 3218 832 3224 —
849 3192 1103 3249 Postquam
1136 3205 1243 3249 erqo
1267 3193 1339 3236 ita

301 3266 572 3309 ostendisset
603 3267 868 3311 Hermesius
906 3268 1037 3311 illam
1071 3268 1341 3324 persuasio-

300 3352 405 3384 nem
425 3341 479 3384 de
495 3344 800 3397 persuasione
823 3343 967 3387 veluti
993 3340 1333 3402 (supposititie)

297 3417 473 3460 realem
487 3451 498 3470 ‚
519 3419 731 3473 procedit
747 3420 809 3462 ad
830 3420 1127 3476 quoestionem
1149 3420 1203 3463 de
1220 3420 1342 3464 irre-

299 3491 602 3536 vocabilitate
631 3494 807 3550 resleoea
825 3529 836 3546 ,
868 3499 1007 3552 atque
1035 3495 1109 3539 hic
1138 3496 1340 3552 infidelis

294 3568 450 3612 evadit
468 3568 709 3625 principio
732 3582 815 3614 suo
828 3571 1175 3629 psycholoqico,
1196 3574 1238 3615 et
1258 3584 1338 3615 ne-

298 3643 506 3704 cessitate
523 3643 756 3701 impulsus
774 3645 949 3689 iterum
971 3646 1025 3689 in
1049 3646 1245 3703 loqicam
1262 3647 1338 3690 de-

1413 1277 1712 1320 monstrandi
1734 1276 1996 1320 methodum
2019 1274 2313 1320 Kantianam
2331 1287 2456 1332 prae-

1412 1353 1596 1410 cipitat.
1634 1352 1756 1398 Erat
1794 1352 1962 1410 quippe
2003 1352 2097 1409 ipsi
2138 1350 2418 1408 impossibile
2433 1385 2446 1404 ,

1412 1429 1546 1472 illam
1563 1427 1909 1484 persuasionem
1928 1427 1982 1470 de
1993 1427 2297 1483 persuasione
2307 1426 2360 1469 in
2375 1425 2453 1469 in-

1413 1505 1580 1548 teriori
1602 1504 1877 1548 immediata
1896 1503 2178 1547 conscientia
2207 1502 2353 1547 veluti
2380 1502 2451 1546 ir-

1411 1578 1713 1623 revocabilem
1730 1578 1962 1631 invenire‚
1981 1578 2167 1636 quando
2186 1577 2325 1634 hujus
2341 1589 2452 1621 con-

1411 1653 1615 1697 scientioe
1636 1652 1868 1696 certitudo
1894 1649 1999 1712 (seu
2022 1649 2274 1711 veracitas)
2297 1651 2449 1696 adhuc

1415 1728 1506 1785 ipsi
1524 1726 1862 1784 problematica
1885 1731 2015 1778 erat;
2046 1727 2153 1771 hinc
2183 1727 2336 1771 volens
2365 1739 2450 1771 no-

1415 1803 1508 1847 lens
1541 1802 1699 1846 debuit
1727 1814 1933 1859 quoerere
1955 1802 2090 1846 illam
2127 1801 2451 1846 irrevocabili-

1416 1883 1558 1923 tatem
1589 1892 1670 1936 ope
1693 1877 1895 1934 aliquus
1927 1877 2220 1934 aryumenti‚
2249 1877 2301 1921 id
2329 1877 2456 1935 quod

1412 1955 1517 2012 sieri
1559 1967 1653 1998 non
1691 1957 1880 2012 poterat
1929 1953 2044 2010 quin
2089 1956 2351 1997 recurreret
2388 1951 2452 1996 ad

1410 2030 1702 2089 principium
1734 2029 1933 2074 causale.
1956 2026 2175 2073 Attamen
2194 2039 2448 2085 aryumen-

1418 2111 1516 2151 tum
1547 2107 1700 2164 ipsum
1731 2119 1812 2164 ope
1849 2105 1982 2150 illius
2009 2104 2241 2162 principii
2269 2106 2456 2161 poterat

1415 2184 1623 2230 vicissim
1658 2184 2067 2228 tantuminstitui
2091 2196 2177 2240 per
2209 2182 2454 2226 immedia-

1420 2267 1515 2306 tam
1552 2260 1791 2304 internam
1823 2259 2182 2312 conscientiam,
2213 2270 2313 2315 quoe
2333 2257 2453 2302 illud

1416 2338 1670 2384 comitatur
1678 2350 1693 2389 ,·
1712 2349 1765 2381 ac
1783 2336 2005 2394 proinde,
2029 2348 2131 2380 cum
2152 2335 2292 2379 istius
2316 2331 2452 2394 (con-

1418 2410 1651 2472 scientiae)
1672 2412 1905 2457 veracitas
1927 2412 2135 2456 nondum
2151 2410 2364 2455 stabilita
2384 2422 2453 2454 es-

1418 2494 1506 2546 set,
1538 2490 1686 2534 solum
1716 2489 1790 2533 uti
1819 2487 2171 2546 arqumentatio
2195 2487 2247 2531 in
2277 2486 2452 2531 circulo

1419 2576 1610 2611 versans
1642 2568 1830 2622 poterat
1866 2577 1912 2608 se
1949 2563 2192 2613 exhiberem
2239 2561 2291 2606 id
2329 2561 2453 2618 quod

1418 2641 1706 2687 Hermesium
1729 2640 1904 2699 effuqit.
1928 2638 2018 2683 Iste
2043 2651 2178 2683 error
2200 2650 2249 2682 eo
2270 2635 2452 2682 notabi-

1420 2718 1512 2764 lior
1529 2720 1615 2770 est,
1634 2716 1749 2774 quia
1766 2716 1819 2759 in
1833 2715 2087 2772 formanda
2102 2714 2187 2758 hac
2203 2722 2451 2770 aryumen-

1423 2794 1597 2839 tatione
1618 2791 1813 2836 habetur
1833 2793 1886 2836 in
1908 2790 2081 2848 MaJ'ori
2101 2788 2276 2846 fiducia
2294 2785 2451 2843 impli-

1419 2873 1516 2917 cita
1537 2871 1758 2915 interiori
1775 2870 2054 2931 immediatae
2070 2864 2356 2913 conscientiae
2370 2899 2382 2918 ,
2407 2867 2452 2908 et

1419 2949 1580 2992 statim
1599 2951 1759 3004 postea
1779 2947 1832 2990 in
1853 2944 2030 2991 minori
2052 2941 2293 2986 insistitur
2316 2939 2368 2982 in
2390 2939 2447 2983 il-

1422 3025 1512 3069 lius
1545 3023 1799 3067 veracitate
1832 3020 1976 3066 veluti
2012 3030 2106 3062 non
2135 3015 2357 3074 probata,
2389 3015 2452 3059 ad

1420 3100 1712 3156 inserendam
1751 3098 1859 3142 inde
1900 3093 2268 3151 consequentiam
2311 3091 2450 3148 syllo-

1419 3175 1574 3235 9ismi.
1599 3174 1725 3232 Eryo
1748 3174 1821 3218 hic
1854 3181 1999 3215 unum
2021 3169 2229 3225 idemque
2246 3168 2450 3211 medium

1419 3250 1698 3308 cognitionis
1742 3246 1988 3292 adhibetur
2032 3243 2230 3287 diversis
2273 3242 2450 3299 sibique

1418 3328 1557 3385 plane
1578 3321 1962 3371 contradictoriis
1980 3320 2153 3373 modis,
2180 3323 2223 3362 et
2245 3317 2450 3362 sumitur

1423 3408 1646 3460 tanquam
1663 3398 1868 3458 probans
1883 3410 1971 3454 pro
1987 3398 2075 3453 sine
2095 3394 2295 3452 positivo
2312 3396 2354 3438 et
2371 3405 2450 3436 ne-

1419 3482 1578 3540 yativo
1600 3481 1652 3526 in
1674 3491 1772 3523 una
1794 3478 2037 3534 eademque
2056 3487 2122 3518 re.
2149 3474 2309 3523 Postea
2349 3489 2445 3520 rem
2499 3505 2502 3507 Α

1420 3554 1612 3604 uberius
1643 3555 1799 3603 adhuc.
1830 3554 2047 3604 declarat.
