2502 4134
2065 128 2178 190 381

299 159 460 196 PART.
508 156 598 195 111..
642 155 791 193 SBGT.
842 154 880 191 1.
921 154 1046 196 car.
1093 154 1134 193 1.
1179 153 1248 192 DE
1291 153 1416 191 nn.
1466 149 1596 191 ART.
1646 151 1753 190 rm.
1800 150 1978 190 SPEc'r.

86 300 387 374 veritatem
435 319 538 356 suo
585 296 664 380 in³
696 295 873 375 gradu
917 316 982 354 30
1025 295 1246 356 lumine
1296 293 1575 368 collocat3
1623 293 1704 353 ita
1756 291 2186 376 philosophiam

81 379 245 455 suam
285 378 785 474 independentem
819 414 851 450 a
893 390 1247 453 revelatione
1287 391 1606 464 construit,
1650 411 1986 471 quanquam
2014 389 2185 471 igno-

81 510 208 548 rare
242 509 362 546 non
397 487 608 569 possit,
649 486 802 545 hanc
832 486 1020 567 ipsam
1049 484 1466 546 revelationem
1498 506 1706 564 magno
1737 484 1824 569 illi
1849 485 2186 562 adjumento

81 584 254 642 fuisse
286 583 359 642 ad
395 592 618 641 rectum
653 581 891 640 rationis
925 581 1038 640 iter
1061 600 1291 659 semper
1311 600 1375 637 ac
1398 589 1525 636 tuto
1553 578 1875 638 tenendum
1907 579 2187 658 (1).Haec

81 677 461 761 philosophiae
516 697 581 735 ac
639 675 1021 735 revelationis?
1067 672 1370 733 concordia
1421 684 1508 731 est
1539 718 1555 747 .,
1618 672 1855 752 integris
1913 677 2188 756 cujusque

73 772 302 851 juribus
323 817 339 847 ,
377 783 551 852 atque
588 770 723 829 huic
758 780 846 828 tot
884 767 1145 851 praeclari
1176 766 1506 850 philosophi
1539 788 1673 826 cum
1701 789 1913 848 magno
1948 769 2189 829 rationis

84 890 148 927 30
187 867 475 947 religionis
509 867 699 925 fructu
725 865 929 946 quovis
967 875 1233 945 tempore
1263 856 1621 939 institerunt.

167 964 263 1021 621
314 963 401 1021 Ad
426 962 533 1036 θῶ,
565 963 726 1021 Dist.
760 961 817 1019 Si
844 961 1071 1019 animus
1095 958 1393 1018 rationalis
1411 1003 1427 1033 ‚
1459 960 1560 1040 qui
1587 958 1796 1031 sentit,
1822 982 1883 1019 se
1911 962 2188 1040 existere,

86 1079 147 1116 se
174 1057 421 1137 cogitare
443 1101 458 1130 ,
485 1077 543 1115 se
574 1055 724 1115 velle
743 1099 760 1130 3
789 1066 1060 1136 totusque
1083 1053 1176 1113 hic
1201 1053 1452 1112 mundus
1482 1053 1888 1134 adspectabilis
1915 1058 2188 1119 entitates

86 1173 239 1232 pure
262 1154 461 1232 loyicae
495 1161 721 1222 essent,
749 1170 946 1215 conc.;
980 1150 1028 1207 si
1060 1150 1180 1207 sint
1215 1150 1428 1219 reales,
1457 1168 1586 1227 περ.
1622 1150 1704 1207 Ex
1728 1149 2056 1226 effectibus7
2088 1152 2192 1234 qui

87 1247 204 1305 sint
226 1246 378 1305 entia
404 1246 594 1304 realia
611 1289 630 1313 ,
653 1243 907 1322 legitime
929 1264 995 1302 ac
1020 1244 1340 1307 necessario
1364 1240 1840 1323 argumentamur
1864 1244 1935 1305 ad
1964 1266 2195 1307 causam

88 1363 208 1400 non
238 1341 507 1419 logicam,
535 1337 639 1398 sed
664 1340 882 1397 realem
898 1358 920 1406 ‚·
947 1337 1234 1419 siquidem
1264 1360 1447 1397 nexus
1482 1338 1753 1398 effectum
1775 1338 1929 1399 inter
1960 1353 2022 1401 et
2058 1362 2196 1402 cau·-

86 1457 210 1493 sam
245 1436 425 1492 realis
456 1444 576 1505 est3
617 1432 890 1490 innititur
925 1454 1182 1514 namque
1222 1433 1508 1515 principio
1543 1434 1863 1493 necessario
1902 1457 1941 1493 a
1957 1440 2194 1515 priori,

84 1517 368 1608 analytico
405 1526 679 1609 quidem,
727 1529 811 1584 uti
856 1525 1301 1602 adnotavimu3.,
1351 1540 1412 1587 at
1455 1529 1518 1587 in
1562 1528 1704 1588 reali
1747 1540 1952 1590 natura
1999 1552 2199 1591 rerum

86 1623 347 1682 fundato.
369 1623 654 1695 Quoniam
687 1643 823 1684 vero
851 1643 1026 1681 omne
1056 1645 1163 1683 ens
1189 1624 1532 1704 contingens
1561 1624 1848 1684 rationem
1875 1626 2199 1686 existentiae

88 1739 205 1778 suae
235 1719 297 1776 in
331 1740 391 1777 sc
424 1716 639 1776 habere
673 1739 791 1775 non
831 1727 1023 1798 potest
1046 1763 1060 1791 ,
1093 1719 1430 1778 necessitate
1464 1718 1855 1800 metaphysica
1892 1719 2196 1780 inferimus

86 1814 453 1872 existentiam
487 1832 671 1872 causae
714 1813 1049 1872 necessariae
1087 1815 1476 1886 realissimae,
1517 1835 1731 1896 nempe
1770 1814 1895 1873 Dei.

173 1909 273 1968 63.
320 1909 410 1967 Ad
453 1910 559 1981 9¹1¹,
598 1909 754 1967 Dz‘st.
793 1907 1104 1985 Suincitur
1135 1910 1642 1983 Deuscreaturae‚
1681 1907 1742 1967 id
1779 1920 1904 1984 est,
1944 1909 2197 1990 cognitio

93 2016 250 2063 certa
281 2004 383 2063 Dei
411 2003 690 2084 supponit
719 2004 896 2083 logice
929 2003 994 2061 in
1026 2014 1287 2061 creatura
1321 2002 1555 2084 aliquod
1605 2004 1954 2086 principium
1991 2025 2206 2085 cogno-

90 2099 323 2174 scendi,
362 2119 554 2167 conc.,·
584 2099 650 2156 fit
675 2100 827 2157 Deus
848 2100 1160 2179 ontoloqice
1189 2100 1452 2180 pendens
1483 2119 1517 2157 a
1541 2110 1801 2158 creatura
1822 2144 1838 2174 ,
1872 2122 1999 2181 neq.
2016 2099 2205 2160 Nimis

91 2194 254 2254 futile
278 2194 570 2274 sophisma
601 2194 710 2252 hoc
735 2205 851 2266 est3
884 2193 1359 2276 quandoquidem
1381 2238 1397 2268 .,
1433 2193 1574 2252 dum
1606 2196 1792 2252 Deum
1828 2192 2203 2254 demonstra-

92 2310 223 2346 mus
249 2290 494 2348 existere
515 2333 531 2362 ‚
569 2288 681 2347 hoc
711 2289 838 2370 ipso
872 2287 1341 2347 demonstramus
1361 2333 1377 2361 ‚
1421 2287 1615 2346 omnia
1647 2286 1759 2346 alia
1797 2289 1952 2347 entia
1994 2288 2067 2347 ab
2100 2287 2204 2346 illo

94 2385 411 2444 necessario
452 2382 742 2465 pendere3
786 2383 931 2464 quin
979 2383 1100 2441 imo
1143 2403 1215 2442 ex
1247 2381 1357 2442 hac
1394 2382 1517 2464 ipsa
1559 2381 1936 2457 necessitate,
1984 2403 2099 2464 qua
2137 2382 2206 2440 fit

164 2579 231 2643 (l)
269 2579 359 2628 Ubi
403 2580 604 2627 maxime
650 2576 967 2625 adnotandum
1004 2586 1070 2626 est
1093 2612 1107 2639 ‚

94 2661 228 2726 longe
250 2659 482 2708 difficilius
500 2677 594 2708 esse
607 2661 843 2707 veritatem
863 2659 1109 2720 invenire,

94 2760 236 2809 quam
269 2743 424 2808 aliquo
466 2743 603 2790 modo
645 2743 873 2805 cognitam
913 2741 1110 2787 demon-

93 2832 259 2872 strare.
291 2823 361 2872 Ita
390 2829 631 2889 geometrae
651 2860 664 2882 ‚
702 2841 810 2872 cum
835 2822 1012 2888 aliquas
1039 2828 1114 2871 ve-

96 2907 247 2954 ritates
261 2907 475 2970 practice
494 2922 548 2953 30
563 2906 792 2970 empirice
811 2901 906 2970 jam
929 2907 1080 2952 sciant
1098 2941 1112 2964 ,

96 2987 316 3036 industria
340 3004 393 3035 ac
419 2989 764 3051 investigatione
797 2987 992 3033 modum
1011 2996 1114 3033 tan-

99 3066 201 3115 dem
231 3070 473 3118 inveniunt
501 3087 576 3117 eas
607 3068 872 3134 scientifice
914 3068 1111 3116 demon-

99 3150 304 3212 strandi3
332 3151 460 3216 quod
487 3150 604 3200 forte
631 3152 879 3200 assecuturi
898 3150 1025 3199 haud
1042 3168 1116 3200 es-

101 3236 202 3277 sent
215 3265 227 3287 ‚
247 3232 333 3278 nisi
344 3233 563 3296 practica
588 3233 666 3282 illa
684 3235 891 3282 veritatis
912 3234 1114 3297 cognitio

103 3310 403 3362 antecederet.
433 3314 567 3364 Haud
589 3316 720 3364 aliter
752 3314 1116 3380 contingitchri-

102 3393 248 3439 stiauo
269 3392 534 3460 philosopho
547 3434 561 3458 ‚
580 3399 660 3464 qui
678 3415 845 3463 nempe
871 3399 1116 3446 veritatum

103 3474 382 3522 naturalium
424 3478 473 3524 in
512 3478 649 3528 rebus
693 3481 1014 3546 metaphysicis
1063 3496 1118 3529 ac

105 3553 354 3604 moralibus
400 3557 710 3611 firmissimam
760 3563 1115 3611 demonstratio-

104 3651 209 3683 nem
242 3637 444 3697 invenit‚
483 3656 622 3705 quam
656 3653 809 3692 tamen
842 3646 920 3692 vix
947 3653 1027 3693 aut
1058 3659 1117 3691 ne

1192 2578 1265 2625 vix
1291 2573 1480 2642 quidem
1514 2577 1564 2623 in
1599 2574 1813 2640 pluribus
1846 2581 1969 2625 certo
1998 2594 2212 2644 asseque-

1192 2669 1315 2706 retur
1335 2695 1349 2718 ‚
1385 2656 1434 2705 ni
1445 2660 1479 2705 si
1512 2675 1538 2705 a
1565 2658 1812 2706 christiana
1842 2657 2124 2707 revelatione
2150 2658 2209 2708 de

1192 2739 1282 2788 illis
1321 2743 1447 2805 prius
1488 2739 1646 2787 fuisset
1682 2738 1882 2787 edoctus.
1923 2738 2111 2804 Egregie
2150 2739 2210 2789 de

1193 2820 1283 2869 hoc
1310 2822 1489 2869 disserit
1518 2823 1614 2885 ipse
1629 2819 1853 2880 Lochias,
1874 2823 1925 2869 in
1942 2838 2019 2885 op.
2042 2819 2210 2869 Chris-

1194 2904 1419 2951 tianismo
1447 2902 1761 2965 rationabili,
1801 2919 1910 2968 cap.
1955 2900 2045 2966 14,
2085 2901 2211 2952 unde

1196 2986 1462 3043 concludit,
1500 2987 1721 3033 maximas
1759 2982 2023 3033 revelationi
2059 2993 2208 3049 grates

1196 3066 1451 3116 habendas.
1486 3066 1608 3115 Hinc
1645 3076 1764 3115 certe
1799 3069 1999 3131 ingratos
2025 3082 2075 3116 se
2103 3083 2211 3133 pro-

1197 3150 1315 3199 dunt
1345 3160 1510 3197 nostrae
1535 3150 1675 3198 aetatis
1706 3148 1964 3216 philosophi
1995 3147 2063 3198 illi
2082 3185 2096 3210 ‚
2126 3150 2208 3216 qui

1196 3231 1286 3281 hoc
1325 3232 1610 3280 revelationis
1644 3230 1902 3280 subsidium
1931 3249 2026 3280 non
2071 3247 2212 3297 agno-

1198 3324 1365 3375 scunt,
1393 3324 1438 3363 et
1464 3315 1608 3362 multo
1643 3316 1792 3381 magis
1819 3314 2039 3379 culpandi
2070 3323 2179 3362 sunt
2196 3348 2210 3371 ,

1199 3399 1268 3456 si,
1306 3414 1413 3446 cum
1452 3406 1519 3445 tot
1557 3413 1646 3461 prae
1693 3396 1884 3445 ethnicis
1927 3396 2213 3462 philosophis

1199 3477 1400 3527 habeant
1443 3478 1678 3543 praesidia,
1726 3479 1776 3525 in
1813 3480 2021 3527 veritatis
2055 3474 2215 3543 perni-

1198 3561 1317 3609 ciem
1343 3562 1521 3610 ratione
1552 3577 1635 3609 sua
1662 3558 1939 3609 abutuntur.
