2502 4134
281 126 395 186 106

884 150 1078 189 TRACT.
1132 154 1199 189 DE
1243 151 1396 190 Locis
1440 154 1823 194 THEOLOGICIS.

361 292 496 352 160.
546 292 769 377 Agendi
799 315 939 354 vero
966 296 1115 355 ratio
1142 295 1610 357 adversariorum
1638 310 1905 381 apertam
1929 301 2237 361 veritatem
2268 324 2412 362 con-

272 387 501 468 signat3
546 390 765 448 etenim
791 435 806 465 7
852 391 900 449 si
942 391 1258 473 Scripturae
1286 413 1459 452 sacrae
1496 415 1625 453 eam
1655 416 1783 477 praew
1815 418 1876 456 se
1918 397 2142 458 ferrent
2176 401 2408 481 perspi-

271 485 580 561 cuitatem,
611 507 789 568 quam
817 499 1128 570 tantopere
1158 510 1280 547 non
1327 490 1409 547 ita
1447 490 1676 572 pridem
1723 492 2047 575 crepabant
2071 496 2412 553 protestan-

270 590 357 639 tes
377 626 392 654 7
429 582 488 638 in
534 582 602 640 iis
639 585 963 664 praesertim
992 605 1120 666 quae
1148 583 1226 642 ad
1258 579 1437 643 fidem
1468 608 1534 645 ac
1573 610 1764 648 mores
1787 591 2090 671 pertinent
2112 636 2127 664 7
2169 591 2269 671 qui
2293 591 2418 650 fieri

270 676 513 737 tandem
559 682 881 761 potuisset7
927 693 994 740 ut
1042 681 1189 740 adeo
1236 681 1392 740 inter
1435 703 1496 742 se
1544 685 1606 741 in
1643 678 1883 744 *illarum
1930 687 2419 769 interpretatione

268 772 707 857 discreparint?
767 779 926 836 Notae
971 787 1110 835 sunt
1152 777 1428 852 Lutheri‚
1480 778 1785 859 Zwinglii7
1829 781 2056 841 Calvini
2098 803 2419 863 eorumque

267 870 587 952 gregalium
637 873 1158 954 interpretationes
1208 873 1526 934 verborum
1571 874 1790 934 Christi
1835 898 1847 934 :
1893 878 2025 937 Hoc
2061 890 2145 937 est
2183 881 2420 959 Corpus

266 988 466 1027 meum
484 993 503 1035 ,·
536 969 615 1028 ita
653 981 717 1027 ut
748 970 840 1029 his
869 981 1105 1029 centum
1144 982 1563 1031 recenseantur
1587 971 1695 1054 (l).
1749 973 1990 1053 Viyinti
2017 974 2225 1034 eodem
2262 987 2419 1034 tem-

266 1083 410 1144 pore
449 1065 756 1146 opiniones
811 1066 883 1125 de
921 1070 1336 1146 satisfactione
1380 1069 1628 1148 viguisse
1678 1069 1836 1150 apud
1874 1070 2265 1129 Confessionis
2305 1074 2419 1129 Au-

266 1169 525 1239 gustanae
564 1161 832 1234 asseclaS,
870 1184 1002 1245 quae
1051 1185 1256 1222 omnes
1295 1164 1608 1246 Scripturis
1657 1165 2069 1224 innitebantur
2100 1213 2114 1241 7
2158 1165 2416 1225 affirmat

268 1257 590 1346 Osiander3
640 1260 931 1318 sexdecim
970 1271 1250 1342 praeterea
1284 1272 1551 1319 recenset
1591 1262 1914 1321 sententias
1966 1263 2227 1321 diversas
2270 1262 2420 1322 circa

262 1366 574 1432 peccatum
599 1358 894 1436 oriyz'nale
910 1377 931 1425 ,·
960 1366 1050 1414 tot
1066 1377 1207 1416 vero
1225 1358 1429 1416 asserit
1459 1356 1532 1416 de
1555 1358 1947 1428 Sacramentis
1961 1360 2243 1433 extitisse,
2273 1369 2419 1441 quot

267 1461 438 1511 sectae
465 1452 624 1511 inter
653 1473 713 1511 se
739 1451 1103 1511 dissidebant
1137 1452 1247 1532 (2).
1285 1454 1551 1535 Denique
1571 1500 1586 1529 7
1622 1452 1697 1514 ne
1720 1455 2064 1537 prolixiores
2088 1455 2299 1531 simuS,
2330 1466 2421 1513 tot

262 1556 408 1606 sunt
451 1546 822 1607 obscuritatis
867 1548 1303 1630 Scripturarum
1347 1560 1562 1624 testes7
1604 1562 1748 1633 quot
1791 1551 2121 1611 extiterunt
2144 1559 2204 1609 et
2229 1549 2422 1609 adhuc

263 1643 529 1703 existunt
553 1656 722 1704 sectae
749 1655 1159 1727 sectarumque
1189 1645 1613 1727 portiunculae7
1658 1669 1691 1707 a
1727 1646 2123 1706 Cei-inthianis
2159 1658 2219 1706 et
2253 1648 2417 1705 Gno-

266 1740 422 1800 sticis
459 1740 627 1799 initio
664 1740 839 1799 ducto
875 1762 1063 1823 usque
1106 1741 1183 1801 ad
1210 1740 1630 1818 Methodistas7
1658 1757 1791 1825 quae
1821 1744 2123 1802 numerari
2161 1745 2256 1801 vix
2287 1764 2419 1824 pos·

266 1847 405 1896 sunt
442 1836 554 1919 (3).
595 1838 817 1898 Omnes
858 1836 1152 1920 siquidem
1186 1848 1358 1898 sectae
1378 1882 1394 1912 ,
1425 1841 1749 1922 praesertim
1780 1861 1908 1922 quae
1936 1850 2069 1922 post
2092 1837 2418 1898 Lutherum

271 2101 356 2150 On
379 2118 413 2167 y
426 2111 592 2151 trouve
609 2101 691 2150 des
715 2101 942 2168 mysteres
960 2103 1074 2167 qui,
1095 2101 1297 2167 quelque

262 2183 377 2232 bien
411 2182 555 2249 qu’ils
589 2185 744 2231 soient
772 2186 1041 2250 exprimeS,
1087 2201 1146 2232 ne
1188 2193 1297 2232 sont

258 2277 357 2335 pas
374 2267 548 2334 faciles
569 2268 600 2317 ὰ
627 2269 799 2330 saniir,
824 2277 868 2316 et
892 2271 978 2333 qui
1005 2277 1163 2317 serant
1192 2277 1297 2316 tou-

249 2355 400 2421 joun
419 2354 614 2402 obscura
637 2362 682 2401 et
699 2352 1058 2418 inintelliqibles
1067 2369 1197 2419 pour
1211 2370 1296 2401 no-

267 2448 337 2485 tre
350 2438 634 2503 conception
648 2424 835 2484 hormie.
852 2433 901 2485 E
904 2453 931 2482 η
935 2435 1010 2498 fin
1025 2435 1090 2483 les
1102 2451 1296 2501 moyem

264 2520 541 2569 ordinaires
564 2519 896 2585 d'interpreter
919 2517 985 2567 les
1010 2517 1059 2567 E
1060 2520 1288 2573 critureS,

263 2604 348 2652 tels
389 2621 480 2668 que
521 2601 759 2651 l'eoeamen
786 2592 879 2651 ⁸des
918 2604 1213 2667 oriqinauoe‚
1253 2601 1295 2649 Ie

262 2687 663 2754 rapprochement
689 2687 748 2735 de
779 2687 940 2735 divers
960 2702 1216 2751 passaqes,
1246 2683 1293 2733 la

255 2772 423 2838 parite
443 2771 501 2819 de
526 2773 692 2819 raison
707 2807 722 2831 ‚
750 2768 1005 2834 l'analoqie
1030 2768 1087 2815 de
1110 2767 1158 2816 Ia
1184 2768 1260 2831 soi
1275 2803 1289 2826 ,

264 2863 373 2903 sont
400 2864 505 2902 tous
530 2854 739 2902 douteux
762 2892 775 2913 ‚
813 2854 1082 2901 incertains
1108 2861 1152 2899 et
1169 2853 1291 2898 tres-

264 2936 459 3005 faibles.
505 2935 573 2985 De
612 2945 712 2985 tout
751 2935 851 2984 cela
884 2934 925 2983 il
960 2935 1059 2982 suit
1097 2951 1187 2998 que
1229 2932 1294 2982 les

259 3022 378 3090 plu-s
402 3040 539 3088 sayes
552 3058 566 3083 ,
590 3033 634 3070 et
651 3039 753 3089 par
770 3025 1054 3087 consequent
1069 3036 1191 3068 ceux
1209 3021 1295 3085 qui

260 3107 543 3172 paruissent
565 3104 731 3153 devoir
752 3105 792 3152 le
801 3104 919 3173 plus
931 3102 1296 3170 probablement

267 3189 523 3237 decouvrir
543 3188 584 3236 le
610 3193 722 3238 vrai
741 3206 874 3245 sens,
895 3189 1116 3236 meritent
1139 3191 1294 3235 nean-

268 3272 430 3319 moins
454 3288 555 3336 peu
589 3270 647 3318 de
681 3270 950 3336 confiance.
993 3269 1084 3318 Ces
1126 3285 1294 3317 causes

268 3353 506 3402 d'erreurs
537 3361 642 3400 sont
678 3369 856 3401 comme
891 3360 1065 3400 autam
1096 3351 1154 3399 de
1189 3351 1292 3399 rai-

269 3453 381 3485 sons
419 3435 477 3483 dc
513 3434 679 3483 douter
710 3436 857 3500 qu'au
892 3434 1066 3483 milieu
1099 3434 1157 3482 de
1191 3442 1297 3482 tant

270 3519 329 3567 de
361 3518 587 3583 mysteres
609 3526 653 3565 et
689 3515 746 3565 de
779 3516 1031 3583 difficultes
1065 3516 1125 3565 ils
1161 3518 1297 3565 aient

274 3605 523 3652 rencontre
539 3602 691 3668 juste.

343 3686 410 3750 (l)
454 3684 549 3734 Csr.
600 3683 821 3733 Bellarm.
872 3681 955 3745 De
1009 3682 1294 3732 Eucharist.

1387 2102 1472 2151 lib.
1504 2119 1550 2163 1,
1586 2119 1686 2166 cap.
1714 2099 1772 2161 8,
1797 2119 1847 2150 n.
1871 2117 1920 2150 2.
1943 2099 2060 2147 Duae
2093 2099 2163 2148 hae
2193 2099 2379 2147 vocellae
2402 2115 2418 2147 τ

1387 2183 1499 2233 Hoc
1532 2192 1630 2242 est,
1668 2195 1756 2233 tres
1790 2185 2012 2232 factiones
2047 2201 2129 2231 seu
2163 2193 2308 2230 sectas
2339 2198 2422 2250 ge-

1387 2279 1591 2317 nuerunt
1614 2307 1626 2328 7
1674 2268 1974 2316 lutheranam
1999 2304 2012 2325 7
2062 2265 2377 2314 calvinianam
2402 2302 2416 2323 ,

1387 2353 1729 2418 zwinglianam.
1751 2351 1926 2399 Harum
1946 2349 2165 2417 quaelibet
2182 2349 2419 2397 subdivisa

1386 2445 1454 2483 est
1481 2438 1530 2482 in
1565 2445 1708 2482 sectas
1736 2435 1845 2482 alias
1863 2472 1876 2492 7
1905 2434 2254 2499 panerariam,
2286 2433 2415 2479 acci-

1386 2515 1661 2564 dentariam
1678 2550 1694 2577 ‚
1733 2516 2063 2580 corporariam
2077 2550 2094 2574 ,
2117 2511 2417 2561 arrhabona-

1385 2601 1514 2647 riam
1537 2637 1549 2658 7
1597 2599 1849 2663 tropistam
1872 2633 1887 2658 ‚
1937 2594 2380 2661 metamorphistam
2395 2629 2413 2655 ‚
2433 2647 2439 2650 Α

1384 2683 1730 2730 iscariotistam
1745 2715 1762 2742 ‚
1791 2675 2311 2743 schvinkesfhldritam,
2329 2688 2414 2726 etc.

1455 2764 1525 2828 (2)
1547 2763 1645 2813 Csr.
1659 2763 1785 2828 apud
1801 2761 1978 2821 Moore,
1991 2780 2065 2826 op.
2083 2764 2165 2810 cit.
2183 2758 2414 2827 pag.384·

1455 2845 1517 2910 (3)
1555 2845 1609 2895 S.
1641 2845 1928 2910 Augustinus
1949 2882 1963 2903 7
2003 2847 2053 2892 in
2080 2844 2163 2892 lib.
2204 2844 2285 2892 De
2315 2844 2417 2892 hae-

1383 2928 1592 2984 resilias,
1615 2938 1857 2976 enumerat
1879 2943 1946 2994 90
1966 2928 2165 2975 diversas
2186 2927 2379 2975 haereses
2398 2963 2412 2986 ‚

1384 3028 1490 3079 quae
1525 3021 1625 3076 post
1660 3010 1830 3058 Christi
1868 3012 2126 3059 adventum
2163 3020 2270 3057 ortae
2306 3018 2416 3057 sunt

1385 3097 1442 3145 ad
1474 3095 1821 3143 reformandam
1863 3093 2138 3142 Ecclesiam.
2174 3091 2247 3139 Ab
2284 3101 2414 3139 aetate

1383 3178 1430 3228 S.
1445 3177 1691 3243 Augustini
1707 3195 1853 3242 usque
1864 3177 1922 3224 ad
1933 3176 2192 3224 Lutherum
2206 3174 2306 3222 aliae
2324 3170 2415 3220 180

1383 3263 1573 3310 haereses
1584 3259 1957 3325 apparuerunt.A
1967 3258 2183 3316 Luthero,
2197 3274 2273 3304 an.
2288 3272 2304 3302 ι
2318 3254 2346 3303 5
2358 3272 2374 3302 1
2387 3272 2413 3321 7

1384 3346 1442 3393 ad
1461 3361 1539 3393 an.
1575 3340 1728 3408 1595,
1757 3341 2040 3408 Staphylus,
2076 3339 2270 3397 Hosius,
2318 3338 2409 3385 Pu-

1384 3429 1534 3478 teolus
1558 3427 1731 3493 aliique
1747 3429 1989 3491 scriptores
2010 3424 2122 3473 alias
2151 3439 2251 3490 270
2272 3439 2413 3470 novas

1386 3523 1529 3563 sectas
1555 3518 1921 3571 enumerarunt3
1953 3506 2114 3574 quoad
2130 3516 2277 3555 sectas
2296 3514 2414 3553 ortas

1385 3596 1446 3646 ab
1481 3595 1561 3643 illa
1593 3603 1727 3642 aetate
1768 3590 1831 3641 ad
1867 3610 1952 3640 nos
1986 3608 2136 3658 usque
2157 3628 2169 3652 7
2209 3591 2315 3639 satis
2347 3596 2415 3636 est

1387 3695 1647 3745 percurrere
1697 3679 1910 3743 quinque
1956 3676 2132 3741 prolixa
2177 3672 2413 3722 volumina
