2502 4134
1919 52 1945 64 μ

229 140 394 178 nar.
439 139 526 177 ιιι.
574 139 725 178 εΕοι.
772 140 811 176 ι.
856 139 979 176 cu.
1029 141 1070 175 1.
1122 140 1187 175 ns
1230 137 1361 179 aar.
1408 136 1541 178 ΛΜ.
1592 141 1701 176 rm.
1753 139 1937 178 srncr.
2024 118 2145 180 385

29 285 223 346 dinem
260 280 416 361 gigni
453 277 803 361 quandoque
841 301 1009 361 posse
1052 300 1123 338 ex
1161 280 1338 339 totius
1389 279 1634 339 humani
1679 279 1903 360 generis
1945 302 2149 340 mora-
2220 322 2231 331 «

25 379 156 438 liter
205 375 424 455 sumpti
471 375 854 434 consensione
906 375 1017 453 (1).
1078 376 1374 454 Negamus
1434 396 1573 434 vero
1604 420 1620 448 ,
1687 374 1970 453 ejusmodi
2023 376 2145 437 sive

26 491 265 532 sensum
299 470 420 529 sive
454 490 804 528 consensum
828 468 1046 549 requiri
1075 467 1340 527 absolute
1373 469 1450 527 ad
1484 468 1868 529 obtinendam
1900 472 2142 530 certitu·

24 565 257 637 dinem,
292 562 479 622 multo
519 584 657 624 vero
694 563 872 642 magis
909 562 1238 621 inficiamur
1260 606 1278 636 ,
1311 561 1482 621 illum
1512 563 1777 644 regulam
1806 583 2142 646 supremam

27 659 448 720 credendorum
491 670 551 718 et
595 657 952 738 agendorum
997 657 1389 729 constituere,
1435 669 1536 716 aut
1582 657 1772 716 basim
1813 659 2140 722 christianae

27 753 336 833 Religionis
373 774 438 812 ac
473 752 799 832 theologiae.
849 755 1004 811 Dum
1043 762 1240 811 autem
1278 751 1352 811 de
1393 753 1619 811 ratione
1653 751 1948 834 loquimur
1984 755 2145 816 indi-

29 848 291 918 viduali,
342 870 469 908 eam
518 849 579 906 in
626 849 942 907 communi
974 847 1391 926 significatione
1446 847 1759 928 accipimus
1788 890 1828 922 ,‡
1859 861 2145 930 quatenus

28 964 242 1024 nempe
276 965 308 1002 a
343 943 568 1024 spiritu.
591 941 821 1024 privato
858 942 1092 1025 proprie
1125 941 1580 1001 discriminatur.

109 1037 223 1112 72.
257 1037 476 1111 Quibus
513 1038 594 1095 ita
629 1037 991 1117 compositiS‚
1029 1036 1108 1095 sic
1137 1036 1218 1095 ad
1251 1036 1469 1096 thesim
1501 1036 1887 1098 evincendam
1921 1039 2146 1099 accedi-

30 1155 181 1191 mus.
235 1134 294 1192 Si
336 1132 592 1191 humana
626 1132 804 1206 ratio,
855 1142 1140 1212 quatenus
1182 1130 1553 1191 individualis
1589 1143 1714 1204 est,
1750 1131 1910 1191 haud
1948 1147 2145 1216 posset

30 1227 140 1286 sibi
160 1272 176 1301 ,
217 1225 435 1307 absque
465 1224 723 1297 subsidio
757 1223 1090 1284 istiusmodi
1124 1246 1444 1287 consensus,
1470 1227 1698 1306 generis
1730 1226 1972 1287 humani
1992 1276 2008 1304 ,
2041 1252 2146 1292 ve-

29 1323 214 1382 ritatis
252 1319 664 1381 certitudinem
704 1319 826 1381 ullo
869 1319 1048 1379 modo
1087 1339 1468 1402 comparare,
1516 1323 1839 1381 necessario
1880 1324 1953 1384 de
1991 1347 2146 1407 qua—-

30 1435 277 1496 cumque
319 1416 566 1476 veritate
601 1415 825 1472 incerta
862 1435 927 1473 ac
963 1413 1147 1474 dubia
1190 1414 1475 1475 fluctuare
1517 1414 1778 1476 deberet.
1830 1419 2002 1500 Atqui
2034 1420 2146 1481 hoc

27 1521 177 1570 esset
214 1510 276 1567 in
307 1507 626 1567 absurdum
667 1509 1100 1590 scepticismum
1139 1509 1339 1568 dilabi.
1388 1511 1553 1592 Ergo,
1604 1513 1785 1589 Major
1821 1512 2148 1576 luculenter

27 1604 372 1677 ostenditur.
414 1603 740 1663 Auctoritas
776 1624 841 1662 ac
877 1605 1123 1685 proinde
1159 1605 1559 1665 testimonium
1599 1609 1825 1686 generis
1864 1607 2141 1685 humani,

28 1721 230 1759 sensus
264 1700 389 1780 ipse
426 1709 648 1758 naturae
691 1700 1016 1759 communis
1042 1745 1058 1774 ,
1099 1721 1162 1758 ae
1206 1700 1547 1760 universalis
1581 1702 1758 1760 etiam
1779 1747 1794 1776 ,
1840 1703 1887 1760 si
1918 1703 2144 1783 placet,

26 1796 211 1869 rati0,
254 1804 391 1852 sunt
425 1793 671 1854 totidem
718 1793 993 1853 veritates
1036 1793 1375 1873 objectivae,
1419 1816 1548 1877 quae
1590 1796 1805 1855 scilicet
1841 1798 1988 1856 sicut
2033 1798 2145 1859 alia

28 1892 248 1970 quaevis
290 1889 498 1947 veritas
536 1897 836 1969 nequeunt
875 1888 936 1947 in
980 1889 1240 1966 subJecto
1273 1890 1685 1950 certitudinem
1711 1877 1990 1971 gignere,
2031 1894 2146 1953 nisi

24 1983 97 2043 ab
138 1986 265 2065 ipso
296 1982 849 2065 apprehendantur,
889 1996 1065 2065 atque
1106 1984 1187 2047 ita
1233 1984 1790 2066 apprehendantur,
1829 1998 1895 2044 ut
1929 2007 2024 2046 eas
2052 1992 2144 2048 ita

23 2090 79 2137 et
111 2067 232 2138 non
264 2080 443 2137 aliter
480 2098 603 2137 esse
641 2077 947 2138 evidenter
987 2089 1293 2158 cognoscat
1317 2124 1333 2154 ,
1378 2100 1445 2138 ac
1476 2079 1724 2161 proinde
1769 2083 1929 2140 omni
1964 2081 2141 2141 dubi-

24 2174 243 2232 tatione
274 2172 492 2232 seclusa
528 2173 732 2232 iisdem
770 2173 1193 2233 rationabiliter
1214 2195 1280 2234 ac
1297 2164 1549 2234 ¹firmiter
1578 2174 2135 2237 adhaerere-debeat.

25 2270 202 2326 Porro
236 2267 283 2325 si
315 2267 573 2325 humana
618 2268 800 2342 ratio,
853 2266 1317 2349 independenter
1361 2268 1433 2326 ab
1485 2268 1584 2327 illo
1626 2271 1852 2348 generis
1892 2270 2139 2331 humani

25 2383 197 2420 sensu
232 2359 325 2422 vel
364 2382 645 2421 consensu
667 2408 682 2435 ,
725 2364 994 2442 nequiret
1033 2384 1139 2444 per
1172 2362 1359 2421 ullum
1400 2362 1978 2444 aliudpognoscendi
2016 2389 2139 2428 me-

25 2455 187 2515 dium
208 2500 224 2531 ,
262 2477 369 2516 nec
403 2477 508 2538 per
541 2477 775 2515 sensum
808 2457 1121 2531 intimum,
1161 2478 1271 2517 nec
1304 2478 1413 2539 per
1444 2477 1646 2516 sensus
1683 2470 1988 2535 externoS,
2027 2482 2135 2521 nec

23 2573 129 2633 per
166 2552 564 2611 immediatam
597 2564 908 2633 conceptus
944 2551 1303 2612 evidentiam
1325 2597 1341 2626 ,
1376 2573 1485 2612 nec
1519 2574 1625 2634 per
1656 2554 1944 2613 rationem
1965 2601 1980 2630 ,
2013 2577 2133 2615 cer-

23 2657 144 2705 tam
171 2646 331 2706 illam
359 2648 703 2729 firmamque
742 2646 911 2705 ullius
937 2647 1196 2708 veritatis
1227 2647 1618 2726 cognitionem
1654 2648 1983 2730 acquirere,
2007 2654 2135 2729 jam

23 2879 113 2928 dua
153 2881 294 2945 possit
333 2878 412 2928 illa
435 2896 547 2927 ⁴non
584 2879 850 2944 pervidere,
884 2880 1036 2944 iisque
1119 2880 1228 2926 time
1256 2866 1537 2938 dimanant,
1583 2880 1620 2927 si
1661 2882 1899 2928 consensio
1939 2880 2134 2930 humani

22 2962 257 3026 refragari3
285 2962 363 3010 sed
385 2963 490 3027 quia
507 2962 603 3010 haec
621 2961 762 3010 veluti
790 2962 1036 3008 extrinseca
1119 2962 1295 3023 generis
1330 2958 1558 3009 moraliter
1589 2963 1760 3024 sumpti
1788 2963 1838 3008 in
1867 2959 1925 3008 iis
1960 2961 2133 3011 habea-

25 3059 184 3092 norma
207 3044 411 3092 adhibita
431 3081 443 3101 ‚
473 3061 549 3092 eos
571 3081 584 3104 ‚
618 3047 698 3109 qui
724 3046 931 3092 nativum
956 3061 1030 3090 ra·
1114 3054 1188 3089 tur
1208 3078 1221 3099 ‚
1264 3041 1530 3104 hujusmodi
1575 3045 1811 3089 consensio
1850 3059 1945 3090 non
1986 3053 2133 3108 potest

27 3126 163 3172 tionis
190 3125 442 3175 lumenita
484 3130 532 3175 in
565 3145 612 3175 se
652 3129 916 3191 extinguere
950 3143 1029 3190 po·
1115 3124 1382 3173 veritatibus
1418 3123 1509 3170 illis
1548 3139 1721 3171 novum
1759 3124 1918 3171 saltem
1949 3126 2132 3172 extrin-

26 3216 212 3254 tuerunt
229 3242 244 3266 ‚
274 3208 332 3256 ad
361 3209 477 3256 illud
501 3211 551 3257 in
579 3226 625 3257 se
643 3208 796 3257 denuo
825 3207 1030 3256 excitan-
1113 3223 1213 3254 sece
1238 3205 1380 3253 robur
1403 3222 1498 3253 non
1526 3204 1716 3254 addere.
1749 3203 1866 3253 Nam
1894 3215 2006 3254 tunc
2028 3223 2130 3256 ma·-

26 3288 140 3336 dnm
173 3275 227 3336 ac
253 3289 564 3340 adhibendum
597 3290 902 3355 impellamus.
1113 3291 1185 3355 gis
1227 3287 1407 3347 elucet,
1452 3288 1661 3335 veritates
1699 3286 1801 3335 illas
1839 3289 1888 3334 in
1927 3289 2024 3352 ipsa
2054 3305 2131 3336 ra-

92 3366 165 3432 (1)
202 3368 333 3418 Certe
370 3387 476 3421 cum
515 3375 662 3438 agitur
699 3372 757 3421 de
796 3369 1033 3419 nonnullis
1115 3369 1271 3418 tionali
1312 3369 1514 3416 hominis
1561 3377 1722 3415 natura
1770 3367 2131 3418 fundamentum

25 3450 291 3499 veritatibus
310 3487 324 3510 ‚
363 3467 495 3518 quae,
534 3456 641 3504 licet
673 3456 911 3503 ratiocinio
949 3453 1034 3500 ali·
1113 3449 1300 3499 habere.
1316 3449 1394 3498 Sic
1411 3452 1548 3498 etiam
1578 3451 1818 3498 consensio
1835 3450 1944 3510 illa,
1972 3449 2129 3516 quoad

26 3549 119 3597 quo
166 3534 399 3592 nitantur,
443 3544 596 3584 tamen
641 3553 696 3586 ex
743 3533 1034 3585 naturalibus
1115 3532 1233 3581 facta
1251 3532 1466 3580 historica
1481 3548 1536 3580 ac
1552 3530 1890 3592 traditionalia,
1915 3533 2127 3581 maximae

26 3616 263 3679 principiis
301 3617 394 3665 sive
426 3616 532 3665 facti
564 3619 658 3668 sive
693 3617 884 3668 rationis
922 3617 1034 3682 legi·
1116 3616 1392 3665 auctoritatis
1422 3615 1517 3662 vim
1549 3612 1705 3663 habet.

108 3695 174 3753 T.
227 3695 317 3753 IX.
406 3757 410 3761 ,
1767 3692 1848 3751 25
