2502 4134
241 176 396 214 PAR-r.
446 176 507 212 11.
553 175 676 211 cn.
725 173 783 210 v.
832 174 899 209 nn
941 170 1093 212 sAcR.
1142 172 1313 210 scml».
1365 171 1511 208 mer.
1561 170 1622 208 lu
1666 169 1810 206 unc.
1854 167 1987 207 vnn.
2036 145 2151 205 201

67 317 472 394 catholicisque
505 317 654 372 viris
695 314 1011 392 desumptae
1038 324 1212 371 erant
1236 355 1256 384 ,
1297 316 1366 369 in
1395 313 1605 391 vulqus
1623 311 1887 389 prodiit,
1928 318 1981 367 et
2004 309 2160 387 quid

69 412 136 471 de
177 434 247 471 ea
283 412 540 481 sentia-s,
573 430 905 488 proponent,
946 420 1012 465 ut
1053 413 1140 465 ita
1187 428 1258 465 ea·
1297 409 1564 484 ipsorum
1602 407 1936 475 collatio-ne,
1987 423 2059 464 ac
2097 424 2160 461 re

69 518 300 566 mature
320 526 641 583 perpensa,
691 505 1108 583 diynoscalur,
1155 505 1406 581 quinam
1446 521 1675 558 errores
1707 501 1986 558 insidiose
2031 499 2161 556 ihi-

70 604 199 660 dem
248 603 626 680 obteqavztu7·,
677 609 730 656 et
767 610 1033 656 nostrum.
1074 598 1312 655 demum
1337 595 1655 676 judicium
1698 595 1783 651 ad
1818 604 1986 679 rectoe
2023 594 2167 671 fidei

70 698 537 755 incolumitatem
556 699 1022 771 pronunciemus
1048 693 1162 770 (l).
1204 689 1435 750 Judicet
1483 708 1640 745 nunc
1675 686 1882 763 lector,
1924 687 2063 769 quid
2088 688 2164 760 de

69 789 397 867 hujusmodi
443 787 775 845 hominibus
812 786 1180 846 sentiendum
1218 786 1325 857 sit,
1372 782 1470 864 qui
1504 803 1606 863 per
1643 803 1933 841 summam
1968 784 2166 864 impu-

74 884 339 943 dentiam
374 882 601 965 publica
645 903 708 940 ac
737 881 1018 945 solemnia,
1059 879 1404 938 documenta
1444 896 1812 955 corrumpere
1848 898 2166 958 eorumque

77 1000 312 1037 sensum
354 979 640 1037 invertere
687 977 842 1034 haud
890 986 1202 1047 verentur,
1257 985 1323 1031 ut
1368 975 1535 1030 Rom.
1584 971 1884 1031 Pontifices
1923 975 2075 1032 inter
2105 993 2166 1032 se

78 1074 463 1131 committant.
505 1071 562 1129 Si
595 1069 732 1128 talia
775 1068 993 1127 audent
1028 1068 1092 1125 in
1133 1066 1375 1149 publicis
1417 1064 1778 1124 documentis
1803 1110 1819 1138 ,
1869 1088 1995 1147 quae
2033 1089 2167 1126 om-

74 1168 237 1224 nium
274 1188 453 1224 manu
488 1176 776 1236 terentur‚
811 1162 952 1244 quid
987 1183 1108 1219 non
1143 1160 1479 1233 audebunt,
1527 1159 1669 1217 dum
1702 1158 1882 1219 Biblia
1923 1173 2163 1221 vertunt

79 1261 142 1318 in
178 1261 471 1341 peregrina
505 1257 810 1330 idiomata,
854 1266 914 1315 et
951 1256 1013 1314 in
1045 1254 1255 1337 quibus
1292 1255 1468 1336 longe
1511 1254 1728 1313 facilius
1764 1254 1918 1313 fraus
1958 1256 2170 1318 furtive

78 1353 353 1434 obrepere
372 1353 745 1433 securiusque
771 1351 964 1430 obtegi
989 1351 1227 1432 potest-P
1252 1351 1351 1411 Ast
1379 1348 1989 1432 protestantes‘biblici
2012 1353 2171 1429 ejus·

74 1446 234 1526 Jnodi
260 1444 539 1528 scrupulis
574 1468 695 1504 non
721 1455 1019 1526 anguntur
1054 1446 1163 1524 (2).

958 1637 1198 1696 CAPUT
1241 1638 1308 1696 V.

259 1813 326 1848 ΒΕ
367 1811 552 1850 SAGRAE
596 1810 924 1849 SCRIPTURAE
966 1810 1230 1847 LECTIORB.
1273 1810 1331 1848 m
1376 1810 1587 1847 LINGUA
1630 1809 1980 1850 VBRNAGULA.

160 1987 300 2057 291.
340 1997 624 2058 Omnibus
677 1998 1183 2058 indiscriminatim
1234 1997 1501 2059 fidelibus
1556 1999 1938 2059 necessariam
1993 2000 2177 2058 Sacrae

84 2090 390 2170 Scripturae
448 2092 754 2152 lectionem
820 2092 895 2152 ad
959 2092 1201 2153 salutem
1250 2114 1409 2167 esse,
1466 2106 1774 2154 novatores
1830 2093 2007 2153 seculi
2050 2094 2179 2152 XVI

86 2194 495 2260 autumarunt,
562 2188 661 2267 qui
703 2199 1009 2268 propterea
1062 2189 1124 2246 in
1174 2187 1398 2268 linguas
1448 2189 1784 2248 vernaculas
1838 2209 2177 2249 conversam

87 2297 314 2335 summo
340 2278 529 2337 studio
566 2300 692 2339 eam
735 2302 1052 2362 propagare
1079 2281 1266 2340 adnisi
1310 2293 1447 2340 sunt
1474 2282 1586 2361 (3).
1626 2284 1733 2340 Eos
1774 2283 2006 2363 sequuti
2044 2292 2182 2340 sunt

157 2492 228 2553 (1)
264 2493 382 2543 Sane
409 2495 469 2542 ob
501 2495 654 2544 oculos
679 2496 826 2545 habeo
856 2497 1088 2562 exemplat
1171 2496 1278 2547 culo
1307 2516 1371 2546 ιιι
1388 2534 1403 2558 ,
1431 2501 1509 2564 qui
1554 2509 1618 2547 est
1643 2496 1716 2547 De
1747 2499 2041 2548 traductione
2067 2516 2183 2548 san-

87 2570 227 2639 hujus
249 2578 465 2624 versionis
487 2578 702 2640 polonicae
715 2578 908 2642 probatae
919 2579 975 2626 ab
988 2597 1089 2644 apo·
1171 2588 1355 2627 ciarum
1373 2578 1735 2645 Scripturarum
1766 2583 1820 2627 in
1836 2580 2053 2646 linquam
2080 2580 2185 2629 cul-

89 2656 244 2704 stoliea
274 2655 423 2718 Sede3
454 2676 609 2706 verum
646 2661 702 2707 ad
735 2661 911 2724 singula
942 2664 1090 2725 capita
1171 2677 1358 2725 yar-em,
1376 2672 1595 2725 excerptae
1611 2672 1717 2709 sunt
1730 2679 1783 2710 ex
1800 2664 1927 2727 praef.
1946 2665 1995 2710 in
2015 2662 2181 2711 Matth.

90 2736 396 2801 subjiciuntur
419 2749 538 2786 notae
555 2775 569 2796 ‚
607 2757 706 2804 quoe
733 2750 907 2788 textum
931 2742 1091 2805 expla-
1175 2753 1220 2791 et
1246 2742 1471 2790 damnatae
1500 2745 1789 2808 insequentes
1815 2762 1980 2809 propp.
2022 2754 2067 2792 ι·
2090 2740 2186 2791 Sa-

91 2827 220 2865 nent.
240 2817 336 2868 Cfr.
355 2820 412 2867 de
434 2820 517 2868 hac
530 2824 735 2870 versione
750 2821 802 2871 P.
820 2821 1088 2884 Alegambe,
1175 2838 1282 2870 cras
1312 2822 1519 2870 Litteras
1547 2825 1741 2888 cupiam
1778 2825 1831 2871 in
1871 2840 2033 2872 omnes
2067 2825 2189 2872 verti

91 2897 321 2949 Biblioth.
349 2903 630 2967 scriptorum
655 2898 766 2952 Soc.
796 2901 945 2966 Jem,
978 2903 1098 2952 Ant·
1178 2903 1384 2968 linquas.
1407 2906 1456 2951 2²
1486 2903 1780 2952 Exclamant
1808 2905 2073 2969 indiqnum
2101 2905 2185 2970 fa-

93 2997 217 3045 verp.
256 2980 379 3045 1643
398 3019 412 3041 ‚
447 3000 550 3048 pag.
587 2982 685 3047 214
714 2995 759 3033 et
792 3002 891 3051 seq.
1179 2986 1353 3046 cinus,
1383 2986 1429 3031 si
1458 2983 1656 3049 mulier,
1682 2984 1757 3033 vel
1769 2988 2007 3034 coriarius
2020 2986 2185 3051 loqua-

161 3062 226 3124 (2)
261 3060 548 3128 Scripserunt
587 3069 723 3114 etiam
759 3067 816 3115 de
844 3068 932 3115 hoc
962 3085 1096 3132 argu·
1181 3076 1261 3115 tm·
1288 3067 1344 3114 de
1375 3069 1525 3116 sacris
1558 3069 1771 3118 Litteris.
1795 3070 1843 3118 32
1865 3070 1951 3118 Mo
1969 3079 2184 3133 auctore,

99 3153 251 3190 mento
278 3143 337 3193 D.
367 3144 611 3194 Rubichon
632 3183 647 3205 ,
685 3150 734 3195 in
768 3166 846 3213 op.
881 3147 959 3196 De
987 3148 1101 3196 l’ac-
1179 3164 1338 3217 sacros
1376 3147 1536 3197 Libros
1562 3148 1678 3213 quet
1697 3150 1936 3215 aqrioola,
1970 3150 2085 3216 ἱεροί
2107 3153 2187 3217 sa-

102 3220 202 3268 tion
228 3222 294 3271 du
315 3224 492 3289 olor-qe,
523 3238 568 3275 et
604 3246 754 3277 comes
781 3229 850 3278 De
884 3230 1097 3290 Maistre,
1181 3229 1264 3277 ber
1279 3266 1295 3290 ,
1327 3229 1439 3295 ἱεροί
1466 3230 1681 3279 latomus.
1700 3230 1751 3295 4·
1770 3231 1935 3298 Neque
1957 3232 2189 3282 Ezechie-

103 3299 153 3346 in
179 3297 364 3352 Seiron
386 3307 442 3354 de
468 3307 837 3377 St.Petersbou1-g
855 3349 868 3371 ‚
897 3309 1015 3360 Soir.
1037 3328 1099 3359 xi.
1184 3310 1249 3360 lis
1280 3312 1561 3379 Prophetoe‚
1587 3329 1735 3377 noque
1762 3313 1959 3363 Cantici
1978 3314 2188 3378 Cautio„

173 3378 238 3443 (3)
275 3382 353 3433 His
394 3392 685 3441 novatoribus
724 3395 822 3459 jam
868 3396 1105 3458 praeiverat
1186 3404 1264 3442 aut
1291 3397 1565 3460 cujusquam
1589 3395 1814 3445 librorum
1831 3396 1936 3447 Vct.
1957 3396 2082 3446 Test.
2100 3395 2193 3445 lec-

105 3461 193 3510 hac
224 3465 274 3544 in
304 3473 519 3520 sententia
558 3473 774 3525 Erasmus
794 3513 807 3535 ‚
854 3479 986 3543 cujus
1031 3494 1103 3524 ar·
1165 3516 1169 3521 .,
1189 3476 1363 3524 tionem
1394 3476 1486 3525 uui
1518 3477 1706 3527 homini
1738 3479 1988 3529 interdico.
2019 3477 2068 3527 5²
2102 3480 2191 3526 In-

105 3543 268 3592 ticulos
295 3563 297 3565 ·
323 3545 552 3600 damnavit
611 3556 798 3606 facultas
852 3556 1106 3607 Sorbonica
1188 3554 1408 3606 docorum
1428 3556 1501 3606 vel
1513 3560 1678 3624 potius
1699 3559 1963 3609 ridiculum
1977 3559 2188 3616 videtur,

112 3640 191 3675 ⁸¹²·
233 3623 355 3692 ¹527
375 3664 389 3688 2
420 3629 492 3679 die
533 3647 588 3697 ¹7
616 3634 858 3688 Decembr.
895 3638 951 3688 In
990 3641 1098 3688 arti·
1183 3639 1309 3703 quod
1358 3641 1519 3689 idiotoe
1568 3649 1613 3689 et
1666 3641 1958 3692 muliercula·
2000 3641 2195 3706 psittaci
