2502 4134
245 97 366 157 204
858 122 1054 160 macr.
1085 125 1152 161 131
1196 126 1345 164 zonis
1389 129 1760 170 THEOLOGlCIS.

248 265 465 346 gratia
501 266 687 345 legem
720 265 1048 326 naturalem
1080 276 1750 356 servaveruntjusteque
1775 277 2081 352 vixerunt,
2114 276 2213 358 qui
2235 277 2362 336 for-

248 372 399 420 tasse
427 362 595 443 pauci
634 383 754 421 non
793 375 949 422 sunt.
999 364 1064 423 Id
1102 366 1295 446 ipsum
1333 365 1555 426 dicatur
1588 368 1660 429 de
1690 372 1890 451 primis
1932 371 2198 431 fidelibus
2237 383 2367 453 post

255 456 470 514 Christi
501 455 821 517 adventum
862 471 987 519 toto
1027 459 1127 518 illo
1167 472 1466 543 tempore,
1500 485 1614 544 quo
1664 466 1929 525 nondum
1967 469 2178 576 scripta
2217 468 2367 527 Novi

251 554 402 610 Test.
443 552 679 613 fuerunt
718 568 971 615 exarata
1010 559 1324 638 Postquam
1363 580 1502 619 vero
1543 559 1676 619 libri
1719 561 1841 622 sive
1884 565 2012 625 Veh.
2055 565 2175 623 sive
2218 563 2368 623 Novi

251 647 603 707 Testamenti
653 651 713 708 in
756 651 946 711 lucem
994 652 1373 734 prodierunt,
1439 654 1656 736 absque
1711 656 1945 716 illorum
1983 658 2229 718 lectione
2280 669 2370 717 tot

251 756 571 825 potuerunt
599 745 864 809 obtinere
891 749 1137 809 salutem
1162 795 1177 825 ,
1215 763 1357 831 quot
1380 751 1553 810 rudes
1591 763 1649 811 et
1682 751 1941 812 illiterati
1965 755 2285 815 extiterunt
2311 766 2371 815 et

252 840 547 918 existunt,
599 854 658 902 et
707 866 775 903 ex
826 844 1035 926 quibus
1079 849 1268 925 major
1313 869 1546 928 semper
1587 860 1813 906 constat
1859 850 2082 928 generis
2128 849 2374 907 humani

251 958 387 1018 pars
409 984 424 1012 ,
457 951 557 997 aut
581 940 641 998 in
668 963 918 1022 quorum
946 964 1153 1001 manus
1178 942 1393 1001 bilibri
1417 944 1661 1003 minime
1685 955 2104 1025 pervenerunt.
2134 945 2373 1005 Omissis

250 1052 427 1114 porro
470 1034 725 1112 Judaeis‚
759 1037 832 1096 de
872 1037 1215 1097 Christianis
1254 1038 1515 1097 barbaris
1546 1060 1611 1098 ac
1640 1039 1912 1113 rudibuS‚
1953 1040 2051 1122 qui
2076 1041 2197 1100 sine
2232 1040 2376 1100 Scri·

251 1131 440 1211 pturis
483 1130 662 1191 fidem
708 1132 989 1192 tenebant
1038 1146 1214 1215 atque
1252 1134 1326 1193 ad
1355 1139 1475 1212 ejus
1515 1157 1784 1200 normam
1822 1157 2008 1194 mores
2046 1157 2177 1194 suos
2214 1156 2375 1194 com-

255 1226 595 1308 ponebant,
628 1242 836 1289 notum
875 1242 964 1291 est
997 1232 1055 1291 S.
1096 1234 1301 1291 Irenaei
1323 1232 1723 1291 testimonium
1745 1278 1760 1307 7
1795 1232 1951 1313 quod
1993 1232 2130 1291 alibi
2161 1233 2376 1292 exscri-

254 1323 477 1405 psimus
518 1325 634 1404 (l).
667 1325 996 1386 Absurdum
1044 1338 1242 1386 autem
1277 1339 1398 1401 est.,
1426 1327 1748 1387 innumeris
1790 1327 2071 1404 ejusmodi
2109 1327 2375 1386 fidelibus

252 1418 409 1479 viam
449 1420 798 1501 praecludere
825 1422 1023 1481 salutis
1053 1422 1163 1481 hac
1195 1445 1309 1481 una
1343 1422 1416 1482 de
1448 1445 1654 1497 causa„¹
1685 1422 1843 1503 quod
1875 1423 2247 1503 nequiverint
2274 1433 2375 1481 aut

257 1529 561 1597 nequeant
599 1519 925 1600 Scripturas
977 1541 1166 1577 sacras
1208 1518 1419 1597 legere.
1471 1519 1593 1577 Hoc
1637 1540 1869 1601 semper
1905 1521 2015 1577 erit
2056 1539 2382 1597 argumen-

255 1620 384 1669 tum
409 1656 426 1688 ,
461 1634 494 1671 a
534 1635 649 1694 quo
691 1635 994 1695 nunquam
1042 1624 1320 1695 poterunt
1378 1613 1697 1673 adversarii
1738 1635 1797 1672 se
1836 1613 2129 1694 expedire.
2164 1614 2381 1672 Crescit

256 1727 395 1766 vero
449 1708 710 1786 ejusdem
756 1710 843 1769 vis
886 1731 955 1768 ex
993 1709 1099 1783 iis7
1144 1731 1274 1790 quae
1313 1708 1487 1791 paulo
1525 1699 1656 1790 post
1709 1708 2123 1784 ostendemus,
2169 1708 2384 1767 scilicet

256 1824 451 1884 neque
487 1804 811 1887 Scripturas
847 1806 1002 1887 ipsas
1047 1806 1307 1864 absolute
1354 1805 1428 1864 ad
1459 1804 1637 1864 fidem
1688 1816 1863 1887 atque
1908 1803 2154 1863 salutem
2191 1824 2389 1863 neces·

260 1899 433 1957 sarias
480 1921 621 1959 esse.
651 1903 799 1960 Nam
828 1947 842 1976 ,
876 1903 921 1960 si
954 1902 1261 1983 Scripturae
1294 1900 1369 1960 ad
1400 1901 1577 1959 fidem
1607 1900 1969 1983 salutemque
2000 1902 2260 1959 absolute
2278 1921 2386 1959 ne‘

262 1996 514 2054 cessariae
564 2018 686 2054 non
747 2009 929 2071 sunt,
988 1993 1210 2079 quanto
1262 1998 1456 2055 minus
1509 1997 1831 2055 necessaria
1889 1996 2002 2054 erit
2047 1993 2388 2054 earumdem

261 2090 474 2152 lectio?
523 2094 649 2152 Huc
695 2094 916 2154 accedit
959 2094 1153 2176 quod,
1200 2093 1246 2151 si
1287 2093 1596 2174 Scripturas
1631 2092 1800 2152 lectio
1847 2091 2117 2150 omnibus
2154 2111 2389 2169 prorsus

261 2190 582 2248 necessaria
612 2203 795 2264 esset,
832 2190 965 2250 ideo
1010 2191 1192 2263 foret,
1235 2191 1370 2271 quia
1412 2189 1487 2248 ad
1530 2189 1742 2262 fidem,
1794 2188 2073 2270 pietatem
2112 2186 2390 2244 sanctita-

263 2293 503 2365 temque
542 2285 603 2343 in
652 2286 860 2344 animis
897 2284 1285 2365 gignendam,
1329 2283 1642 2344 fovendam
1688 2281 2268 2365 promovendamque
2310 2280 2391 2340 le·

267 2380 380 2439 ctio
406 2379 501 2439 illa
537 2381 797 2440 absolute
831 2381 1247 2463 requireretur.
1282 2382 1413 2439 Jam
1444 2401 1581 2440 vero
1610 2380 1670 2437 in
1691 2379 1849 2437 hunc
1880 2380 2058 2439 finem
2084 2378 2391 2459 Scripturae

265 2475 440 2535 lectio
481 2478 799 2536 necessaria
828 2477 1071 2536 minime
1107 2488 1225 2551 est,
1269 2497 1401 2534 cum
1433 2475 1574 2535 fides
1603 2476 1676 2534 sit
1701 2498 1771 2534 ex
1795 2477 2016 2534 auditu
2032 2498 2050 2540 ;
2081 2473 2262 2532 foveri
2287 2494 2393 2530 au·

269 2581 391 2630 tem
429 2574 875 2655 promoverique
902 2574 1127 2654 possint
1156 2573 1343 2654 pietas
1378 2593 1441 2630 ac
1483 2572 1756 2630 sanctitas
1800 2580 1886 2629 tot
1924 2569 2047 2627 aliis
2088 2567 2391 2644 subsidiis,

274 2666 485 2750 quibus
533 2668 730 2728 fideles
770 2669 1111 2737 abundant,
1158 2666 1637 2733 instructionibus
1682 2665 1990 2738 videlicet,
2032 2662 2393 2723 exhortatio-

273 2763 449 2823 nibus
472 2810 489 2840 ,
540 2765 952 2839 concionibuS,
991 2775 1077 2822 tot
1115 2762 1278 2821 libris
1318 2763 1606 2837 ascetici3.,
1647 2759 1855 2844 quibus
1891 2759 1964 2819 ad
1994 2758 2395 2818 omnimodam

276 2861 645 2922 sanctitatem
684 2872 812 2921 tuto
842 2861 1254 2920 informantur.

357 2958 501 3017 297.
550 2960 749 3017 Restat
785 2957 1070 3040 proinde7
1121 2966 1188 3013 ut
1229 2954 1549 3014 necessaria
1595 2952 1926 3011 adstruatur
1970 2954 2395 3033 scripturarum

278 3052 447 3112 lectio
491 3053 728 3133 alicujus
772 3052 1043 3136 praecepti
1074 3050 1258 3110 divini
1287 3062 1389 3109 aut
1415 3049 1777 3110 ecclesiastici
1810 3049 1886 3107 vi.
1914 3047 2193 3129 Nuspiam
2223 3066 2396 3127 porro

282 3149 564 3226 ejusmodi
587 3162 943 3232 praeceptum
964 3147 1205 3230 reperiri
1232 3192 1247 3220 7
1274 3146 1481 3228 exipsa
1499 3144 1681 3225 liquet
1704 3144 2169 3204 adversariorum
2189 3141 2395 3220 agendi

285 3244 545 3318 ratione,
586 3247 722 3326 qui,
769 3246 906 3305 licet
949 3264 1101 3326 saepe
1141 3242 1284 3301 adeo
1321 3240 1618 3325 provocati
1654 3239 1871 3298 fuerint
1910 3239 1984 3297 ad
2022 3237 2169 3296 illud
2203 3236 2398 3318 profe·

288 3338 571 3413 rendum,
595 3339 877 3401 hactenus
897 3387 913 3417 .,
935 3339 1167 3399 tametsi
1193 3339 1445 3398 maxime
1474 3334 1767 3398 voluerint
1787 3380 1803 3409 .,
1836 3332 2109 3394 exhibere
2139 3355 2261 3392 non
2290 3354 2398 3414 po-

362 3559 431 3625 (1)
466 3560 533 3609 Ex
567 3560 650 3608 lib.
675 3577 750 3621 13,
776 3559 915 3609 Cont.
935 3560 1100 3609 hoereS.
1127 3576 1226 3624 cap.
1245 3556 1303 3622 4,
1391 3558 1574 3618 bimus,
1606 3572 1713 3606 cum
1747 3573 1894 3605 sermo
1928 3555 2012 3604 erit
2037 3555 2095 3605 de
2120 3553 2399 3603 Traditione.

301 3662 351 3693 n.
390 3659 418 3691 2
438 3679 451 3705 2
486 3642 613 3711 quod
641 3645 775 3693 etiam
806 3645 975 3692 iterum
1001 3642 1195 3691 inferius
1223 3640 1306 3689 da·
