2502 4134
2088 161 2204 222 317

341 188 503 226 PAR'r.
550 188 616 227 11.
667 187 817 226 SECT.
866 186 934 224 11.
980 176 1111 225 GAP.
1153 187 1242 225 111.
1291 186 1361 223 DE
1404 184 1537 223 ΜΕΙ).
1582 183 1734 221 stuc„
1784 179 1948 221 TRAD.

94 328 508 390 Buonarotium
526 372 542 402 .,
584 327 646 385 in
671 348 787 409 quo
819 337 1065 409 uterque
1088 325 1396 409 Apostolus
1426 323 1632 385 sedens
1657 321 1968 383 exhibetur
1996 322 2061 382 in
2094 345 2208 383 no·

91 425 191 484 hili
214 425 432 506 pariter
456 433 516 482 at
545 446 664 481 non
699 446 816 482 uno
847 424 909 483 in
945 445 1180 484 scamno
1198 469 1213 498 ,
1240 434 1296 483 et
1323 423 1384 481 in
1405 420 1531 481 aliis
1555 422 1735 482 etiam
1757 419 1904 479 alter
1925 418 1999 479 ab
2024 419 2209 480 altero

92 520 543 579 discriminatur.
591 520 743 578 Nam
787 519 997 578 Paulus
1035 519 1296 601 pingitur
1331 516 1578 575 diductis
1622 516 1786 575 labiis
1822 516 2065 598 loquens
2098 538 2208 598 pro

92 616 398 687 concione3
443 616 648 673 Petrus
692 635 830 673 vero
865 614 1118 674 dexterae
1155 634 1361 671 manus
1394 622 1512 670 tres
1535 610 1746 691 digitos
1769 611 2054 692 explicat,
2091 611 2209 670 ritu

92 710 356 791 Episcopi
387 709 604 791 populo
641 709 824 768 fausta
855 709 1145 791 precantis
1169 753 1185 777 ,
1221 729 1337 788 quo
1378 706 1636 788 profecto
1674 706 1936 787 superior
1966 707 2121 765 Petri
2148 717 2208 766 et

91 807 148 864 in
177 807 422 864 Paulum
446 817 503 864 et
530 826 762 887 gregem
785 803 1142 863 dominicum
1165 802 1505 863 universum
1539 800 1890 881 exprimitur
1927 812 2205 882 potestaS.

95 900 403 960 Insallibile
434 923 607 982 porro
634 899 895 959 Ecclesiae
919 898 1317 978 magisterium
1341 895 1560 976 passim
1585 893 1872 954 exhibent
1897 895 2211 978 anaglypta

93 996 258 1055 navis
292 995 600 1055 Ecclesiam
636 994 975 1066 referentis,
1014 1015 1188 1074 supra
1222 996 1386 1069 cujus
1423 989 1645 1048 malum
1683 990 1929 1070 Spiritus
1966 992 2208 1049 Sanctus

93 1090 201 1148 suh
239 1089 523 1149 columbae
557 1088 746 1169 specie
785 1086 1060 1151 invisitur
1093 1087 1206 1165 (1).
1248 1083 1551 1158 Quomodo
1577 1105 1648 1143 ex
1676 1084 1915 1164 picturis
1948 1085 2210 1145 Ecclesiae⁵

94 1188 366 1244 Romanae
418 1184 560 1242 fides
608 1184 755 1242 circa
802 1179 981 1239 libros
1009 1225 1026 1253 ,
1073 1201 1217 1261 quos
1264 1179 1847 1238 deutero-canonicos
1891 1201 2164 1239 vocamus
2189 1225 2206 1256 .,

94 1291 291 1362 aperte
329 1288 590 1351 constet,
634 1298 738 1335 suo
781 1275 907 1335 loco
943 1273 1304 1335 ostendimus
1340 1274 1448 1355 (2).
1496 1274 1649 1348 Quid
1688 1275 1865 1335 etiam
1908 1276 2211 1338 conferant

94 1377 368 1457 pictum,
412 1372 727 1448 caelatum,
761 1370 1071 1453 sculpturae
1094 1415 1111 1446 ‚
1150 1370 1227 1430 ad
1267 1371 1486 1431 avitam
1531 1369 1711 1429 fidem
1749 1370 2209 1452 patefaciendam

93 1471 238 1529 circa
275 1468 595 1547 imaginum
634 1488 806 1525 usum
843 1466 908 1525 in
949 1465 1196 1527 Ecclesia
1229 1466 1688 1546 Sanctorumque
1729 1466 2208 1539 venerationem,

92 1563 228 1622 alibi
272 1563 602 1644 aperuimus
642 1561 767 1640 (3);
810 1572 877 1619 ut
915 1561 991 1620 de
1027 1560 1152 1620 aliis
1195 1560 1475 1621 doctrinae
1515 1560 1808 1621 catholicae
1846 1560 2212 1643 dogmatibus

91 1658 363 1717 sileamus
382 1702 398 1731 ‚
436 1656 647 1738 quibus
676 1655 1034 1715 illustrandis
1069 1656 1599 1739 confirmandisque
1637 1658 1854 1716 mirum
1881 1666 1968 1716 est
1993 1666 2214 1739 quanto

94 1752 432 1831 adjumento
469 1751 754 1830 ejusmodi
787 1751 1141 1810 documenta
1178 1751 1315 1811 sint.

175 1847 316 1905 476.
364 1848 725 1905 Numismata
761 1846 938 1905 etiam
969 1846 1231 1905 conferre
1265 1845 1338 1905 ad
1379 1868 1507 1905 rem
1550 1845 1938 1906 Christianam
1973 1857 2209 1906 consta·-

91 1942 410 2002 biliendam
460 1964 530 2001 ex
582 1964 651 2002 eo
703 1941 1232 2023 deprehendimus,
1278 1941 1437 2024 quod
1482 1941 1719 2001 illorum
1766 1965 1876 2025 ope
1924 1942 2213 2002 librorum

90 2038 554 2097 Machabaeorum
597 2037 811 2097 veritas
852 2038 928 2096 sit
971 2037 1265 2096 vindicata
1305 2037 1580 2097 adversus
1631 2040 2062 2114 protestantes,
2111 2039 2213 2120 qui

91 2144 503 2208 autnmamnt,
547 2154 608 2192 se
640 2131 1011 2194 ineluctabile
1052 2154 1125 2192 ex
1155 2131 1524 2212 chronologia
1577 2134 1650 2191 ad
1690 2132 2037 2193 elevandam
2075 2133 2213 2192 illo-

91 2248 223 2285 rum
256 2230 658 2289 auctoritatem
699 2239 1112 2309 argumentum
1149 2229 1487 2310 opposui-sse
1520 2228 1630 2309 (4).
1677 2229 1841 2289 Idem
1875 2229 2102 2289 dicatur
2142 2227 2216 2289 de

167 2502 232 2565 (1)
270 2501 325 2549 ln
355 2519 432 2567 op.
469 2503 550 2551 cit.
585 2501 749 2551 Tavol.
778 2500 873 2550 xvi.
914 2501 996 2565 fig.
1031 2516 1077 2550 ι.

166 2584 230 2647 (2)
263 2583 386 2633 Sect.
427 2601 476 2644 ι,
514 2601 618 2649 cap.
664 2599 682 2630 1
708 2619 723 2641 ‚
766 2601 900 2649 prop.
933 2600 969 2631 ι.
1005 2581 1106 2631 cfr.

97 2664 377 2731 D’Agincurt
394 2703 407 2726 ‚
440 2663 630 2715 Pinare
660 2674 754 2715 tav.
779 2682 869 2725 vn,
895 2682 947 2713 n.
974 2662 1033 2724 3,
1058 2666 1109 2711 in

99 2766 187 2814 qua
202 2748 384 2796 exhibet
402 2750 600 2812 picturas
618 2756 872 2813 spectantes
887 2747 943 2794 ad
958 2763 1048 2795 sec.
1059 2762 1109 2806 u,

98 2847 150 2878 ex
178 2833 434 2878 coemeterio
461 2829 701 2891 Priscillae,
735 2830 846 2879 edit.
878 2828 1004 2878 Prat.

166 2911 230 2973 (3)
267 2911 325 2959 Ιιι
344 2921 473 2959 tract.
494 2910 575 2959 Dc
595 2910 726 2959 cultu
743 2910 913 2961 Sanct.
934 2929 1034 2977 cap.
1051 2929 1079 2958 v
1093 2947 1106 2971 ,

98 3009 229 3058 prop.
250 3011 314 3053 ιι,
348 3004 464 3042 tom.
494 3011 560 3042 lv.

166 3076 226 3139 (Ιι)
262 3075 466 3125 Celebris
505 3087 570 3125 est
612 3078 914 3125 controversia
940 3114 953 3136 ‚
1006 3090 1109 3141 quae

102 3155 309 3204 adversus
339 3160 392 3208 P.
426 3159 707 3208 Friilichium
735 3159 786 3209 S.
809 3159 856 3209 J.
889 3169 1011 3207 mota
1042 3166 1109 3206 est

103 3253 156 3284 ex
176 3242 404 3288 occasione
420 3277 435 3300 ‚
468 3259 558 3308 qua
587 3244 682 3306 ipse
704 3242 759 3290 ad
780 3242 1107 3289 adstruendam

105 3321 335 3369 veritatem
364 3326 600 3390 utriusque
624 3325 708 3375 lib.
729 3324 1105 3373 Machabaeorum

105 3412 260 3450 contra
288 3403 583 3456 protestantes
603 3445 617 3468 ‚
655 3419 812 3473 praeter
844 3412 1069 3457 anteriora
1091 3446 1105 3468 ‚

106 3483 197 3531 duo
214 3487 488 3536 numismata
506 3491 715 3553 protulit,
731 3488 924 3541 alterum
945 3510 1104 3540 cusum

101 3583 179 3613 an.
212 3562 337 3628 184,
374 3567 567 3618 alterum
597 3590 703 3622 vero
739 3591 818 3623 an.
858 3570 982 3634 185¹,
1018 3573 1105 3622 sub

102 3649 291 3697 nomine
317 3646 575 3711 Antiochi,
607 3655 658 3704 in
689 3673 770 3722 op.
796 3654 882 3706 Ad
915 3657 1103 3706 narnis-

1204 2507 1334 2546 mata
1357 2498 1537 2563 Requm
1572 2496 1804 2547 Veterum
1826 2499 2055 2550 anecdota
2077 2509 2122 2550 et
2137 2519 2220 2551 ra-

1195 2585 1360 2642 riom,
1393 2600 1497 2647 pag.
1526 2579 1610 2649 69.
1649 2580 1733 2630 His
1760 2582 1886 2630 aliud
1921 2584 2086 2650 adjecit
2113 2585 2213 2637 JOS.

1196 2663 1370 2713 Eckhel
1399 2665 1549 2730 ejusd.
1578 2664 1686 2714 Soc.
1719 2665 1844 2731 quod
1871 2683 2034 2715 cusum
2057 2669 2214 2732 perhi-

1194 2747 1329 2796 betur
1363 2758 1468 2795 ςΠΡ
1502 2766 1581 2795 seu
1609 2766 1688 2795 an.
1728 2745 1820 2796 186
1840 2752 1967 2814 regni
2006 2748 2214 2799 Seleuci-

1194 2830 1360 2879 darum
1379 2867 1392 2889 ,
1418 2833 1467 2878 in
1490 2829 1675 2895 Sylloqe
1703 2847 1718 2878 1
1749 2847 2057 2880 nummorum
2090 2842 2216 2882 vete-

1193 2929 1337 2973 rum,
1377 2912 1573 2960 Viennae
1612 2909 1770 2976 1786,
1807 2899 1912 2978 pag.
1948 2911 2011 2980 87
2033 2951 2046 2974 ,
2087 2924 2132 2963 et
2166 2918 2216 2964 in

1195 2993 1438 3042 Doctrina
1472 3010 1778 3041 nummorum
1815 3004 2056 3056 veterum,
2097 2995 2216 3045 Vin-

1195 3079 1376 3128 dobon.
1413 3093 1536 3146 ¹79²
1557 3115 1570 3137 ‚
1600 3088 1712 3127 tom.
1743 3096 1824 3138 ιιι,
1857 3097 1963 3144 pag.
1993 3077 2113 3129 236.
2149 3081 2215 3130 Ex

1197 3161 1372 3227 quibus
1417 3162 1609 3209 solvitur
1652 3160 1898 3209 difficultas
1945 3162 2142 3211 dedu-eta
2190 3182 2216 3213 a

1198 3243 1563 3292 protestantibus
1583 3261 1635 3290 ex
1656 3246 1923 3292 auctoritate
1938 3247 2215 3308 scriptorum

1197 3327 1502 3392 profanorum
1523 3362 1537 3385 ‚
1573 3328 1652 3390 qui
1683 3328 1732 3372 in
1764 3327 1916 3390 praelio
1947 3327 2218 3376 occubuisse

1198 3408 1478 3457 Antiochum
1491 3407 1756 3472 Evergetem
1773 3408 2104 3472 perhibentan.
2126 3407 2214 3455 182

1199 3506 1299 3537 aerae
1318 3487 1660 3539 Seleucidarum
1675 3525 1688 3545 ‚
1712 3507 1819 3538 cum
1835 3500 1988 3538 tamen
2010 3509 2063 3539 ex
2085 3490 2165 3537 lib.
2180 3506 2216 3537 ιι

1199 3571 1418 3621 Machab.
1455 3571 1753 3636 perhibeatur
1770 3572 2016 3620 defunctus
2041 3571 2099 3619 ad
2128 3572 2217 3618 mi-

1201 3672 1291 3704 nus
1322 3673 1402 3707 an.
1443 3651 1551 3703 186.
1586 3652 1735 3720 Quare
1766 3654 1904 3705 Eckel
1929 3656 1978 3702 in
1998 3656 2078 3702 cit.
2107 3650 2218 3717 Syl-
