2502 4134
330 191 482 231 PART.
534 193 594 228 11.
642 191 793 230 SECT.
843 191 906 227 11.
954 189 1080 228 CAP.
1132 190 1196 225 11.
1248 189 1314 225 DE

2050 163 2168 222 299

1361 188 1494 224 MED.
1545 185 1672 223 GRH.
1719 181 1884 222 TRAD.

145 335 284 395 455.
331 335 482 407 Quae·
499 332 544 391 si
573 353 692 415 prae
719 330 898 390 oculis
917 329 1246 390 habeantur
1265 374 1280 402 7
1311 327 1474 389 facile
1502 327 1612 387 erit
1634 329 1870 385 Patrum
1889 321 2172 389 obtrecta-

59 430 279 491 toribus
299 451 361 487 os
383 427 685 487 obstruere
705 473 720 501 ,
767 427 905 485 dum
936 426 1029 485 vel
1062 446 1262 484 eorum
1304 444 1527 482 errores
1555 423 1617 480 in
1653 421 1844 480 critice
1869 465 1886 495 ,
1930 421 1991 477 in
2016 419 2170 501 phy-

59 527 222 598 siciS‚
259 525 322 583 in
359 523 682 602 exegetica,
707 523 767 580 in
809 521 1049 580 historia
1075 566 1090 594 7
1128 520 1191 578 in
1221 517 1612 600 peculiaribus
1656 516 1962 575 sententiis
1998 535 2172 593 exag-

62 630 266 701 gerant
303 620 390 700 (1)
413 643 429 691 τ,
457 618 720 698 quamvis
748 617 906 676 enim
939 615 1327 674 admittantur
1349 610 1632 689 ejusmodi
1656 612 1808 670 naevi
1841 610 1902 668 in
1927 612 2166 669 Patrum

56 714 253 788 libris,
296 734 417 771 non
467 711 596 770 ideo
647 722 996 771 extenuatur
1029 710 1288 791 ipsorum
1340 705 1685 776 auctoritaS,
1736 704 1972 786 quando
1996 710 2164 783 juxta

55 808 233 870 modo
269 807 554 889 expositas
588 805 812 884 regulas
845 804 1024 865 veluti
1053 814 1231 862 testes
1269 799 1619 860 Traditionis
1647 810 1821 881 atque
1843 799 2167 860 communis

57 903 192 963 fidei
236 924 296 963 se
330 900 597 984 praebent
630 901 738 980 (2).

126 1093 198 1156 (1)
233 1093 392 1158 Inepte
419 1107 607 1157 prorsus
641 1091 701 1139 ad
747 1089 938 1138 Petrum
983 1106 1067 1137 au-

56 1176 315 1224 ctoritatem
333 1173 636 1222 minuendam
656 1170 883 1237 ejusmodi
896 1184 1071 1219 errores

57 1256 119 1307 ab
150 1256 372 1304 haereticis
395 1252 676 1318 objiciuntur
692 1288 707 1313 ‚
739 1268 795 1301 ac
822 1252 1071 1300 novissime

55 1354 84 1386 a
122 1335 452 1384 Shuttleworth
471 1371 485 1395 ,
526 1351 606 1399 op.
646 1335 725 1383 cit.
770 1350 875 1398 pag.
919 1329 985 1396 46
1025 1341 1070 1381 et

55 1433 187 1482 seqq.
216 1433 323 1464 cum
354 1433 492 1464 nemo
517 1413 856 1463 Catholicorum
878 1416 963 1475 sit,
987 1415 1069 1480 qui

54 1495 232 1562 regulas
250 1512 344 1545 non
360 1497 553 1560 assignet
565 1495 850 1544 adhibendas
874 1497 923 1543 in
944 1504 1068 1543 recto

50 1579 335 1628 auctoritatis
359 1577 544 1625 Patrum
577 1595 681 1627 usu.

121 1659 183 1722 (2)
221 1660 290 1707 Ex
318 1660 419 1720 his,
443 1675 547 1725 quae
579 1659 802 1708 hactenus
824 1662 947 1708 circa
977 1658 1067 1708 Pa-

54 1752 178 1791 trum
203 1743 521 1790 auctoritatem
553 1743 901 1801 constituimus,
930 1741 1068 1790 refel-

54 1821 166 1871 litur
181 1858 195 1883 ,
225 1823 350 1889 quod
377 1823 436 1871 ab
456 1822 796 1872 Oxoniensibus
812 1824 997 1873 refundi
1018 1826 1068 1871 in

55 1904 317 1953 Catholicos
338 1904 486 1966 solet,
517 1922 593 1954 eos
625 1905 837 1954 videlicet
863 1905 1069 1970 profiteri

59 1988 402 2035 venerationem
420 2004 524 2052 erga
542 1985 730 2035 Patrum
748 1989 1067 2037 auctoritatem

53 2068 103 2115 in
116 2067 341 2117 abstracto
357 2070 452 2118 sive
465 2066 709 2118 theoretice
724 2106 738 2129 ,
754 2070 941 2135 rejicere
960 2087 1068 2119 vero

54 2149 106 2197 in
141 2152 302 2215 praxi,
340 2168 449 2199 cum
484 2150 571 2199 sibi
608 2150 898 2200 adversantes
928 2168 1068 2216 expe—

57 2232 254 2280 riuntur.
291 2231 423 2280 Hanc
463 2235 801 2282 accusationem
839 2236 963 2283 inter
991 2250 1069 2282 ce-

58 2322 176 2361 teros
205 2323 476 2378 promovent
503 2312 685 2362 Palmer
714 2330 770 2362 ac
796 2313 1069 2378 Niewman3

58 2396 182 2459 prior
205 2396 332 2443 enim
362 2396 413 2443 in
440 2396 518 2442 cit.
549 2394 717 2444 Tract.
747 2394 805 2442 de
819 2393 1066 2457 Ecclesia,

57 2476 152 2525 vol.
184 2493 247 2535 ιι,
272 2486 390 2542 part.
424 2493 504 2536 111,
529 2493 634 2542 cap.
671 2476 733 2536 3,
766 2494 872 2542 pag.
901 2473 961 2526 61
979 2514 995 2539 ,
1019 2479 1071 2525 in

58 2567 156 2606 not.
191 2553 332 2624 hujus
361 2558 525 2623 agendi
552 2559 741 2606 rationis
770 2568 955 2607 accusat
982 2558 1072 2606 Mi-

55 2638 265 2688 chaelem
283 2638 472 2688 Medina
494 2649 540 2688 et
557 2639 908 2702 Maldonatum3
936 2639 1070 2689 New·

55 2735 168 2768 man
205 2735 312 2768 vero
351 2721 533 2768 incusat
567 2730 778 2786 praeterea
803 2758 817 2781 ,
860 2720 967 2770 lect.
1002 2738 1035 2769 u
1054 2759 1068 2781 ‚

53 2817 156 2866 pag.
189 2799 254 2850 62
283 2811 327 2850 et
347 2818 482 2868 seqq.
510 2801 747 2851 Petavium
766 2839 779 2863 ,
808 2804 998 2868 perinde
1021 2821 1073 2852 ac

55 2883 94 2930 si
111 2880 402 2932 Confessores
430 2900 484 2932 ac
497 2883 717 2949 Martyres
737 2886 1072 2934 ante-nicaenos

55 2981 150 3014 nna
166 2982 275 3014 cum
288 2964 499 3015 Patribus
515 2965 817 3016 heterodoxiae
838 2970 958 3017 circa
972 2967 1074 3017 Tri-

56 3047 247 3095 nitatem
264 3065 367 3099 reos
385 3048 543 3097 fecerit
557 3086 571 3110 ‚
590 3051 701 3098 item
714 3049 1064 3111 Bellarminum,

58 3144 112 3176 eo
140 3129 266 3194 quod
290 3131 539 3180 nonnullos
564 3130 720 3181 Patres
744 3131 866 3181 circa
890 3133 1066 3198 Purga-

60 3209 226 3258 toriui'n
260 3211 385 3263 haud
413 3225 533 3265 recte
557 3217 608 3264 in
628 3216 846 3265 omnibus
877 3218 1069 3266 sensisse

61 3288 365 3344 affirmaverit.
389 3295 514 3346 Dum
538 3298 645 3347 talia
666 3298 927 3347 obtrudunt
941 3298 1069 3348 Oxo-

61 3371 243 3421 nienscs
252 3408 267 3435 ,
282 3376 393 3440 quid
404 3379 682 3429 intendunt?
697 3379 747 3429 Si
762 3381 1065 3442 contendant,

69 3449 325 3503 Catholicos
375 3456 555 3509 Pati-um
605 3465 918 3513 auctoritatem
971 3482 1065 3512 res-

1153 1105 1318 1153 puere,
1343 1096 1479 1153 prout
1504 1094 1638 1134 testes
1655 1085 1723 1133 illi
1737 1082 1849 1135 sunt
1863 1087 2169 1147 Traditionis‚

1153 1170 1450 1218 vehementer
1467 1177 1645 1228 errant,
1666 1185 1774 1216 cum
1802 1169 1893 1218 hoc
1918 1181 2070 1235 aperte
2088 1171 2171 1220 ad-

1153 1261 1357 1300 versetur
1398 1252 1605 1316 ipsorum
1638 1249 1894 1315 doctrinae3
1938 1254 1975 1300 si
2015 1262 2170 1302 autem

1151 1332 1296 1381 velint
1315 1369 1328 1391 ,
1374 1330 1636 1381 Catholicos
1674 1331 1799 1380 haud
1839 1350 1956 1381 caeca
1995 1335 2172 1382 ratione
2197 1364 2199 1366 -

1151 1413 1337 1463 Petrum
1369 1415 1684 1463 auctoritatem
1701 1415 1863 1462 sectari
1885 1415 1937 1462 in
1957 1413 2042 1475 iis,
2067 1430 2172 1482 quae

1151 1495 1292 1544 fidem
1334 1512 1431 1542 non
1470 1497 1732 1560 attingunt,
1765 1495 1847 1544 sed
1880 1512 1957 1545 eos
1992 1497 2170 1560 exigere
2198 1523 2201 1525 ·

1151 1577 1211 1626 ad
1228 1577 1453 1644 quasdam
1471 1593 1659 1626 normas
1673 1613 1687 1637 ,
1707 1575 1915 1626 fatentur
1938 1578 2029 1627 hoc
2047 1580 2171 1644 ipso,

1151 1676 1227 1708 eos
1240 1659 1471 1708 delectum
1490 1658 1741 1725 quemdam
1753 1660 1926 1709 habere
1940 1659 1993 1707 in
2007 1677 2171 1709 eorum

1152 1743 1389 1790 sententiis
1408 1759 1482 1790 am
1490 1742 1757 1806 plectendis.
1771 1740 2015 1802 Ceterum,
2032 1742 2171 1808 quid-

1151 1824 1266 1890 quid
1309 1826 1369 1872 sit
1413 1824 1471 1873 de
1508 1824 1698 1873 Medina
1718 1861 1732 1884 ‚
1767 1841 1906 1890 quem
1948 1833 2172 1873 nostrates

1151 1905 1294 1956 etiam
1319 1908 1584 1956 temeritatis
1604 1909 1839 1966 incusant,
1864 1906 1978 1955 dum
1999 1908 2171 1955 aeriani

1151 1989 1319 2036 erroris
1346 1997 1411 2035 tot
1441 1986 1598 2036 Patres
1628 1986 1867 2036 insimulat
1882 1986 2054 2053 absque
2074 1984 2169 2035 ullo

1151 2068 1224 2118 vel
1249 2069 1340 2118 levi
1364 2069 1697 2130 fundamento,
1723 2078 1845 2118 certe
1859 2067 2080 2118 Newman
2097 2086 2171 2117 os·

1152 2151 1326 2210 tendit,
1347 2168 1395 2200 se
1413 2168 1656 2217 nunqnam
1676 2149 1842 2217 legisse
1857 2151 2168 2216 praefationem

1151 2236 1203 2281 in
1234 2250 1312 2281 sex
1348 2235 1495 2297 capita
1528 2234 1792 2281 distinctam
1815 2264 1829 2292 ,
1865 2250 2008 2298 quam
2038 2231 2169 2280 libris

1153 2315 1211 2364 de
1234 2313 1464 2363 Trinitate
1489 2312 1680 2378 praefixit
1699 2313 1931 2363 Patavina.
1958 2312 2051 2362 Sed
2077 2312 2169 2361 hoe

1154 2396 1212 2444 de
1237 2404 1510 2460 argumento
1538 2395 1626 2444 cfr.
1646 2394 1859 2444 Zaccaria
1876 2431 1891 2455 ,
1915 2397 1966 2442 in
1996 2393 2168 2443 Petavii

1153 2477 1381 2542 apologia.
1414 2475 1582 2525 Praeter
1611 2486 1821 2525 auctores
1851 2461 2045 2535 citatos,
2077 2474 2164 2523 cfr.

1153 2561 1273 2606 circa
1319 2557 1504 2606 Patrum
1552 2559 1871 2606 auctoritatem
1913 2573 2168 2622 eorumque

1155 2657 1292 2689 usum
1309 2674 1325 2702 ‚
1359 2639 1715 2699 Thomassinus‚
1733 2638 1785 2687 in
1805 2649 1995 2687 tractatu
2025 2654 2071 2699 1,
2096 2635 2169 2687 De

1153 2719 1394 2786 theoloqiae
1415 2719 1791 2787 proleqomenis,
1821 2723 1902 2787 qni
1927 2730 2100 2786 prostat
2116 2722 2168 2768 in

1153 2801 1441 2869 Doqmatum
1480 2802 1875 2867 theoloyicorum,
1924 2812 2042 2851 tom.
2078 2818 2163 2861 111,

1155 2886 1300 2935 Paris.
1327 2883 1484 2952 16893
1503 2889 1614 2934 item
1634 2884 1931 2934 Prodromus
1956 2885 2021 2933 ad
2044 2882 2170 2933 theo-

1154 2968 1332 3034 loqiam
1345 2965 1965 3034 dogmatico-scholasticam
1979 2965 2032 3016 P.
2047 2965 2166 3015 Gau·

1149 3054 1235 3100 tier
1247 3048 1360 3100 S.J.
1375 3052 1426 3098 in
1448 3049 1696 3098 Thesauro
1708 3048 1962 3109 Zachariae,
1987 3059 2103 3098 tom.
2119 3064 2163 3108 1,

1149 3150 1254 3198 cap.
1273 3150 1302 3181 2
1321 3171 1335 3193 ‚
1357 3144 1444 3182 art.
1464 3130 1528 3194 63
1559 3132 1629 3181 De
1652 3132 1848 3198 Moissy‚
1867 3130 1944 3183 La
1956 3130 2166 3180 methode

1149 3215 1264 3264 dont
1290 3213 1355 3264 les
1384 3218 1536 3265 Peras
1567 3232 1617 3263 se
1644 3222 1752 3264 sont
1777 3215 1928 3263 servis
1951 3230 2011 3262 en
2039 3213 2163 3262 trai-

1149 3305 1254 3345 tant
1283 3297 1365 3346 des
1393 3298 1641 3363 mysteres,
1684 3296 1812 3345 Paris
1853 3293 1996 3346 1683.
2023 3295 2165 3356 Quod

1150 3389 1438 3445 postremum
1457 3398 1570 3445 opus
1591 3398 1618 3430 a
1631 3379 1846 3430 Bossueto
1863 3376 2166 3428 commenda-

1149 3472 1249 3511 tum
1277 3463 1382 3513 fuit.
