2502 4134
260 163 343 220 28

861 184 1056 221 TRACT.
1105 185 1171 220 DE
1217 183 1370 221 LOCIS
1414 182 1796 221 THEOLOGICIS.

263 347 491 387 -caenum
513 372 528 401 a
577 336 783 409 utpote
838 327 1225 410 particulare,
1273 326 1424 386 solos
1469 330 1764 389 recensuit
1814 327 1996 388 libros
2047 335 2400 404 canonicos,

261 424 367 505 qui
396 444 613 503 nempe
657 423 1118 484 continebantur
1156 425 1218 482 in
1256 444 1479 483 canone
1522 423 1908 484 Hebraeorum
1952 426 2220 485 omnium
2259 449 2401 485 con-

263 540 441 577 sensu
470 530 744 600 recept0‚
793 520 1018 598 adJecto
1055 532 1258 579 tamen
1302 516 1452 578 libro
1497 520 1758 594 Baruchz,
1801 522 1876 580 de
1917 519 2157 604 reliquis
2194 522 2403 581 maluit

266 613 467 687 silere,
507 613 694 674 donec
725 614 799 674 ab
837 615 1087 676 Ecclesia
1123 613 1440 673 universali
1472 614 1696 696 aliquid
1728 616 2141 676 decerneretur
2170 618 2281 697 (1).
2315 620 2402 677 Ne

267 731 407 770 vero
452 709 741 791 longiores
779 710 1251 782 simus2eadem
1293 711 1482 791 aptari
1525 709 1704 771 debet
1748 715 2051 794 responsio
2095 713 2401 788 Patribus7

265 807 391 867 sive
440 807 823 867 orientalibus
876 808 999 868 sive
1048 805 1513 866 occidentalibus
1544 853 1560 882 ,
1623 807 1723 889 qui
1779 808 1948 869 nobis
2004 810 2361 890 objiciuntur
2387 856 2402 885 ,

263 923 516 984 quorum
546 903 735 963 :etiam
772 924 981 984 scopus
1024 902 1231 962 unicus
1270 902 1380 960 fuit
1417 903 1480 961 in
1514 903 1631 961 suis
1675 902 1950 983 catalogis
1983 903 2272 965 librorum
2309 928 2407 966 oa-

264 999 610 1058 nonicorum
659 1020 757 1058 eos
805 1008 1040 1056 tantum
1090 1019 1440 1072 recensere,
1487 999 1588 1079 qui
1637 999 1698 1056 in
1751 1019 1975 1059 canone
2027 999 2408 1062 Hebraeorum

263 1093 755 1169 continebantur-3
801 1094 937 1176 quia
987 1092 1235 1175 reliqui,
1278 1092 1548 1152 nondum
1593 1114 1818 1153 canone
1864 1094 1938 1153 ab
1986 1093 2233 1154 Ecclesia
2270 1102 2407 1156 conss

262 1190 451 1267 fecto,
489 1192 682 1273 reipsa
722 1190 987 1250 canonici
1029 1211 1408 1271 nequaquam
1448 1200 1620 1247 erant
1664 1189 1777 1268 (2).

347 1287 447 1348 38.
494 1288 775 1348 Ceterum
796 1331 812 1360 .,
854 1297 920 1346 ut
958 1286 1223 1368 positivis
1259 1285 1612 1345 testimoniis
1642 1285 1929 1345 elucescat
1964 1286 2181 1347 veritas
2217 1309 2410 1369 nuper

264 1383 417 1444 datae
452 1383 845 1443 distinctionis
878 1383 1034 1442 inter
1057 1380 1236 1440 libros
1263 1382 1573 1441 canonicos
1602 1392 1661 1441 et
1690 1381 1921 1443 divinos
1943 1428 1958 1458 7
2004 1382 2292 1443 nonnulla
2316 1383 2411 1442 hic

266 1480 576 1560 subjiciere
612 1491 875 1563 praestat.

348 1577 448 1637 39.
499 1578 820 1657 OrigeneS„
858 1578 925 1635 in
969 1574 1185 1635 celebri
1233 1574 1307 1634 ad
1358 1575 1695 1635 Africanum
1738 1575 2020 1658 epistola,
2073 1597 2193 1634 non
2240 1575 2302 1633 in
2342 1595 2413 1634 eo

267 1674 458 1733 solum
506 1684 664 1732 totus
696 1685 824 1748 est7
874 1684 941 1732 ut
981 1671 1165 1732 veluti
1206 1672 1524 1752 genuinam
1559 1683 1626 1731 ac
1666 1693 1889 1731 sacram
1929 1671 2236 1731 historiam
2277 1671 2411 1730 vin-

265 1769 419 1830 dicet
468 1771 749 1829 Susannae
781 1816 796 1844 .,
849 1768 953 1829 sed
998 1769 1240 1851 insuper
1291 1767 1431 1827 alios
1488 1767 1669 1827 libros
1713 1766 2120 1851 librorumque
2167 1778 2363 1848 partes
2393 1812 2409 1836 ,

266 1887 393 1950 quae
435 1866 498 1925 in
533 1860 760 1926 canon'e
795 1863 1185 1926 Hebraeorum
1212 1886 1334 1923 non
1364 1865 1747 1923 continentur
1767 1910 1781 1939 7
1813 1875 1879 1922 ut
1911 1863 2199 1945 hymnum
2229 1863 2411 1921 trium

263 1984 582 2046 puerorum
605 2009 621 2037 ,
655 1962 967 2022 historiam
989 1960 1110 2022 Beli
1134 1972 1194 2020 et
1221 1960 1500 2020 Draconis
1519 2005 1535 2035 ,
1569 1971 1628 2019 et
1651 1958 1734 2019 sic
1760 1971 1963 2020 vocata
1993 1960 2412 2018 additamenta

267 2058 503 2134 Esther,
533 2058 948 2141 concluditque
972 2080 987 2118 z
1029 2058 1293 2137 Tempus
1321 2067 1404 2115 est
1425 2059 1649 2135 ὁρίων,
1675 2061 1735 2114 si
1761 2061 1883 2114 hoeo
1912 2076 2020 2114 nos
2049 2076 2169 2113 non
2195 2056 2413 2123 latent,

264 2157 588 2237 abrogare,
628 2179 764 2236 quoe
796 2160 867 2214 in
916 2155 1206 2216 Ecclesz'is
1231 2156 1536 2233 feruntur
1573 2146 1977 2231 exemplaria,
2010 2161 2067 2210 et
2102 2150 2414 2230 fratribus

264 2255 382 2333 {eye
407 2258 776 2333 praecipere,
808 2263 877 2310 ut
906 2253 1184 2330 abjecti&
1206 2271 1351 2329 quos
1364 2270 1550 2330 penes
1579 2271 1637 2307 se
1661 2249 1913 2316 habent,
1945 2252 2140 2306 sacris
2165 2247 2374 2305 Libris
2389 2288 2410 2317 ,

265 2351 578 2408 adulando
621 2348 865 2408 Judoeis
897 2347 1343 2428 persuadeant,
1381 2356 1438 2403 et
1464 2356 1536 2403 uc
1570 2346 1742 2403 nobis
1756 2365 1950 2423 puros
1963 2387 1986 2417 ,
2022 2355 2079 2403 et
2110 2347 2221 2423 qui
2255 2341 2417 2401 m‘ln‘l

266 2448 533 2507 habeant
560 2446 866 2526 flymena,
910 2448 1274 2525 impertiant
1313 2441 1426 2524 (3).
1475 2443 1745 2502 Testatur
1780 2452 2061 2525 praeterea
2085 2482 2104 2516 ‚
2143 2437 2410 2500 ecclesias

338 2707 410 2773 (l)
448 2707 742 2757 Celebratum
782 2718 851 2757 est
877 2707 1141 2757 Concilium
1170 2707 1296 2755 istud

262 2795 394 2858 juxta
436 2792 802 2840 verisimiliorem
845 2793 1119 2841 sententiam
1169 2807 1294 2838 anno

269 2877 387 2942 37²·
406 2874 503 2924 cfr.
524 2874 822 2923 Cabassutius
841 2911 854 2933 ‚
889 2874 1080 2922 Notitia
1103 2871 1293 2921 Concil.

267 2963 318 3008 in
349 2960 470 3008 hanc
493 2957 768 3026 Synodum3
788 2960 897 3006 item
920 2956 1147 3005 Harduin.
1166 2955 1294 3005 Acta

271 3041 419 3091 Conc-
452 3053 571 3090 tom.
608 3058 653 3102 ι,
687 3040 782 3089 col.
811 3036 932 3106 778.
961 3037 1295 3087 Convenerunt

267 3135 421 3172 autem
453 3125 511 3172 ad
543 3125 633 3172 hoc
655 3122 919 3172 Concilium
938 3122 1093 3170 Patres
1117 3121 1298 3185 viqinti

269 3205 395 3263 duo,
433 3224 530 3254 non
561 3217 715 3254 autem
734 3244 747 3265 ‚
789 3213 840 3254 ut
868 3204 1029 3254 scribit
1055 3203 1260 3252 Dombre
1279 3241 1292 3263 ‚

271 3288 594 3338 trente-deux.
630 3287 794 3354 Quoad
828 3289 973 3338 libros
1013 3287 1131 3336 Novi
1166 3286 1291 3335 Test.

273 3392 435 3423 omnes
450 3386 657 3425 recenset
670 3385 830 3440 praeter
840 3374 1184 3439 Apocalypsim3
1195 3375 1294 3439 jam

273 3475 378 3506 vero
415 3460 452 3505 si
491 3457 853 3506 protestantibus
879 3467 995 3506 esset
1027 3454 1293 3505 auscultan-

274 3541 388 3589 dum
409 3578 422 3599 ‚
466 3542 547 3606 qui
577 3550 742 3605 urgent
773 3538 1041 3588 Concilium
1069 3537 1293 3587 Laodice-

275 3640 390 3671 num
405 3661 418 3684 ,
443 3633 495 3671 ut
513 3622 631 3671 illud
648 3631 885 3689 opponant
904 3621 1084 3671 decreto
1099 3619 1297 3669 Triden-

275 3707 374 3755 tino
405 3744 418 3767 ‚
467 3705 652 3755 deberet
696 3723 722 3755 e
761 3722 941 3754 canone
983 3703 1183 3770 expungi
1219 3703 1296 3751 hic

1379 2705 1500 2754 liber
1518 2743 1531 2764 ‚
1563 2722 1703 2771 quem
1727 2676 1887 2753 tamen
1913 2705 2001 2768 ipsi
2033 2704 2281 2766 recipiunt.
2309 2700 2409 2750 Cfr.

1377 2789 1682 2837 Cabasautius
1696 2826 1709 2848 ,
1738 2805 1815 2852 op.
1849 2798 1892 2836 et
1908 2787 1998 2835 loc.
2018 2789 2099 2835 cit.
2119 2787 2177 2834 ad
2196 2803 2297 2834 can.
2316 2801 2408 2833 ux.

1377 2870 1436 2918 Et
1452 2871 1555 2919 haec
1578 2871 1769 2937 quidem
1793 2872 1844 2917 in
1866 2868 2116 2935 hypothesi
2137 2869 2194 2917 de
2213 2869 2412 2916 veritate

1376 2971 1483 3003 can.
1520 2971 1572 3001 tx
1611 2953 1754 3019 hujus
1789 2951 2020 3011 Concilii,
2063 2968 2218 3018 quernx
2245 2956 2408 2998 tamen

1377 3035 1502 3084 haud
1524 3035 1794 3102 spernendis
1813 3035 2069 3083 rationibus
2087 3032 2305 3082 nonnulli
2323 3033 2411 3078 cri.

1378 3121 1455 3168 tici
1482 3121 1550 3167 uti
1583 3119 1870 3167 adscititium
1900 3118 2096 3167 habent.

1448 3202 1513 3266 (2)
1554 3201 1749 3265 Intelligi
1770 3202 1818 3249 id
1841 3199 1978 3249 debet
1998 3200 2056 3248 de
2071 3198 2275 3247 Ecclesia
2297 3199 2403 3244 uni-

1378 3282 1542 3335 versali
1563 3322 1575 3343 ‚
1612 3303 1690 3333 seu
1728 3285 1786 3332 de
1820 3300 1997 3332 canone
2026 3283 2107 3348 qui
2136 3282 2407 3329 universam

1377 3366 1630 3416 Ecclesiam
1649 3367 1978 3431 adstringeret3
1999 3381 2107 3412 nam
2126 3362 2183 3411 de
2202 3362 2405 3410 Ecclesia

1375 3450 1617 3509 Romana,
1648 3449 1831 3497 nullum
1862 3447 2085 3507 dubium,
2109 3436 2162 3494 ut
2185 3463 2239 3493 ex
2271 3445 2408 3493 dictis
2479 3472 2483 3475 ·

1376 3544 1529 3600 patet,
1563 3535 1678 3600 quin
1703 3549 1883 3596 semper
1910 3547 2045 3578 suum
2064 3545 2293 3576 canonem
2315 3526 2401 3573 ba-

1377 3618 1556 3667 buerit.

1449 3699 1513 3763 (5)
1542 3696 1662 3766 Ὥρα
1689 3696 1851 3758 τοίνυν,
1892 3700 1927 3745 εἰ
1947 3693 2012 3759 [ιη’
2034 3692 2250 3744 λανθάνει
2287 3694 2407 3754 ἡμᾶς
