2502 4134
453 98 611 156 nur.
642 84 732 152 111,
774 114 925 153 sacr.
975 114 1044 152 11.
1091 113 1216 153 car.
1265 113 1358 151 ιιι.
1407 113 1477 150 nn
1519 91 1951 150 insumamus.
2123 91 2246 152 583

131 261 178 320 si
213 257 450 340 quidem
489 235 803 315 catholicus
843 252 1046 313 haberi
1087 251 1228 314 velit
1261 264 1323 314 et
1356 254 1468 328 sit,
1501 273 1755 335 purum,
1794 263 2054 329 sartum,
2090 252 2248 313 inte-

128 374 298 434 grum-
336 350 625 411 custodire
659 349 839 410 debet
869 359 930 409 et
962 347 1195 409 tradere
1226 348 1342 430 (l),

993 539 1238 601 CAPUT
1279 539 1380 600 111.

167 732 237 769 DE
279 726 690 768 msTRUnEN'rls
721 726 820 764 SEU
859 721 1082 780 MEDHS,
1113 726 1244 778 QUAE
1272 725 1560 765 THEOLOGO
1603 726 1737 766 Usm
1781 726 1907 766 ESSE
1952 724 2214 764 Possunt.

209 908 350 970 359.
400 909 616 966 Praeter
651 905 876 979 fontes,
924 903 1000 965 de
1034 903 1246 987 quibus
1287 905 1351 964 in
1393 905 1502 965 hac
1540 907 1887 967 tractatione
1931 908 2154 988 egimus
2194 919 2257 968 et

127 1027 199 1068 ex
236 1001 446 1086 quibus
481 999 786 1080 theologus
821 1022 953 1059 suas
991 999 1226 1061 haurire
1269 999 1446 1061 debet
1486 1001 1861 1083 probationes
1881 1047 1899 1078 ,
1938 1002 2106 1085 plura
2145 1002 2255 1062 alia

128 1100 204 1160 ad
238 1120 366 1159 rem
401 1095 747 1156 catholicam
787 1094 1210 1174 adserendam,
1254 1094 1668 1160 illustrandam
1707 1118 1774 1156 ac
1808 1097 2095 1165 tuendam
2123 1096 2258 1156 sub-

128 1193 271 1253 sidia
303 1191 413 1252 sibi
441 1202 742 1274 comparet
778 1211 1012 1266 necesse
1046 1200 1154 1249 est.
1194 1189 1461 1251 Subsidia
1492 1191 1618 1251 haec
1638 1235 1656 1267 ,
1695 1213 1822 1273 quae
1849 1195 2258 1266 instrumenta

126 1289 461 1351 vocavimus
495 1308 598 1347 seu
633 1285 860 1364 media,
897 1285 1010 1346 alia
1044 1291 1372 1347 intrinseca
1406 1297 1466 1346 et
1500 1287 1738 1370 propria
1779 1287 2034 1348 scientiae
2081 1297 2259 1364 sunt,

126 1386 461 1444 extrinseca
492 1381 604 1440 alia
636 1392 696 1442 et
730 1381 913 1445 veluti
942 1380 1180 1442 a'liunde
1216 1381 1455 1441 adscita.

206 1475 348 1534 360.
395 1475 737 1535 Intrz'nseoa
766 1494 942 1554 porro
979 1486 1119 1531 sunt
1156 1477 1454 1555 Scriptura
1489 1488 1552 1537 et
1579 1475 1838 1536 Traditio
1862 1497 1997 1536 cum
2030 1477 2099 1536 iis
2126 1497 2258 1536 om-

130 1569 342 1645 nihuS,
373 1590 504 1652 quae
535 1567 610 1627 ad
632 1589 728 1628 eas
754 1567 1121 1642 referuntur,
1150 1588 1409 1649 quasque
1427 1569 1523 1627 hic
1546 1582 1898 1651 spectamus,
1929 1594 2051 1631 non
2065 1571 2258 1631 solum

129 1676 416 1747 quatenus
446 1663 602 1722 locos
632 1661 983 1742 theologicos
1011 1662 1381 1720 constituunt
1421 1684 1488 1722 ac
1526 1675 1775 1723 remotas
1810 1665 1947 1725 fidei
1981 1665 2209 1745 regulas
2237 1710 2254 1740 ,

128 1781 337 1822 verum
374 1758 556 1818 etiam
603 1757 723 1816 imo
753 1756 1119 1838 potissimum
1152 1756 1217 1814 in
1247 1757 1453 1816 ordine
1487 1757 1564 1816 ad
1594 1759 2032 1838 cognitionem,
2079 1782 2258 1842 quam

128 1853 241 1915 sibi
269 1854 345 1914 de
379 1853 496 1913 illis
534 1851 839 1931 theologiae
878 1851 1206 1911 canditatus
1242 1872 1582 1935 comparare
1621 1852 1820 1913 debet.
1855 1856 1982 1928 Quo
2012 1853 2122 1913 sub
2158 1853 2257 1914 ad-

127 1961 332 2032 spectu
370 1949 805 2030 Scripturarum
842 1947 1093 2027 cognitio
1130 1946 1541 2029 complectitur
1578 1948 1839 2030 criticam
1863 1994 1880 2024 ,
1926 1949 2249 2029 exegesim,

126 2045 667 2117 hermeneuticam,
703 2042 1132 2122 linguisticam,
1170 2042 1630 2125 archaeologiam
1669 2044 1926 2104 Traditio
1966 2065 2105 2106 vero
2142 2044 2258 2104 his-

129 2141 340 2201 toriam
377 2134 755 2220 dogmatum,
799 2150 1187 2197 monumenta
1223 2138 1642 2214 ecclesiastica,
1681 2140 2080 2250 patristicam,
2117 2160 2252 2199 cum

131 2235 404 2316 reliquiS,
445 2256 575 2316 quae
608 2255 712 2292 suo
754 2233 881 2292 loco
925 2233 1334 2315 expendimus

213 2329 351 2388 361.
398 2331 642 2388 Necesse
678 2339 878 2388 autem
915 2350 1038 2387 non
1074 2339 1195 2404 est,
1223 2339 1288 2387 ut
1312 2328 1538 2408 singula
1562 2327 1684 2389 haec
1712 2330 1900 2412 capita
1936 2350 2255 2412 persequa—

133 2445 301 2500 mur,
324 2445 458 2483 cum
485 2424 624 2482 satis
654 2422 887 2482 abunde
923 2422 995 2483 de
1023 2422 1138 2482 illis
1163 2425 1450 2502 egerimus
1477 2425 1541 2482 in
1570 2424 1761 2505 priore
1788 2424 2054 2485 secundae
2082 2423 2255 2503 hujus

131 2518 490 2578 tractationis
524 2519 706 2601 partis
741 2519 1019 2579 sectione.
1053 2517 1207 2578 Illud
1229 2529 1465 2578 tantum
1495 2518 2054 2594 animadvertimuS,
2095 2519 2254 2601 quod

132 2614 275 2673 dum
309 2615 624 2673 historiam
647 2615 994 2695 doqmatum
1023 2614 1610 2674 commemoravimus
1628 2659 1644 2689 ,
1670 2614 1831 2673 haud
1861 2615 2251 2694 significemus

131 2712 581 2791 uniuscujusque
627 2709 914 2790 dogmatis
959 2710 1278 2790 originem,
1319 2721 1495 2791 prout
1543 2709 1800 2770 haeretici
1847 2720 2022 2790 atque
2058 2709 2120 2767 in
2166 2708 2256 2768 his

132 2805 424 2885 praecipue
450 2804 824 2865 rationalistae
847 2804 1171 2885 intelligere
1196 2815 1647 2866 consueverunt.
1678 2803 1980 2886 Siquidem
2007 2802 2118 2862 alia
2142 2802 2261 2862 illis

137 2901 294 2980 origo
330 2900 442 2959 nisi
473 2900 671 2961 divina
703 2901 983 2962 revelatio
1022 2922 1133 2962 nec
1174 2912 1263 2960 est
1292 2922 1402 2960 nec
1435 2921 1561 2961 esse
1595 2911 1807 2983 potest.
1846 2901 1952 2960 Ast
1987 2921 2094 2982 per
2131 2898 2258 2958 his-

138 2997 351 3056 toriam
392 2997 566 3056 istam
607 2997 779 3057 unice
823 2997 1124 3056 innuimus
1172 2996 1454 3076 originem
1503 2995 1958 3078 impugnationis
2004 2993 2259 3074 cujusvis

211 3185 275 3247 (1)
309 3185 526 3236 Praeclare
560 3190 728 3236 iterum
764 3187 1038 3237 Vincentius
1068 3187 1149 3236 Li·
1236 3203 1349 3235 rum
1375 3185 1518 3234 redde
1549 3202 1567 3233 .-
1595 3185 1703 3234 nolo
1734 3185 1862 3234 mihi
1886 3201 1978 3252 pro
2010 3183 2123 3234 aliis
2153 3183 2257 3233 alia

140 3269 363 3328 rinensis,
396 3271 656 3335 theologum
681 3270 953 3337 alloquens:
977 3269 1154 3319 Catho-
1236 3267 1472 3334 subjicias
1487 3288 1506 3329 ,-
1538 3267 1646 3316 nolo
1666 3271 1759 3333 pro
1782 3262 1920 3316 ¹auro
1952 3275 2038 3316 aut
2067 3269 2255 3332 impru-

145 3346 254 3396 h‘coe
277 3349 427 3411 fidei,
462 3352 646 3418 inquit,
680 3351 912 3400 talentum
946 3351 1157 3402 inviola-
1239 3351 1404 3399 denter
1444 3350 1698 3417 plumbum
1723 3386 1740 3412 ,
1792 3356 1882 3399 aut
1921 3347 2257 3415 fraudulenter

144 3438 244 3478 tum
275 3429 603 3496 illibatmnque
629 3451 876 3485 conserva.
909 3433 1051 3499 Quod
1069 3435 1158 3482 tibi
1243 3441 1505 3482 (eramenta
1540 3440 1815 3499 supponam
1847 3433 1953 3482 nolo
1994 3431 2110 3480 auri
2145 3447 2252 3496 spe-

142 3511 373 3560 creditum
390 3548 408 3575 ,
444 3513 529 3561 hoc
552 3531 700 3581 penes
729 3526 784 3566 te·
806 3527 1028 3578 maneat,
1067 3515 1155 3565 Ιιοο
1236 3516 1358 3563 ciem
1373 3553 1390 3576 ,
1416 3515 1500 3564 sed
1525 3524 1752 3564 maturam
1777 3515 1940 3582 plane.
1962 3513 2249 3563 Commonit-

144 3609 174 3639 a
206 3601 248 3640 te
278 3594 518 3644 tradatur.
550 3595 743 3654 Aurum
778 3601 1033 3666 accepisti,
1066 3615 1156 3647 au·
1239 3596 1267 3664 S
1296 3614 1389 3660 22,
1417 3599 1531 3648 edit.
1566 3597 1753 3650 Gallan.
