2502 4134
386 170 547 207 mar.
597 170 658 207 11.
704 171 829 208 cu».
876 171 918 207 1.
967 169 1037 209 mi:
1078 171 1233 211 SAGR.
1280 171 1418 209 nnn.
1465 172 1597 212 cm.
1645 174 1712 213 Er
1755 163 1990 215 Aucron.
2174 155 2247 213 51

211 314 312 375 78.
364 296 566 397 Neque
606 314 716 374 hoc
757 315 975 383 mirum
1026 316 1210 376 videri
1260 315 1435 376 debet
1472 317 1534 376 in
1574 318 2027 380 acatholicorum
2066 331 2254 400 syste-

131 421 321 484 mate3
369 433 508 475 nam
531 456 546 485 ,
590 432 726 470 cum
760 411 870 492 ipsi
920 411 1292 471 infallibilem
1331 410 1593 472 Ecclesiae
1633 415 2254 496 auctoritatem-agno·

132 527 288 566 scere
323 505 689 582 detrectent,
730 505 1226 589 traditionemque
1256 506 1519 567 divinam
1564 509 1828 586 rejiciant
1854 555 1871 584 ,
1918 509 2080 569 nulla
2117 512 2256 593 ipsis

131 614 395 683 superest
428 625 634 661 norma
662 614 786 662 tuta
823 602 896 662 ad
936 625 1223 663 canonem
1254 602 1731 663 constituendum
1752 649 1769 677 .,
1797 604 2102 665 silentibus
2122 652 2137 680 ‚
2169 607 2258 665 uti

132 697 655 758 animadvertimus
679 745 695 774 7
739 699 847 757 hac
890 698 964 758 de
1012 721 1075 759 re
1118 700 1306 767 sacris
1339 699 1617 781 eloquiiS‚
1660 719 1726 757 ac
1766 698 2066 759 veteribus
2101 703 2260 762 inter

131 815 191 853 se
239 794 725 876 discrepantibus.
773 796 1142 877 Quapropter
1182 794 1530 854 alterutrum
1588 794 1699 876 ipsi
1751 794 1995 853 tandem
2046 795 2261 875 eligant

130 911 362 949 necesse
394 901 517 964 est,
554 901 655 948 aut
689 902 756 949 ut
792 912 1080 950 canonem
1114 889 1466 965 admittant,
1498 911 1685 972 quem
1723 891 1986 949 Romana
2030 910 2261 972 semper

132 985 380 1044 Ecclesia
402 996 595 1045 secuta
625 995 712 1043 est
727 1029 743 1058 ,
771 997 872 1043 aut
894 985 1174 1066 ancipites
1198 1005 1264 1042 ac
1287 984 1495 1044 incerti
1518 985 1667 1044 circa
1691 985 2032 1044 canonicam
2058 986 2257 1044 unius-

137 1085 410 1160 cujusque
442 1079 562 1138 fere
600 1077 736 1135 libri
774 1079 1181 1136 auctoritatem
1218 1076 1504 1136 haereant.

215 1174 314 1233 79.
359 1175 500 1246 Quae
541 1193 676 1231 cum
713 1174 794 1230 ita
840 1193 901 1230 se
945 1170 1241 1246 habeant,
1289 1171 1538 1253 intelligi
1575 1173 1818 1255 nequit,
1863 1195 1978 1256 qua
2018 1173 2263 1236 demum

136 1270 358 1329 ratione
382 1268 611 1348 possint
630 1269 1031 1326 protestantes
1059 1268 1228 1328 unice
1252 1260 1551 1350 appellare
1572 1268 1647 1328 ad
1670 1270 2034 1352 Scripturam
2051 1315 2067 1347 .,
2093 1272 2265 1332 unice

132 1365 183 1423 ei
217 1362 608 1421 insistendum
636 1362 971 1437 vociferari,
1005 1362 1159 1421 hanc
1194 1364 1428 1423 unicam
1455 1366 1989 1425 controversiarum
2004 1366 2265 1444 judicem

123 1463 341 1538 jactare
368 1503 385 1532 ,
442 1458 633 1545 dum¹7
682 1457 1038 1539 quibusnam
1087 1458 1252 1517 libris
1308 1460 1582 1520 canonica
1637 1460 1938 1543 Scriptura
1994 1474 2226 1541 constet
2247 1509 2264 1538 a

133 1554 441 1632 ignorent,
487 1564 589 1612 aut
625 1552 835 1612 saltem
883 1555 947 1611 in
989 1575 1058 1613 eo
1098 1556 1383 1637 cespitent
1426 1554 1882 1638 ambigantque‚
1925 1579 2118 1639 neque
2162 1582 2267 1618 un-

135 1671 312 1731 quam
336 1650 564 1731 possint
587 1650 701 1732 ipsi
726 1671 830 1708 suo
859 1649 1081 1710 haerere
1108 1653 1371 1731 vestigiO.
1402 1652 1613 1711 Merito
1644 1664 1958 1734 propterea
1986 1653 2266 1716 adversus

133 1744 458 1803 istiusmodi
487 1757 800 1806 novatores
830 1768 1214 1828 usurpamuS‚
1249 1746 1409 1829 quod
1432 1748 1496 1806 in
1523 1750 1612 1806 sui
1649 1750 1932 1830 temporis
1955 1761 2267 1811 novatores

133 1838 379 1920 urgebat
402 1840 798 1906 Tertullianus
827 1864 842 1900 z
873 1844 1231 1923 Scripturas
1259 1845 1587 1903 obtendant
1598 1887 1620 1916 ,
1644 1855 1699 1902 et
1722 1845 1834 1903 hac
1861 1867 1976 1903 sua
1998 1847 2268 1905 audacia

136 1940 338 1994 statim
369 1939 660 2016 quosdam
692 1949 979 1998 movent...
1012 1940 1092 1997 Si
1125 1939 1215 2000 Izoe
1251 1950 1398 1998 sunt
1422 1942 1543 2000 illoe
1585 1943 1740 2000 vires
1776 1962 1981 2001 eorum
1996 1984 2019 2014 ,
2049 1945 2148 2000 uti
2171 1963 2271 2002 eas

137 2032 351 2090 hahere
378 2038 651 2112 possint,
690 2035 921 2114 despici
952 2036 1152 2108 dehet,
1190 2039 1300 2094 cui
1336 2047 1631 2115 competat
1658 2041 1945 2117 possessio
1983 2038 2269 2118 Scriptu-

136 2147 354 2186 rarum
369 2171 393 2200 ,
426 2151 496 2188 ne
526 2134 579 2188 is
606 2132 976 2190 admittatur
1002 2132 1088 2190 ad
1116 2153 1287 2204 eam,
1317 2136 1425 2190 eui
1461 2134 1627 2192 nullo
1657 2134 1829 2192 modo
1858 2139 2139 2213 competit
2157 2131 2266 2214 (1).

946 2307 1433 2350 DIFFICULTATES.
1468 2299 1475 2302 ”

219 2461 320 2523 80.
368 2461 503 2539 Obj.
541 2464 751 2545 prima.
793 2463 1097 2546 Multiplici
1137 2464 1363 2523 ratione
1399 2464 1730 2524 acatholicis
1759 2465 2126 2526 innotescere
2161 2488 2264 2549 po-

140 2695 242 2745 quae
272 2677 454 2728 Strauss
479 2682 529 2728 in
562 2683 650 2728 vita
677 2680 724 2729 J.
758 2679 813 2730 C.
845 2681 1028 2745 effutit3
1060 2682 1162 2730 haec

138 2763 263 2809 enim
293 2761 532 2810 sufficiunt
550 2800 564 2822 ‚
599 2773 652 2811 ut
682 2772 835 2828 pateat
859 2797 874 2826 ‚
912 2781 971 2811 an
1002 2781 1162 2813 recen-

142 2844 279 2891 tiores
302 2841 506 2893 haeretici
538 2847 661 2893 circa
690 2844 830 2894 libros
857 2863 1008 2895 sacros
1040 2846 1161 2895 inse·

142 2923 282 2974 riores
331 2928 423 2974 sint
474 2927 812 2992 antiquioribus
835 2965 849 2988 ,
903 2931 1157 2994 praesertim

142 3004 370 3057 Gnosticis
396 3019 443 3058 et
461 3009 744 3059 ManichaeiS.

210 3089 280 3154 (1)
320 3090 400 3139 De
423 3092 710 3159 Praescript,
740 3110 841 3159 cap.
863 3110 939 3142 xv.
962 3094 1032 3142 Ita
1051 3097 1158 3160 qui-

147 3169 249 3219 dem
275 3170 479 3223 haeretici
499 3178 679 3241 antiqui
704 3185 751 3225 et
775 3178 1048 3225 recentiores
1069 3193 1082 3237 3
1115 3187 1162 3225 at

150 3250 282 3317 longe
314 3256 452 3305 aliam
489 3259 716 3307 diversam
751 3262 876 3308 viam
913 3269 1163 3308 tenuerunt

154 3337 310 3396 quovis
347 3344 553 3404 tempore
597 3340 840 3391 Catholici.
888 3340 1006 3389 Nota
1052 3351 1161 3389 sunt

158 3412 393 3478 Augustini
418 3421 554 3470 verba
580 3439 638 3470 ex
663 3440 767 3489 cap.
788 3422 828 3474 5
854 3423 963 3483 libri
988 3422 1158 3472 Contr.

148 3493 202 3542 E
195 3496 314 3560 pist.
332 3498 665 3553 Fundamenti
680 3523 697 3554 .·
716 3503 768 3552 E
766 3521 825 3570 qo
855 3521 965 3553 vero
986 3502 1039 3552 Ε
1040 3520 1160 3552 van·-

146 3575 267 3640 9elio
283 3582 381 3626 non
403 3581 638 3633 crederem
655 3621 670 3642 ,
699 3587 804 3635 nisi
827 3603 900 3635 me
916 3585 1159 3636 catholicas

149 3654 379 3707 Ecclesioe
415 3676 715 3716 commoveret
750 3670 1027 3718 auctoritas.
1066 3669 1160 3718 Lo-

1245 2700 1393 2748 quens
1424 2700 1566 2744 vcro,
1606 2683 1725 2734 ibid.
1766 2683 1813 2732 S.
1844 2683 2016 2734 Doctor
2051 2686 2109 2735 de
2153 2685 2269 2736 Act.

1246 2766 1296 2813 A
1292 2763 1466 2830 postol.
1483 2768 1777 2832 prosequitur
1794 2783 1808 2817 z
1831 2766 1928 2816 Cui
1943 2767 2067 2817 libro
2084 2785 2271 2817 necesse

1242 2856 1312 2895 est
1347 2864 1421 2894 me
1451 2847 1640 2896 credere
1656 2884 1673 2909 ‚
1713 2850 1758 2896 εἰ
1799 2849 1938 2898 credo
1972 2849 2265 2915 Evanqelio,

1242 2931 1473 2994 quoniam
1495 2939 1746 2995 utramque
1762 2929 2068 2997 Scripturam
2088 2931 2269 2982 simili-

1242 3021 1314 3059 ter
1341 3011 1469 3060 mihi
1498 3012 1733 3061 catholica
1765 3014 2066 3062 commendat
2103 3023 2266 3064 aucto-

1243 3095 1380 3142 ritas.
1431 3094 1504 3142 En
1550 3096 1752 3158 regulam
1803 3113 1986 3145 auream
2007 3134 2020 3156 ‚
2069 3114 2266 3164 eamque

1243 3179 1382 3226 unice
1406 3187 1572 3226 tutam.
1591 3176 1690 3226 Cfr.
1709 3177 1768 3226 de
1784 3177 1870 3226 bac
1888 3178 2043 3243 regula
2062 3189 2106 3226 et
2125 3179 2265 3229 effato

1242 3258 1292 3308 S.
1324 3259 1569 3325 Augustini
1587 3259 1693 3309 Nic.
1710 3258 1922 3309 Serarius
1936 3260 1988 3310 S.
2009 3261 2055 3309 J.
2073 3263 2123 3309 in
2140 3260 2268 3309 Pro-

1240 3341 1468 3406 quomen.
1511 3340 1765 3402 Biblicis,
1825 3342 2040 3408 Mogunt.
2096 3341 2220 3392 1612
2250 3380 2265 3402 ,

1241 3440 1344 3489 cap.
1377 3441 1404 3491 7
1423 3461 1435 3483 ‚
1470 3434 1629 3490 quaest.
1648 3422 1715 3485 6,
1750 3425 1834 3473 ubi
1866 3426 2085 3474 adversus
2117 3426 2266 3473 haere-

1242 3508 1356 3555 ticos
1390 3507 1521 3556 illam
1562 3517 1736 3556 tuetur.
1778 3508 1876 3556 Cfr.
1917 3510 2054 3557 etiam
2091 3505 2264 3556 Melch.

1241 3588 1424 3651 Canus,
1452 3586 1524 3637 De
1551 3587 1644 3639 loo.
1673 3589 1811 3638 theol.
1842 3589 1925 3639 lib.
1955 3606 2016 3648 11,
2048 3605 2151 3654 cap.
2179 3603 2229 3654 7.

1958 3750 2016 3810 4.
