2502 4134
269 156 389 217 538

872 179 1068 218 TRAGT.
1110 179 1180 218 m!
1224 179 1378 219 Locis
1421 182 1800 224 *tuumne-1018.

267 324 423 386 rium
468 324 692 405 ipsum,
730 332 797 380 ut
844 322 926 382 ita
967 321 1188 399 dicam,
1217 322 1539 387 divinitatis
1577 323 1655 385 ad
1690 328 1955 409 proprias
2006 333 2129 409 ejus
2173 331 2403 390 riman-

270 422 374 481 das
416 416 1021 500 contemplandasque
1061 419 1373 481 altissimas
1414 420 1693 483 veritates
1732 422 2087 502 introducit,
2133 428 2410 489 veritates

274 517 412 600 ipsae
451 534 581 596 quae
615 513 974 596 principium
1007 515 1183 575 simul
1222 535 1293 578 ac
1342 515 1642 600 objectum
1683 517 2008 601 disciplinae
2026 533 2240 585 nostrae
2267 544 2411 583 con-

267 613 555 684 stituunt,
598 611 911 670 scientifica
955 610 1062 672 hac
1100 613 1382 673 methodo
1422 614 1732 696 expositae,
1775 616 2062 692 majorem
2087 615 2410 680 claritatem

267 707 603 790 percipiunt
626 752 641 781 ‚
693 707 984 767 severiore
1027 708 1237 768 ordine
1262 709 1695 792 disponuntur,
1740 711 2009 770 intimius
2053 733 2410 794 cognoscun—

266 813 364 862 tur
386 849 400 878 a
446 823 512 861 ac
551 801 720 883 plura
757 802 1066 864 immensae
1103 804 1370 864 utilitatis
1412 805 1535 866 sive
1570 828 1680 888 pro
1722 817 1890 889 parte
1917 807 2241 868 theoretica
2287 809 2409 873 sive

266 920 376 981 pro
399 897 650 980 practica
683 918 757 957 ex
779 898 859 957 eis
888 897 950 957 in
980 921 1156 958 usum
1185 899 1555 963 derivantur.
1586 902 1913 963 Scientifica
1946 915 2235 987 praeterea
2262 916 2416 965 trac-

268 998 493 1058 tatione
531 995 865 1057 christianae
914 997 1229 1078 Religionis
1272 1000 1548 1061 veritates
1592 1001 1839 1062 excultae
1904 1013 2082 1085 atque
2140 1001 2414 1084 expolitae

269 1092 523 1153 sublime
553 1116 794 1176 prorsus
843 1094 1125 1176 omnique
1167 1116 1237 1155 ex
1278 1106 1447 1178 parte
1484 1095 1904 1157 admirandum
1949 1097 2257 1159 aedificium
2281 1119 2416 1158 con-

269 1190 526 1249 stituunt
558 1235 576 1264 ,
636 1188 797 1271 quod
852 1187 929 1249 ad
973 1191 1063 1249 sui
1115 1190 1678 1274 contemplationem
1746 1205 2030 1254 mentem*
2059 1196 2251 1276 rapit,
2302 1216 2418 1276 quo

268 1286 534 1369 profecto
562 1285 716 1344 nihil
740 1284 1060 1365 jucundius
1100 1287 1162 1346 in
1191 1286 1284 1347 his
1326 1289 1533 1365 terriS,
1589 1292 1823 1350 suavius
1872 1292 2243 1374 sanctiusque
2271 1290 2421 1351 nihil

268 1381 529 1442 accidere
568 1393 788 1464 potest.

350 1478 496 1540 296.
544 1480 803 1540 Tantum
836 1501 979 1542 vero
1016 1479 1218 1554 abest,
1254 1492 1320 1539 ut
1356 1480 1642 1540 doctrinae
1681 1481 1955 1543 revelatae
1983 1493 2195 1542 natura
2223 1483 2417 1543 scien-

267 1576 439 1638 tificae
464 1576 600 1636 huic
622 1575 816 1637 obstet
845 1576 1175 1651 evectioni,
1221 1587 1285 1635 ut
1316 1576 1392 1636 ad
1420 1598 1550 1636 eam
1580 1598 1688 1636 nos
1713 1577 1907 1660 potius
1926 1576 2168 1637 inducat
2188 1624 2204 1653 ‚
2243 1590 2420 1661 prout

267 1672 528 1734 secundo
553 1672 681 1734 loco
707 1673 1120 1733 constituimus
1141 1698 1157 1747 ς
1189 1671 1353 1756 quod
1373 1671 1532 1732 facili
1553 1672 1887 1732 ostenditur
1909 1674 2164 1753 negotio,
2189 1674 2422 1756 Quippe

268 1768 346 1831 ad
375 1790 511 1830 eum
533 1766 788 1829 modum
809 1814 826 1844 ,
874 1790 992 1850 quo
1020 1771 1178 1827 Deus
1213 1766 1631 1826 admirandum
1667 1767 1841 1846 hujus
1882 1769 2142 1831 universi
2163 1813 2181 1841 ,
2210 1770 2273 1828 in
2303 1790 2420 1851 quo

267 1887 576 1926 versamur
599 1911 616 1942 ‚
655 1864 1055 1948 spectaculum
1103 1863 1264 1923 haud
1306 1863 1550 1943 subjecit
1587 1864 1767 1924 oculis
1806 1865 2056 1939 nostris,
2099 1877 2166 1925 ut
2199 1866 2419 1948 stupidi

268 1962 446 2039 illud,
498 1973 678 2045 prout
732 1965 924 2046 specie
983 1983 1110 2022 sese
1150 1959 1386 2020 obtutui
1423 1972 1626 2022 nostro
1671 1960 1880 2037 offert,
1933 1963 2104 2023 unice
2146 1962 2422 2046 inspicia-

267 2080 435 2133 mus.,
488 2058 589 2119 sed
633 2059 849 2133 etiam,
902 2057 1022 2118 imo
1060 2056 1365 2140 potissime
1390 2104 1406 2133 a
1463 2069 1531 2117 ut
1570 2078 1679 2141 per
1723 2069 1923 2141 partes
1969 2057 2227 2140 singulas
2269 2056 2421 2119 illud

269 2157 588 2232 rimemuS‚
627 2155 899 2216 ordinem
955 2154 1362 2237 inquiramuS‚
1407 2154 1811 2238 expendamus
1842 2153 2034 2236 legae,
2089 2153 2421 2234 relationeS‚

271 2274 414 2338 quas
465 2274 557 2313 res
590 2273 801 2315 omnes
847 2251 923 2313 ad
953 2252 1210 2314 invicem
1250 2250 1511 2328 habent,
1557 2251 1990 2333 intelligamu3‚
2037 2251 2422 2314 deducamus-

267 2491 356 2525 cus
370 2477 605 2526 esuriens.
630 2474 755 2525 Tibi
757 2477 885 2542 sorte
898 2476 1164 2543 sufficiebat
1178 2478 1299 2525 sim·
1389 2476 1613 2525 divinam
1649 2476 1975 2526 substantiam
2002 2483 2162 2543 potest
2198 2491 2297 2525 esse
2338 2492 2425 2525 no-

261 2558 379 2626 plea·
398 2557 556 2628 βάθει,
591 2558 671 2608 illi
700 2576 800 2634 non
827 2560 1023 2627 sufficit.
1048 2558 1308 2626 Numquid
1389 2560 1616 2619 tissima,
1653 2561 1725 2607 ita
1765 2576 1815 2608 se
1849 2558 2020 2622 habet,
2059 2557 2187 2624 quod
2218 2557 2283 2606 ad
2319 2574 2427 2608 eam

275 2643 565 2692 deserendus
603 2650 674 2692 est
685 2643 721 2691 Ρ
758 2641 1019 2710 Numquid
1065 2643 1122 2692 de
1170 2642 1309 2693 doma
1386 2651 1547 2711 potest
1576 2641 1759 2707 aliquis
1784 2658 1924 2691 veras
1949 2640 2302 2690 similitudines
2328 2640 2425 2703 eol-

268 2725 608 2794 prqjiciendus
633 2727 750 2776 estf’
779 2723 918 2792 Erqo
941 2726 1009 2775 ad
1029 2728 1193 2793 ipsum
1215 2724 1313 2776 Do·

274 2811 534 2860 minum...
558 2809 705 2876 pulsa
722 2810 935 2874 orando,
955 2818 1088 2877 pete,
1109 2810 1310 2861 insta...

277 2889 403 2942 Cum
437 2903 597 2942 autem
618 2895 900 2961 perveneris
921 2893 989 2943 ad
1007 2903 1102 2943 tres
1122 2907 1305 2960 panes,

276 2974 365 3025 hoc
381 2986 449 3024 est
465 2976 532 3024 ad
545 2977 709 3025 cibum
731 2986 779 3026 et
795 2976 1168 3042 intelliyentiam
1196 2976 1313 3025 Tri-

277 3059 481 3118 nitatis,
518 3060 663 3108 habes
698 3069 745 3109 et
775 3061 908 3109 unde
937 3063 1073 3111 vivas
1106 3070 1150 3109 et
1184 3060 1313 3110 unde

270 3158 483 3207 pascas,
516 3159 604 3192 nec
625 3145 943 3210 per-cyrinum
970 3145 1237 3193 venientem
1256 3143 1313 3192 de

280 3228 364 3276 via
388 3227 670 3292 refhrmides
687 3265 701 3284 ,
729 3230 815 3278 sed
842 3230 1127 3296 excipiendo
1156 3231 1312 3278 civem

282 3309 596 3360 domesticum
615 3312 777 3378 facias
803 3311 985 3375 (Serm.
1017 3311 1107 3362 105
1123 3350 1136 3374 ,
1160 3330 1259 3379 cap.
1279 3329 1312 3360 ιι

283 3403 330 3443 et
359 3409 441 3453 m,
481 3410 620 3445 num.
656 3412 686 3444 2
707 3433 720 3455 ,
763 3393 859 3461 4);
894 3407 939 3447 et
974 3396 1087 3445 alibi
1116 3397 1309 3462 passim.

285 3474 383 3526 Nec
412 3476 472 3525 ab
510 3495 565 3526 eo
603 3478 835 3545 discrepat
865 3479 915 3531 S.
950 3479 1188 3540 Thomas,
1231 3481 1314 3546 qui

288 3559 432 3611 Cant.
461 3568 590 3626 qent.
627 3562 713 3611 lib.
749 3580 796 3623 1,
831 3581 938 3629 cap.
979 3560 1039 3624 8,
1079 3563 1183 3610 haec
1202 3563 1314 3611 scri-

287 3642 360 3692 bit
385 3642 663 3693 :Humana
691 3649 818 3693 ratio
845 3645 911 3695 ad
939 3642 1316 3711 coqnoscendam

286 3727 408 3791 fidei
433 3730 708 3787 veritatem,
733 3746 839 3793 quw
858 3728 1009 3778 solum
1041 3728 1316 3778 videntibus

1394 2724 1578 2791 liqere;
1607 2741 1714 2790 quae
1749 2732 1911 2772 tamen
1954 2739 2052 2773 non
2085 2722 2335 2790 sufficiunt
2359 2722 2427 2771 ad

1395 2806 1482 2857 Ιιοο
1500 2842 1518 2866 ,
1550 2806 1679 2873 qnod
1693 2807 1934 2874 praedicta
1966 2808 2145 2856 veritas
2173 2806 2317 2872 quasi
2338 2802 2421 2854 de-

1394 2892 1707 2940 monstrative
1741 2889 1817 2939 vel
1841 2907 1933 2957 per
1963 2907 2011 2939 se
2048 2887 2282 2938 intellecta
2299 2902 2424 2936 com-

1387 2973 1740 3041 prehendatur.
1779 2972 1914 3024 Utile
1951 2980 2113 3021 tamen
2144 2978 2240 3032 est,
2280 2977 2336 3017 ut
2365 2971 2423 3018 in

1395 3057 1679 3125 hujusmodi
1693 3057 1968 3106 rationibus
1981 3062 2425 3121 quantumcumque

1395 3140 1638 3191 debilibus
1671 3157 1721 3189 sc
1749 3156 1885 3188 mens
1916 3138 2132 3187 humana
2172 3142 2420 3194 exerceat,

1396 3224 1654 3275 dummodo
1705 3224 1829 3273 desit
1872 3219 2310 3286 comprehendendi
2353 3219 2428 3268 vel

1398 3307 1764 3358 demonstrandi
1802 3305 2117 3372 praesumptio
2142 3341 2158 3365 ,
2213 3305 2329 3369 quia
2366 3301 2425 3351 de

1397 3392 1542 3441 rebus
1573 3390 1825 3440 altissimis
1848 3389 1997 3435 etiam
2021 3403 2180 3453 parva
2208 3393 2254 3434 et
2278 3383 2426 3433 debili

1397 3472 1783 3525 consideratione
1808 3469 1998 3536 aliquid
2014 3486 2152 3536 posse
2186 3469 2425 3535 inspicere

1386 3556 1815 3626 jucundissimum
1847 3562 1932 3604 est.
1973 3552 2074 3603 Alia
2107 3553 2302 3601 inferius
2339 3552 2424 3599 da-

1407 3639 1583 3689 bimus.
