2502 4134
256 99 416 137 PART.
466 96 528 133 11.
581 92 703 131 GAP.
757 90 814 127 V.
865 89 932 125 DE
973 87 1132 126 sAcn.
1182 87 1359 125 scau).
1411 86 1560 124 LECT.
1610 85 1668 121 m
1715 85 1867 121 nnc..
1915 83 2045 121 VER.
2091 61 2214 121 223

97 265 167 302 eat
192 260 450 320 quorum
471 238 708 294 lectione
725 279 740 302 ,
777 232 935 290 nihil
965 233 1244 290 utilitatis
1282 234 1597 307 acczpz'unt
1623 230 1750 287 nisi
1772 228 1870 286 illi
1882 274 1899 297 ‚
1940 230 2053 306 qui
2076 248 2218 285 cum

99 347 334 396 maturo
365 334 602 412 inyem‘o
630 339 686 388 et
712 329 882 386 corde
909 347 1068 406 puro
1102 326 1328 385 eosdem
1360 327 1564 404 legunt
1587 324 1698 404 (1).
1728 324 2018 382 Hactenus
2051 321 2170 381 ille.

182 428 321 488 324.
372 428 609 486 Constat
633 445 767 503 ergo
799 429 869 481 ex
893 421 1056 480 dictis
1077 465 1093 495 ,
1123 420 1282 503 quod
1309 417 1739 478 ostendendum
1762 418 2177 499 assumpsimus
2198 463 2216 495 ‚

97 545 396 605 nunquam
429 519 699 579 videlicet
729 517 1038 578 Ecclesiam
1070 527 1170 574 aut
1199 517 1365 574 Rom.
1395 513 1700 572 Pontifices
1726 513 2046 575 universim
2078 534 2219 596 pro-

94 618 358 678 hibuisse
385 614 654 675 fidelibus
676 659 691 689 ‚
725 624 835 673 etc.

914 758 1398 802 DIFFICULTATES.

181 891 321 950 3⁶25.
369 888 499 967 Obj.
532 890 593 946 10
615 887 846 947 Nemini
873 885 1008 945 licet
1030 906 1160 944 eam
1184 883 1441 942 adimere
1466 881 1798 941 libertatem
1815 926 1830 956 .,
1857 905 2032 965 quam
2057 888 2211 947 Deus

98 985 370 1046 omnibus
407 983 728 1065 promiscue
771 981 942 1054 fecit,
977 978 1231 1037 adeundi
1260 976 1668 1053 'haereditatem
1689 1021 1707 1052 .,
1746 998 1922 1057 quam
1957 981 2093 1062 ipsis
2125 982 2213 1042 uti

101 1082 231 1140 filiis
259 1079 511 1160 reliquit.
540 1079 607 1136 2⁰
629 1078 818 1148 Quare
848 1073 1114 1153 abripere
1144 1093 1176 1130 e
1198 1070 1659 1129 Christianorum
1683 1071 1951 1133 manibus
1979 1078 2213 1137 Novum

99 1176 303 1235 saltem
337 1177 772 1233 Testamentum
791 1214 806 1242 a
835 1179 920 1226 est
953 1166 1065 1224 illis
1099 1166 1311 1225 Christi
1338 1187 1400 1223 os
1429 1164 1697 1224 obstuere
1735 1166 1840 1247 (2).
1868 1167 1933 1226 30
1962 1171 2213 1232 Interdi-

99 1291 226 1330 cere
259 1266 594 1327 Christianis
618 1264 929 1323 lectionem
961 1282 1134 1320 sacrae
1163 1260 1507 1342 Scripturas,
1536 1262 1856 1341 praesertim
1883 1264 2208 1345 Evangelii,

96 1375 183 1424 est
226 1361 568 1421 interdicere
606 1380 776 1418 usum
825 1356 1062 1416 luminis
1102 1355 1233 1415 filiis
1278 1355 1454 1428 luciS,
1501 1366 1558 1414 et
1597 1355 1782 1416 facere
1818 1368 1883 1416 ut
1916 1361 2214 1440 patiantur

96 1458 345 1540 speciem
374 1454 687 1539 quamdam
730 1451 1342 1512 excommunicationis
1383 1451 1495 1531 (3).
1546 1450 1611 1509 4⁰
1646 1453 1764 1511 Nec
1802 1454 2014 1529 refert,
2056 1479 2213 1517 non-

97 1553 288 1613 nullos
329 1552 487 1611 abuti
525 1552 951 1632 Scripturarum
983 1548 1266 1622 lectione3
1314 1569 1504 1628 neque
1541 1551 1698 1608 enim
1735 1572 1966 1633 aequum
1995 1565 2118 1630 est,
2148 1567 2216 1616 ut

96 1660 335 1731 propter
367 1647 471 1705 hos
497 1692 512 1720 ,
543 1647 663 1706 sive
699 1666 909 1725 paucos
942 1645 1065 1704 sive
1093 1643 1305 1704 multos
1338 1643 1518 1703 malos
1539 1688 1555 1717 .,
1596 1667 1700 1704 suo
1726 1646 1805 1727 pii
1832 1669 2035 1708 omnes
2056 1649 2214 1712 bono

96 1745 427 1825 priventur.
459 1741 965 1814 Quemadmodum
1001 1740 1178 1820 igitur
1225 1761 1346 1796 non
1383 1749 1468 1798 est
1498 1740 1729 1820 penitus
1765 1740 2056 1803 tollendus
2091 1748 2213 1809 vini

96 1862 229 1898 usus
248 1885 263 1913 ,
297 1839 428 1921 quia
469 1837 644 1896 multi
676 1840 816 1898 vino
841 1835 1167 1894 abutuntur
1187 1834 1263 1893 ad
1289 1833 1631 1894 ebrietatem
1653 1880 1669 1910 ‚
1695 1836 1796 1896 sed
1820 1859 2019 1899 severe
2048 1862 2213 1902 com-

94 1934 367 2016 pescendi
402 1945 538 1992 sunt
583 1931 789 1992 ebriosi
810 1976 842 2006 a>
872 1932 950 1990 sic
987 1952 1107 1988 non
1146 1928 1322 1989 debet
1360 1930 1629 1990 interdici
1658 1930 1826 1991 lectio
1846 1978 1861 2007 a
1895 1935 2029 2016 quia
2055 1959 2211 1998 non-

97 2029 243 2088 nulli
280 2050 407 2088 eam
442 2028 793 2108 detorquent
819 2027 892 2086 ad
923 2047 1059 2085 usus
1092 2046 1393 2107 perversos
1413 2070 1429 2100 .,
1459 2025 1560 2084 sed
1597 2025 1807 2086 horum
1852 2031 2214 2113 sacrilegium

98 2134 187 2182 est
215 2123 362 2182 serio
392 2122 810 2183 vindicandum
833 2121 943 2202 (4).
973 2121 1040 2178 50
1078 2123 1267 2193 Quare
1298 2121 1592 2202 Scriptura
1628 2121 1829 2183 laudat
1864 2125 2212 2190 Eunuchum

100 2216 390 2297 legentem
435 2218 638 2275 Isaiam
678 2217 1023 2298 prophetam
1067 2214 1194 2294 (5)3
1237 2217 1439 2273 Petrus
1487 2215 1830 2276 adhortatur
1870 2220 2101 2296 fideleS‚
2144 2235 2213 2285 ut

100 2311 409 2372 attendant
431 2312 770 2393 prophetico
803 2310 1060 2370 sermoni
1081 2321 1363 2390 tanquam
1392 2309 1639 2370 lucernae
1675 2311 1895 2372 lucenti
1920 2315 1983 2374 in
2011 2317 2210 2398 caligi-

97 2429 240 2466 noso
261 2407 387 2466 loco
413 2408 528 2487 (6);
565 2406 773 2465 Paulus
795 2405 1001 2464 utilem
1030 2404 1199 2463 docet
1220 2424 1342 2462 esse
1366 2404 1724 2486 Scripturam
1749 2407 1825 2465 ad
1851 2409 2205 2491 docendum,

97 2502 172 2561 ad
201 2503 561 2581 arguendum
581 2547 597 2574 ‚
636 2501 712 2561 ad
746 2498 1178 2582 corripiendum
1215 2498 1339 2579 (7);
1378 2498 1579 2557 laudat
1613 2500 1980 2564 Timotheum
2001 2551 2017 2582 ‚
2050 2507 2210 2590 quod

99 2595 172 2654 ab
216 2597 457 2655 infantia
501 2617 686 2655 sacras
716 2597 956 2655 Litteras
994 2594 1226 2653 noverit
1264 2593 1386 2673 (8);
1431 2593 1728 2654 Psalmista
1762 2596 1964 2659 beatos
1998 2614 2205 2682 vocat,

99 2694 214 2773 qui'
237 2704 569 2751 scrutantur
605 2693 935 2751 testimonia
977 2691 1083 2749 Dei
1119 2690 1227 2770 (9)
1281 2688 1346 2747 60
1383 2691 1519 2748 Post
1550 2689 1675 2750 haec
1710 2714 2209 2776 supervacaneum

100 2798 249 2846 esset
285 2790 520 2846 Patrum
547 2789 773 2867 agmina
803 2786 1087 2846 adducere
1107 2829 1122 2859 ,
1155 2785 1255 2865 qui
1280 2787 1542 2843 certatim
1570 2796 1838 2867 satagunt
1873 2792 2074 2855 fideles
2107 2817 2206 2857 ex-

99 2882 271 2940 citare
293 2881 367 2939 ad
388 2882 813 2964 Scripturarum
834 2882 1161 2940 lectionem.
1192 2879 1337 2937 Satis
1359 2880 1433 2937 sit
1455 2880 1632 2939 verba
1658 2881 1981 2948 describere
1997 2890 2055 2948 S.
2084 2891 2207 2952 Cle-

102 2977 309 3038 mentis
339 2978 506 3059 Papae
529 3021 544 3051 .,
579 2978 677 3058 qui
714 2976 912 3037 fideles
937 2996 1139 3035 omnes
1174 2974 1253 3032 ita
1285 2972 1600 3055 alloquitur
1629 2999 1642 3034 ε
1688 2981 2032 3060 Scripturas
2056 2986 2208 3046 dili.

170 3140 234 3200 (l)
272 3141 403 3204 Apud
438 3140 683 3206 Gregoire‚
718 3159 796 3206 op.
823 3152 867 3190 et
898 3140 988 3190 loc.
1023 3143 1102 3189 cit.
1189 3139 1310 3204 apud
1344 3139 1553 3188 Fontana
1574 3179 1587 3200 ‚
1618 3143 1707 3192 loc.
1733 3148 1812 3197 cit.
1839 3165 1942 3216 pag.
1974 3150 2089 3219 724.
2144 3144 2147 3146 ’

103 3233 205 3280 pag.
234 3217 350 3282 4²¹·
1257 3223 1322 3288 (5)
1364 3226 1475 3272 Act.
1510 3242 1613 3286 vm,
1644 3227 1725 3278 28.

171 3298 236 3361 (2)
272 3299 341 3369 Ita
368 3302 672 3363 Quesnelhm,
709 3322 836 3370 prop.
869 3302 953 3368 84.
1253 3305 1324 3369 (6)
1362 3305 1404 3352 11
1433 3305 1614 3364 Petr.1‚
1658 3326 1730 3376 ¹9·

172 3377 237 3442 (3)
276 3379 433 3442 Idem,
463 3401 594 3450 prop.
620 3383 707 3435 85.
1256 3387 1323 3451 (7)
1361 3388 1403 3435 ll
1431 3389 1748 3458 Timoth.1n,
1782 3395 1858 3446 16.

170 3458 242 3523 (h)
278 3461 344 3510 lta
359 3461 668 3529 Chanfierius,
694 3468 1103 3518 calvinista'furio-
1252 3469 1318 3532 (8)
1356 3470 1478 3521 lbid.
1506 3491 1551 3522 v.
1590 3471 1665 3524 15.

101 3557 208 3603 ωε,
233 3544 280 3589 in
303 3543 595 3598 Controvera.
623 3559 739 3614 part.
769 3563 811 3613 1,
838 3568 942 3616 pag.
969 3547 1096 3611 582,
1253 3551 1317 3615 (9)
1350 3553 1426 3603 Ps.
1459 3571 1592 3605 cxvln
1611 3593 1625 3616 ‚
1659 3574 1707 3608 2.
