2502 4134
2075 146 2193 204 291
2221 176 2227 183 ·

361 169 518 207 PART.
558 170 622 226 Ii·
670 170 816 207 SEG‘r.
863 170 928 208 11.
975 170 1102 207 GAP.
1148 171 1210 206 11.
1263 171 1329 206 DE
1373 169 1508 207 MED.
1555 168 1688 207 GEN.
1740 166 1903 204 Tuan.

80 316 266 395 cipem
291 311 482 370 locum
521 309 633 370 sihi
671 309 927 370 vindicat
962 309 1192 391 liturgia
1227 307 1427 369 Jacobi
1458 309 1722 367 omnium
1758 306 2158 389 antiquissima
2179 353 2194 382 ‚

79 427 322 490 quaeque
349 407 411 464 in
434 427 540 464 usu
568 405 679 464 fuit
707 405 866 486 apud
901 404 1213 486 plerasque
1241 402 1551 464 orientales
1582 402 1857 463 Ecclesias
1875 447 1893 478 ‚
1929 411 1988 461 et
2010 401 2200 462 adhuc

74 504 138 562 in
177 500 438 584 pluribus
485 501 642 581 viget
682 500 807 579 (l);
857 498 1068 559 deinde
1124 500 1371 560 veniunt
1417 497 1682 577 Liturgiae
1723 517 1917 578 graecae
1939 543 1956 572 ,
1996 516 2127 578 quae
2164 519 2200 557 a

75 599 174 658 SS.
204 595 449 679 Cydne,
480 595 687 656 Basiliu
707 639 722 669 ,
754 595 1166 677 Chrysostomo
1191 613 1412 652 nomen
1447 590 1669 651 habent
1705 593 1796 672 (2)
1816 637 1833 667 ,
1873 613 1939 652 ac
1968 591 2200 675 liturgia

73 694 322 752 Armena
351 691 462 771 (3).
1750 765 1760 775 Ι

158 786 301 845 444.
331 786 433 844 Vix
458 784 692 867 aliquod
716 784 852 845 fidei
873 783 1080 865 dogma
1103 793 1192 843 est
1214 781 1372 859 exiis
1394 825 1411 856 ,
1436 800 1564 862 quae
1586 779 1867 840 catholica
1892 783 2202 863 profitetur

76 881 319 941 Ecclesia
339 924 357 954 ,
393 880 550 961 quod
578 880 693 940 illae
722 901 846 939 non
873 888 1247 940 attestantur.
1284 875 1440 935 Talia
1474 885 1614 934 sunt
1640 873 1911 955 dogmata
1940 877 2198 938 Trinita-

74 978 147 1036 tis
170 976 259 1058 (4)
278 1022 294 1051 ,
319 975 637 1037 divinitatis
666 974 838 1036 Verbi
861 987 922 1035 et
945 975 1191 1057 Spiritus
1219 974 1415 1032 Sancti
1436 971 1526 1052 (5)
1544 1015 1560 1047 .‚
1586 969 1910 1032 divinitatis
1937 973 2193 1051 Christi,-

78 1072 332 1132 veritatis
374 1071 826 1145 IncarnationiS.,
872 1069 1134 1150 Deiparae
1176 1090 1299 1126 non
1332 1066 1524 1127 solum
1561 1066 1911 1146 virginitatis
1931 1114 1948 1144 .‚
1990 1069 2095 1130 sed
2133 1081 2195 1131 et

71 1170 431 1249 integritatis
463 1170 528 1225 in
553 1176 750 1246 partu
785 1163 1225 1249 (6)‚·primatus
1251 1164 1309 1221 S.
1345 1162 1503 1222 Petri
1540 1162 1906 1244 Romanique
1943 1165 2190 1226 Pontifi-

140 1425 210 1489 (l)
243 1424 341 1475 cfr.
370 1424 682 1474 Renaudotius
703 1462 715 1484 ,
745 1425 1086 1490 Liturqiarum

70 1504 379 1554 orientalium
425 1504 631 1554 collectio
654 1543 672 1566 ,
722 1505 858 1554 Paris.
916 1502 1045 1571 1716
1069 1542 1082 1564 ‚

67 1595 179 1636 tom.
210 1602 257 1647 ¹5
287 1588 397 1637 dise.
425 1598 468 1646 ι,
495 1585 568 1636 De
585 1586 897 1651 liturqiarum
923 1591 1083 1634 orien-

67 1667 238 1716 talium
265 1670 453 1732 oriqine
483 1677 528 1716 et
551 1670 870 1733 antiquitate,
900 1685 1006 1734 cap.
1027 1669 1080 1733 4.

66 1749 179 1798 Item
219 1750 352 1799 Joan.
389 1749 600 1816 Aloysiua
641 1750 948 1811 AssemanuS,
989 1750 1082 1799 Co-

65 1832 154 1881 dex
172 1832 422 1898 liturqicus
450 1832 676 1882 Ecclesiae
700 1835 960 1894 univercoe,
987 1832 1079 1882 Ro-

68 1932 150 1961 mae
197 1911 359 1982 1749,
401 1925 515 1964 tom.
558 1931 641 1975 lv,
683 1924 803 1980 part.
842 1932 908 1977 11,
945 1916 1075 1981 praef.

65 2013 169 2060 pag.
204 1993 271 2043 25
290 2031 304 2055 ‚
336 1995 520 2045 adnotat
549 2010 564 2046 t
588 1993 1077 2061 Hierosolymitanam

63 2075 311 2140 liturqiam
331 2074 559 2142 amplcxae
579 2085 693 2124 sunt
714 2076 892 2125 nedum
915 2094 1076 2126 omnes

63 2156 283 2220 subjectae
327 2156 531 2207 ecclesiae
553 2195 566 2214 ‚
613 2175 780 2208 oerum
818 2166 863 2207 et
902 2158 1076 2209 alicnoe

62 2238 365 2304 quamplures
372 2275 388 2300 ,
407 2243 528 2304 quin
550 2241 652 2306 fore
679 2259 842 2294 omnes
861 2245 1070 2291 orienta-

63 2320 128 2368 les
159 2320 224 2369 ad
251 2320 383 2370 illam
419 2339 535 2371 cuae
568 2322 792 2388 litut-yios
829 2342 1070 2391 expresse-

63 2410 197 2464 runt,
215 2410 259 2450 et
270 2403 701 2453 accommodarunt.
718 2403 838 2470 Syri
850 2422 958 2471 erqo
969 2408 1070 2471 sere

63 2500 230 2553 onmes⁸
249 2482 382 2533 illam
401 2502 404 2505 ·
415 2486 682 2551 probarunt
698 2523 714 2543 ,
745 2504 892 2552 caque
923 2490 1068 2536 etiam

60 2565 198 2612 modo
226 2573 429 2614 utuntur
446 2602 461 2627 ,
496 2569 712 2631 quamvis
742 2570 799 2616 in
822 2568 1068 2618 nonnullis

51 2663 145 2712 pro
183 2646 456 2696 diversitate
492 2648 699 2697 locorum
713 2685 729 2711 ‚
772 2659 817 2698 ot
854 2650 1067 2699 libertate

62 2727 411 2795 Episcoporum
437 2746 535 2779 non
559 2748 718 2779 omnes
745 2732 843 2780 sibi
866 2749 1064 2781 consen-

57 2809 200 2859 tiant.
220 2809 393 2860 Eadem
412 2811 503 2860 fere
521 2814 704 2878 repetit,
733 2813 850 2866 ibid.
871 2826 981 2864 sect.
997 2813 1032 2863 6
1045 2852 1059 2875 ‚

58 2907 160 2957 pag.
188 2889 272 2942 55.
803 2945 805 2948 ,

127 2972 196 3037 (2)
230 2973 306 3023 Cf.
327 2974 538 3025 Renaud.
557 2975 793 3028 Asseman.
808 2997 885 3044 op.
903 2990 946 3028 et
964 2979 1056 3029 loc.

59 3054 137 3103 cit.
170 3072 255 3104 nec
292 3074 388 3105 non
430 3058 494 3107 Le
535 3058 659 3107 Brun
682 3096 696 3120 ,
740 3059 1060 3127 Explication

61 3130 255 3184 litterale
267 3173 284 3198 ,
315 3136 574 3205 'victorique
596 3149 639 3189 et
660 3140 960 3208 doqmatiquc
980 3143 1059 3191 des

55 3214 235 3275 pacm
253 3227 295 3266 et
311 3218 390 3267 dos
413 3223 698 3270 ceremonias
720 3223 778 3271 do
802 3223 850 3273 la
874 3223 1055 3286 Messe,

66 3286 189 3342 Paiis
222 3295 336 3362 1741
364 3337 379 3358 ,
406 3312 522 3352 tom.
551 3320 586 3351 ιι
612 3314 654 3352 et
682 3321 752 3355 m.

135 3372 199 3438 (3)
231 3375 325 3425 Csr.
355 3379 418 3430 Le
441 3382 566 3432 Brun
585 3421 600 3445 ,
625 3403 703 3451 op.
733 3389 812 3436 cit.
845 3397 960 3438 tom.
980 3402 1057 3447 lu,

68 3452 170 3500 diss.
193 3470 243 3503 x.
266 3454 505 3525 Liturgiam
524 3465 772 3515 Armenam
789 3469 839 3515 in
856 3469 1062 3533 linguam

68 3533 265 3583 italicam
290 3555 549 3592 conversam
580 3547 725 3597 edidit
753 3548 812 3598 cl.
838 3549 894 3599 P.
919 3549 1059 3600 Gabr.

68 3612 341 3667 Avedichian
355 3657 367 3680 ‚
387 3620 714 3691 Mechitarista,
735 3629 897 3682 Venet.
919 3630 1062 3685 1832.

1239 1422 1306 1487 (4)
1344 1422 1527 1471 Etenim
1564 1425 1614 1470 in
1649 1422 1824 1472 Missali
1855 1424 2039 1489 gothico
2067 1425 2193 1475 Tho-

1167 1507 1408 1562 masiano,
1452 1504 1566 1553 edit.
1610 1502 1798 1553 Vezzosi
1827 1504 1984 1554 Romae
2025 1506 2147 1572 ¹75¹
2172 1544 2189 1568 ‚

1167 1596 1280 1635 tom.
1301 1602 1378 1646 w,
1411 1603 1515 1651 pag.
1532 1583 1631 1650 243
1647 1622 1662 1645 ‚
1691 1585 1864 1654 legitur
1881 1604 1896 1635 ε
1921 1587 2026 1653 Qui
2039 1605 2196 1637 unum

1173 1666 1247 1715 Te
1293 1665 1449 1716 Deum
1494 1666 1826 1715 dominantem
1846 1705 1860 1728 ‚
1908 1668 2194 1718 distinctum

1162 1764 1249 1797 noo
1279 1748 1492 1798 divinum
1509 1783 1527 1810 ‚
1576 1749 1797 1798 Trinum
1832 1765 1921 1799 nco
1951 1751 2193 1816 triplicem

1161 1830 1312 1879 solum
1338 1847 1426 1879 noc
1451 1829 1746 1892 solitarium,
1783 1848 1991 1880 consona
2019 1832 2190 1883 lauda-

1159 1929 1269 1960 mus
1302 1928 1430 1963 voce.
1463 1913 1521 1961 Et
1550 1915 1601 1961 in
1641 1912 1816 1961 Missali
1848 1911 2076 1979 gallicano
2108 1932 2188 1964 ve-

1159 2006 1252 2044 tere
1269 2032 1283 2053 ,
1315 1996 1435 2046 ibid.
1471 2013 1486 2044 τ
1522 1994 1592 2043 In
1619 1995 1869 2044 Trinitate
1888 1996 2062 2046 divina
2084 2014 2186 2047 non

1156 2086 1224 2126 cet
1236 2112 1253 2138 ,
1289 2077 1415 2142 quod
1443 2079 1603 2144 majus
1630 2079 1855 2127 minume
1892 2079 2185 2128 credendum

1154 2161 1250 2218 σῆς
1269 2161 1317 2208 εἰ
1335 2159 1458 2224 quid
1478 2159 1744 2224 (siquidem
1755 2195 1772 2222 ‚
1794 2177 1847 2209 ex
1869 2160 2177 2226 Mabillonio)

1154 2241 1242 2289 ubi
1277 2257 1406 2288 unus
1439 2243 1597 2304 major
1636 2240 1821 2289 dicitur
1836 2278 1851 2299 ,
1893 2243 2050 2292 decue
2084 2245 2181 2291 mi-

1152 2323 1264 2371 nori
1299 2321 1486 2386 aliquid
1531 2321 1799 2372 indicatur.
1829 2321 1901 2371 In
1936 2322 2027 2372 hac
2066 2341 2178 2389 erqo

1150 2406 1258 2469 ipsa
1288 2404 1576 2461 divinitate,
1621 2405 1670 2452 si
1708 2403 1846 2453 aliud
1876 2407 2037 2472 majus
2065 2407 2179 2471 quis

1147 2486 1286 2534 aliud
1315 2488 1482 2534 minue
1506 2485 1734 2545 adseram
1774 2495 1822 2535 ct
1863 2489 1967 2554 ipae
1998 2490 2175 2555 majes-

1146 2568 1236 2615 tati
1257 2566 1591 2617 contumeliam
1610 2568 1762 2632 facit,
1780 2586 1926 2633 quam
1941 2571 2171 2637 majorem

1139 2656 1284 2714 putat
1297 2684 1315 2711 ‚
1353 2659 1440 2698 etc.

1211 2730 1277 2793 (5)
1297 2729 1396 2780 Cfr.
1415 2726 1866 2781 Sacramentarium
1901 2729 2056 2782 Leoni
2073 2735 2161 2783 M.

1142 2811 1375 2870 tributum
1394 2849 1408 2872 ‚
1438 2812 1563 2877 apud
1592 2811 1814 2861 Murator.
1843 2830 1923 2878 op.
1965 2824 2011 2862 et
2048 2814 2166 2866 edit.

1141 2896 1222 2943 cit.
1251 2912 1357 2960 pag.
1388 2891 1489 2961 476
1508 2909 1524 2957 3
1544 2896 1654 2943 item
1675 2890 2034 2946 Sacramentar.
2065 2894 2164 2945 Go-

1138 2975 1312 3025 lasian.
1327 2977 1440 3025 edit.
1457 2994 1482 3025 a
1501 2977 1556 3026 Β.
1589 2975 1729 3026 Card.
1750 2977 2020 3038 Thomasio‚
2038 2996 2086 3044 p.
2099 2977 2133 3042 4
2147 3014 2164 3040 ,

1137 3076 1296 3125 acpag.
1306 3057 1442 3124 46‚et
1454 3058 1708 3108 inMissali
1715 3060 2027 3126 qothioofflag.
2040 3062 2103 3112 23
2117 3078 2130 3109 ι
2145 3079 2162 3125 ;

1138 3140 1343 3190 Libellus
1369 3144 1557 3207 insuper
1575 3144 1839 3190 orationum
1857 3142 2041 3208 gothico
2063 3143 2162 3192 his·

1138 3240 1313 3287 panus,
1348 3224 1496 3272 editus
1523 3242 1549 3272 a
1573 3224 1847 3272 Blanchinio
1866 3261 1880 3286 ,
1911 3242 2014 3291 pag.
2035 3223 2120 3275 35.

1204 3305 1274 3369 (6)
1313 3305 1541 3371 Quoniam
1587 3307 1803 3355 nonnulli
1847 3310 2067 3357 neoterici
2109 3312 2159 3358 in

1142 3389 1386 3439 Germania
1421 3390 1494 3438 his
1530 3390 1668 3439 annis
1707 3391 1832 3439 haud
1871 3391 2160 3441 erubuerunt

1142 3473 1336 3532 docere,
1377 3472 1431 3521 B.
1473 3471 1678 3537 Virginis
1719 3483 1902 3522 uterum
1940 3475 1991 3523 in
2020 3485 2157 3539 partu

1142 3557 1390 3602 reseratum
1427 3571 1557 3613 esse,
1610 3552 1755 3619 placet
1789 3555 1866 3603 hic
1905 3573 1961 3603 ex
1997 3554 2156 3603 libello

1143 3634 1545 3701 gothico-hispano
1576 3636 1826 3685 nonnullos
1857 3645 2007 3686 textus
2045 3653 2154 3701 pro-

1778 3729 1872 3788 19.
