2502 4134
2092 95 2208 154 565

422 114 719 154 PAR'rfnl.
766 114 915 153 SECT.
963 117 1004 152 1.
1053 116 1175 154 ΕΔΒ.
1220 116 1302 154 111.
1347 117 1415 153 DE
1460 117 1589 154 RAT.
1640 115 1767 153 POST
1809 116 1914 157 mn.

185 258 320 318 333.
371 256 456 315 Ad
491 258 597 330 71¹07
641 257 788 336 Ney.
830 259 964 317 Haec
1003 258 1165 328 enim
1202 259 1445 318 retorsio
1479 263 1604 335 jam
1649 260 1960 341 supponit,
2007 260 2206 339 praefe-

102 353 347 412 rendum
370 364 492 410 esse
516 351 796 429 judicium
825 352 1182 412 individuale
1220 354 1546 431 auctoritati
1573 353 1851 413 Ecclesiae.
1896 355 2018 412 Hoc
2043 353 2201 412 enim

98 445 325 504 sublato
346 491 361 520 ,
402 446 559 504 nulla
591 444 838 526 amplius
868 447 991 505 fieri
1020 434 1263 505 retorsio
1283 458 1496 526 potes-t.
1542 450 1823 506 Accusant
1850 469 2023 528 porro
2055 450 2202 506 Pro-

95 552 374 599 testantes
420 540 1107 608 Ecclesiam-idololatriae
1156 562 1220 598 ac
1270 541 1695 618 superstitionis
1737 541 1928 621 quoad
1978 541 2200 601 cultum

91 635 428 694 Sanctorum
467 634 884 715 eodem‘plane
916 638 1085 711 jure,
1123 656 1237 715 quo
1282 633 1712 715 Presbyteriani
1751 635 1912 693 illam
1939 635 2200 714 ejusdem

91 731 342 789 criminis
383 731 652 788 incusant
696 729 776 804 ¹ob
814 729 1211 788 adorationem
1270 728 1484 787 Christi
1528 731 1591 787 in
1636 725 2024 799 Eucharistia',
2082 753 2198 812 quo

88 826 374 885 Sociniani
417 825 491 884 ob
536 825 932 884 adorationem
971 814 1184 883 Christi
1221 825 1437 905 ipsiuS‚
1478 836 1537 884 et
1568 825 1646 883 ita
1681 825 1953 907 deinceps
1994 827 2111 905 (1).

167 919 302 978 334.
349 919 437 978 Ad
469 919 575 992 8¹¹¹.
627 920 774 999 Ney.
812 923 1112 998 sequelam
1132 943 1152 985 ,·
1187 918 1440 991 etenim,
1482 919 1529 977 si
1573 921 1773 983 Patres
1808 931 2194 993 censuerunt,

83 1013 289 1073 melius
331 1015 502 1073 fuisse
532 1013 794 1072 ethnicas
837 1024 1038 1094 gentes
1068 1014 1328 1094 profiteri
1370 1013 1462 1073 vel
1487 1014 1695 1094 ‘ipsum
1740 1014 2197 1095 polytheismum

82 1120 256 1188 atque
303 1107 688 1166 idololatriam
731 1130 909 1189 quam
966 1107 1349 1182 atheismum‚
1410 1118 1631 1187 quanto
1682 1111 1860 1187 magis
1914 1107 2195 1167 Catholici

70 1207 202 1278 jure
251 1214 524 1275 censent,
585 1201 795 1261 melius·
847 1223 969 1261 esse
1019 1197 1289 1283 speciem'
1325 1200 1533 1260 saltem
1577 1215 1642 1260 ac
1686 1201 1871 1262 veluti
1922 1201 2193 1268 umbram

8 1327 13 1333 ²
75 1296 487 1355 christianismi
517 1296 1044 1375 a.Pro,testantibus
1072 1290 1260 1354 teneri
1276 1285 1466 1376 quam
1503 1317 1742 1354 omnem
1766 1297 1999 1376 penitus
2035 1296 2192 1355 chri-

75 1392 439 1448 stianismum
480 1389 693 1466 ainci'l
730 1391 1054 1463 Praesertdim
1089 1411 1223 1449 cum
1259 1390 1458 1470 plures
1481 1391 1543 1448 in
1570 1392 2082 1471 protestantismO‚
2119 1413 2187 1455 ex

72 1484 250 1542 classe
285 1483 649 1563 potissimum
692 1480 1030 1554 radiorum,
1077 1484 1287 1562 spiritu
1326 1483 1534 1567 saltem
1570 1496 1838 1564 spectent
1881 1474 1956 1543 ad
1993 1484 2188 1546 Eccle-
2272 1496 2275 1498 ’

72 1579 216 1636 siam
240 1576 579 1635 catholicam
601 1621 616 1649 7
650 1586 935 1656 quotquot
962 1574 1177 1635 scilicet
1210 1570 1535 1654 ignorantia
1561 1577 1884 1639 invincibili
1914 1578 2186 1640 laborant

68 1672 139 1730 de
183 1671 435 1729 falsitate.
473 1671 720 1751 propriae
757 1681 943 1728 sectae.
987 1668 1190 1742 Quoad
1227 1668 1516 1749 reliquos,
1564 1672 1673 1751 ipsi
1715 1671 2011 1748 viderint3
2033 1676 2186 1733 Deus

67 1786 162 1823 eos
192 1764 496 1843 judicabit.
545 1766 816 1822 Ceterum
862 1761 1131 1844 catholici
1172 1762 1466 1842 sequelam
1508 1764 1659 1823 hanc
1702 1763 2010 1825 dimittunt
2053 1770 2213 1843 Pro-1·

64 1860 412 1920 testantibus
436 1872 612 1941 atque
640 1859 1017 1918 schismaticis
1036 1903 1051 1931 ,
1079 1859 1175 1938 qui
1195 1902 1210 1931 a
1245 1857 1438 1916 furore
1456 1859 1661 1939 perciti
1690 1858 1966 1921 adversus
1993 1862 2179 1923 Eccle-

59 1957 201 2014 siam
232 1954 574 2013 catholicam
594 1999 609 2028 ,
644 1953 979 2026 maluerunt
1002 1963 1104 2010 aut
1125 1951 1354 2010 malunt
1382 1951 1647 2011 subditos
1673 1975 1804 2012 suos
1829 1975 2175 2035 permanere

58 2050 119 2107 in
148 2049 522 2130 paganismo,
554 2047 871 2106 islamismo
911 2059 969 2106 et
987 2046 1314 2126 judaismo,
1357 2068 1532 2127 quam
1576 2049 1921 2128 permittere
1958 2062 2025 2108 ut
2062 2052 2173 2110 Ca·

57 2143 259 2202 tholici
305 2143 648 2202 missionarii
684 2142 813 2203 illos
847 2143 921 2202 ad
971 2163 1168 2203 veram
1205 2141 1420 2202 Christi
1467 2142 1642 2202 fidem
1686 2143 2016 2224 perducant,
2052 2147 2166 2224 (2).

63 2238 209 2296 Vere
247 2236 367 2297 sola
395 2237 639 2298 Ecclesia
682 2237 962 2296 catholica
998 2248 1188 2297 mater
1230 2248 1340 2298 est.
1376 2265 1415 2294 ·.

55 2442 197 2490 bilem
230 2445 475 2491 veritatum
507 2445 804 2494 revelatarum
825 2482 838 2503 ,
869 2447 983 2510 quia
1002 2429 1071 2493 less

55 2541 130 2587 ges
170 2525 399 2573 naturales
435 2530 599 2574 mentis
624 2526 840 2574 humanae
876 2528 1071 2575 suntin

57 2606 345 2668 oppositione
387 2623 493 2654 cum
536 2608 666 2655 factis
703 2610 753 2654 in
795 2609 1071 2656 revelatione

55 2691 302 2736 contentis.
336 2688 651 2751 Eckermann,
685 2693 734 2738 i'n
755 2709 837 2739 sua
854 2689 1070 2755 Doqma-

56 2769 179 2828 tica,
210 2780 322 2818 tom.
354 2787 368 2816 1
391 2807 404 2826 ‚
438 2786 544 2834 pag.
566 2769 662 2834 71'3
680 2808 693 2830 ‚
721 2790 858 2836 agens
877 2772 933 2820 de
955 2775 1067 2820 arti-

55 2850 168 2898 culis
196 2851 623 2900 fundamentalibus
645 2890 658 2907 .
699 2864 883 2913 censet,
919 2852 1065 2901 solam

56 2934 340 2980 existentiam
408 2932 494 2982 Dei
574 2934 872 2983 sufficientem
949 2952 1064 2983 esse.

56 3011 448 3062 Schleiermacher
468 3015 633 3063 fatetur
651 3051 663 3074 ‚
693 3033 853 3065 omnes
882 3015 1066 3081 mytho-
1089 3057 1096 3064 .,

57 3094 211 3157 quias
246 3112 341 3143 non
378 3114 474 3145 esse
514 3098 666 3161 quoad
696 3115 831 3145 suum
866 3098 1065 3146 fundum
1106 3151 1115 3161 ⁴

57 3178 146 3223 nisi
163 3176 541 3225 naonotheisticas
557 3188 603 3227 et
617 3174 927 3241 christianas,
935 3172 1065 3245 'apud
1090 3240 1094 3244 η

57 3256 241 3305 Amand
294 3256 705 3320 Saintes‚·Hist.
759 3262 923 3325 critiq.
985 3264 1066 3311 cit.

56 3356 161 3403 pag.
194 3336 309 3400 364.

123 3420 192 3483 (Ι)
233 3420 392 3468 Henke
410 3457 425 3480 ‚
464 3423 513 3469 in
539 3440 616 3488 op.
645 3423 964 3471 Lineamcnta
990 3425 1062 3471 in·

54 3503 151 3548 seit.
171 3500 292 3564 fidei
321 3499 498 3550 Christ.
526 3502 690 3553 histor.
721 3506 877 3554 critic.
904 3505 1064 3576 Helm-

56 3582 155 3630 stad
192 3580 317 3649 1795
341 3621 353 3643 ‚
396 3584 591 3633 scribere
624 3588 793 3635 veritus
830 3606 924 3636 non
964 3598 1060 3646 est,

1160 2443 1542 2496 Christolatriam
1575 2463 1627 2493 ac
1658 2445 1998 2494 bibliolatriam
2018 2450 2066 2495 in
2096 2465 2172 2511 ge-

1155 2544 1264 2575 nere
1304 2543 1399 2575 esse
1443 2527 1805 2591 impedimenta,
1851 2545 1956 2594 quae
2001 2530 2169 2578 auferri

1152 2608 1360 2656 absolute
1385 2607 1555 2656 debent
1571 2645 1583 2667 ‚
1608 2618 1748 2674 atque
1766 2594 1825 2657 ad
1841 2609 2049 2658 seculum
2068 2627 2170 2658 nos·

1152 2702 1275 2739 trum
1303 2699 1508 2754 spectare
1534 2692 1700 2738 asciam
1732 2693 1981 2739 immittere
2011 2693 2172 2739 omni-

1150 2771 1237 2819 bus
1283 2771 1358 2819 his
1406 2772 1841 2838 superstitionibus.
1889 2773 1983 2820 Cfr.
2031 2771 2166 2821 Hiet.

1151 2855 1255 2900 crit.
1293 2871 1398 2918 pag.
1435 2868 1554 2919 277.

1184 2990 1188 2997 Ι
1221 2923 1284 2998 (2)
1324 2934 1421 2983 Cfr.
1442 2952 1543 3000 quae
1564 2936 1826 2999 scripsimus
1853 2936 1903 2981 in
1930 2944 2067 2982 tract.
2085 2935 2168 2983 De

1149 3019 1363 3066 onatrim.
1395 3034 1496 3082 cap.
1529 3035 1574 3065 iv
1592 3054 1605 3076 ‚
1636 3034 1768 3081 prop.
1786 3032 1857 3075 ιιι.
1886 3016 2040 3064 Potius
2064 3027 2164 3081 post

1149 3099 1371 3147 hactenus
1406 3099 1524 3147 dicta
1560 3101 1729 3162 juverit
1765 3089 1983 3146 sciscitari
2012 3116 2037 3145 a
2064 3089 2167 3162 pless

1150 3184 1302 3246 risque
1340 3179 1702 3228 Protestantibus
1721 3216 1733 3238 ‚
1768 3182 1818 3226 in
1850 3195 1989 3244 quem
2019 3179 2161 3227 finem

1147 3262 1337 3310 tandem
1365 3271 1430 3308 tot
1454 3258 1672 3326 impensis
1686 3260 2162 3326 diffunderesatagant
2208 3316 2211 3319 ‚

993 3354 1003 3380 ἰ
1032 3373 1043 3381 -
1110 3343 1296 3392 .Biblia
1319 3379 1333 3402 ‚
1372 3346 1422 3390 in
1459 3359 1568 3408 quae
1608 3359 1703 3390 non
1740 3342 1964 3402 credunt,
1995 3360 2159 3407 propa-

1146 3442 1253 3489 gare
1294 3419 1683 3472 christianismum
1706 3461 1719 3483 ‚
1765 3440 1903 3490 quem
1949 3423 2158 3471 funditus

1146 3505 1424 3554 labefactant
1446 3522 1498 3553 ac
1516 3506 1787 3564 destruunt,
1806 3504 2064 3554 Catholicos
2085 3503 2162 3550 de-
2227 3527 2229 3529 ·
2256 3538 2259 3541 Δ

1148 3607 1276 3637 mum
1306 3599 1587 3653 pervertere,
1632 3591 1722 3637 nisi
1760 3599 1810 3638 ut
1834 3588 2025 3638 totidem
2052 3603 2165 3651 apo-
