2502 4134
309 111 468 149 mn‘r.
517 111 582 147 11.
630 110 750 147 cn.
798 108 855 145 v.
906 108 972 143 nn
1017 106 1176 144 SAcn.
1225 106 1399 144 scmr.
1445 107 1594 143 mer.
1646 107 1698 142 m
1746 105 1892 142 mne.
1943 105 2069 143 vnn.
2123 85 2245 143 215

136 255 361 334 linguas
394 253 534 310 tunc
562 251 841 331 temporis
875 250 1135 329 vigentes
1155 293 1170 323 ,
1204 269 1461 329 quasque
1505 247 1749 307 Ecclesia
1784 269 2090 329 nunquam
2125 248 2239 306 im-

126 347 432 431 probavitz,
477 346 631 427 quod
669 357 730 405 et
772 344 1083 403 adversarii
1121 344 1231 425 ipsi
1270 343 1424 401 ultro
1452 342 1736 417 fatentur,
1765 345 1885 402 imo
1911 355 1969 402 et
1997 354 2238 402 conten-

128 445 299 504 dunt.
345 441 790 522 Insequentibus
827 461 963 500 vero
1006 438 1211 498 seculis
1236 484 1252 513 ‚
1287 438 1626 518 cogentibus
1656 437 2058 498 haereticorum
2087 439 2236 496 frau-

125 537 294 597 dibus
330 540 388 597 in
433 538 704 597 vitiandis
754 537 925 595 sacris
967 534 1198 594 Litteris
1247 532 1357 592 sub
1410 531 1745 592 versionum
1792 533 2235 594 vernacularum

124 631 408 701 obtentu„
458 654 750 691 sacrorum
803 621 1141 689 Bibliorum'
1159 629 1328 687 lectio
1370 627 1431 685 in
1473 626 1667 705 lingua
1711 627 1930 707 vulgari
1968 628 2236 689 interdici

123 728 300 809 coepit
333 726 600 786 fidelibus
639 727 700 784 in
738 725 934 784 Galliis
970 747 1001 783 a
1040 726 1214 783 Conc.
1249 723 1532 781 Tolosano
1559 743 1716 797 anno
1758 723 1911 782 1229
1945 725 2053 803 (l).
2090 725 2236 782 Huic

123 821 336 902 Synodi
366 822 766 880 constitutioni
803 824 927 897 jam
964 819 1268 899 praeiverat
1315 816 1687 875 Innocentius
1727 818 1839 890 ΙΙΙ,
1884 819 1983 899 qui
2027 819 2239 877 eadem-

121 915 195 975 de
225 938 390 975 causa
422 916 731 975 lectionem
752 915 1188 995 ,Scripturarum
1225 911 1445 990 vulgari
1480 910 1760 969 idiomate
1797 910 2056 970 dioecesis
2104 914 2231 973 Me-

122 1012 301 1070 tensis
354 1010 618 1070 fidelibus
670 1007 974 1068 interdixit
1022 1006 1130 1085 (2).
1194 1007 1404 1065 Verum
1457 1004 1737 1081 ejusmodi
1789 1008 2232 1069 constitutiones

121 1103 330 1164 locales
372 1106 607 1171 fuerunt
638 1124 703 1162 ac
741 1101 1124 1182 temporari-se,
1156 1101 1265 1158 Res
1305 1100 1387 1185 ita
1426 1120 1486 1158 se
1528 1098 1770 1176 habuit,
1801 1099 1985 1160 donec
2021 1105 2232 1163 exortis

120 1199 520 1260 haereticorum
537 1197 1027 1270 Lutheranorum‚
1047 1193 1563 1274 Zwinglianorum,
1585 1194 2039 1254 Calvinistarum‘
2058 1198 2229 1257 innu-

118 1314 524 1373 merarumque
559 1290 793 1350 illorum
834 1285 1218 1371 propaginum
1250 1287 1633 1365 factionibuS,
1662 1290 1762 1371 qui
1792 1288 1867 1348 ad
1896 1311 2080 1348 unum
2109 1313 2232 1350 om·

114 1407 218 1445 nes
254 1387 658 1446 necessitatem
701 1384 1141 1467 proclamarunt
1193 1383 1424 1463 legendi
1460 1383 1535 1443 ab
1573 1383 1845 1442 omnibus
1891 1395 1950 1443 et
1991 1385 2228 1463 singulis

112 1478 379 1539 fidelibus
427 1502 586 1540 sacra
638 1479 822 1539 Biblia
880 1479 1155 1538 idiomate
1207 1477 1470 1559 vulgari,
1525 1478 1740 1560 quique
1790 1479 2054 1538 certatim
2114 1481 2228 1538 suis

111 1595 296 1634 sacros
319 1574 554 1635 Codices
582 1574 942 1635 versionibus
962 1585 1352 1656 corruperunt
1368 1619 1383 1648 .,
1407 1585 1472 1632 ut
1497 1573 1650 1632 malo
1675 1574 2014 1634 imminenti
2036 1595 2228 1633 occur-

110 1681 264 1728 reret
288 1670 419 1729 Pius
453 1671 524 1730 IV
544 1715 560 1745 ,
592 1669 808 1752 prodiit
831 1675 952 1748 ejus
972 1674 1136 1747 jussu
1158 1668 1355 1748 regula
1382 1680 1590 1750 quarta
1614 1669 1824 1728 Indicis
1844 1713 1859 1743 .,
1896 1690 2008 1749 qua
2032 1690 2228 1727 sacro-

109 1786 241 1823 rum
273 1764 334 1823 in
349 1764 556 1845 ‚lingua
582 1765 891 1827 vernacula
916 1765 1238 1824 Bibliorum
1258 1765 1587 1847 promiscua
1616 1764 1789 1825 lectio
1821 1786 2019 1826 severe
2044 1767 2226 1824 inter·

110 1858 337 1918 dicitur.
377 1861 478 1918 Ast
516 1882 706 1941 neque
750 1860 825 1918 ob
871 1859 1132 1940 regulam
1170 1860 1342 1919 istam
1389 1859 1662 1919 omnibus
1699 1859 1914 1919 Christi
1957 1859 2224 1920 fidelibus

107 1953 393 2031 ejusmodi
434 1954 604 2015 lectio
643 1956 966 2016 universim
1007 1976 1073 2014 ac
1113 1954 1625 2014 indiscriminatim
1669 1954 2046 2036 prohibetur,
2088 1977 2224 2013 cum

108 2068 174 2106 ea
212 2047 454 2109 relativa
503 2070 604 2109 seu
649 2050 969 2132 respectiva
1023 2050 1129 2123 sit;
1179 2049 1506 2131 siquidem,
1548 2048 1759 2131 quibus
1801 2050 2056 2132 proficua
2100 2070 2223 2108 esse

111 2141 647 2224 deprehenderetur
677 2167 851 2206 sacrae
888 2147 1198 2227 Scripturae
1235 2146 1404 2206 lectio
1425 2192 1442 2222 .‚
1478 2147 1545 2205 iis
1567 2146 1784 2224 judicio
1826 2146 2088 2228 Episcopi
2121 2156 2223 2204 aut

110 2238 464 2319 inquisitoris
502 2237 575 2297 de
614 2240 859 2299 istorum
894 2261 1176 2300 consensu
1215 2239 1314 2299 illa
1355 2242 1720 2322 permittitur
1759 2240 1874 2319 (3).
1918 2243 2001 2300 Ex
2041 2241 2223 2299 nimia

176 2443 243 2506 (l)
280 2443 395 2493 Can.
434 2460 507 2492 xiv
536 2461 549 2492 :
582 2443 901 2492 Prohibemm
936 2446 1114 2503 etiam,

108 2540 168 2572 ne
195 2522 340 2572 libros
355 2521 407 2573 V
402 2532 464 2573 et.
491 2524 542 2572 T
538 2533 622 2576 est.
640 2533 727 2573 aut
741 2525 867 2575 Nov.
879 2525 998 2573 laici
1004 2542 1118 2591 per-

105 2606 362 2652 mittantur
373 2591 559 2665 habere}
579 2606 808 2670 niciforte
827 2605 1119 2653 Psalterium

106 2684 180 2733 vel
206 2685 558 2736 Breviarum...
596 2685 693 2734 Sed
707 2721 724 2747 ,
756 2703 818 2735 ne
842 2689 1121 2752 prcemissos

107 2766 252 2814 libros
282 2766 490 2815 habeant
519 2770 576 2816 in
605 2769 796 2832 vulqari
832 2768 1113 2830 translatos,

106 2850 298 2896 omnino
319 2849 647 2914 prohibemus.
666 2851 802 2915 Apud
818 2849 1047 2899 Collatum
1069 2853 1118 2899 in

111 2927 296 2979 Collect.
335 2931 511 2980 Veneta
548 2931 809 2981 Concilior.
841 2943 953 2981 tom.
1004 2949 1114 2992 xm,

109 3010 198 3059 eol.
226 3012 370 3079 1239.
396 3012 690 3062 Celebratum
716 3032 851 3078 porro
879 3015 968 3063 hoc
992 3014 1118 3063 Con-

110 3090 265 3140 cilium
294 3104 362 3142 est
389 3112 464 3143 an.
505 3111 656 3162 1229,
690 3113 847 3145 mense
883 3095 1112 3146 Novemb.

112 3181 244 3232 prout
262 3176 397 3223 etiam
417 3176 616 3225 habetur
636 3195 690 3225 ex
715 3177 963 3226 Sirmondo
979 3216 992 3239 ,
1022 3178 1117 3227 Da-

113 3247 290 3312 cherio,
311 3253 559 3317 Menenio,
581 3275 679 3306 non
693 3270 846 3308 autem
860 3278 938 3308 an.
958 3276 976 3307 1
993 3275 1113 3326 129,

113 3331 183 3377 uti
218 3333 370 3382 scribit
404 3335 761 3403 Wegscheider‚
807 3343 889 3407 qui
927 3341 1117 3390 adducit

111 3413 424 3464 auctoritatem
459 3417 626 3469 Mansi.
660 3421 742 3470 Ast
773 3422 932 3476 Mansi,
953 3427 1003 3471 in
1033 3441 1116 3472 suo

111 3491 197 3538 Ad
226 3492 443 3544 Concilio
464 3498 519 3545 V
515 3501 930 3553 aneto-Labbeana
944 3504 1132 3571 supple-

112 3581 288 3630 memo,
324 3586 438 3626 tom.
476 3595 541 3641 ιι,
589 3583 678 3631 col.
711 3582 810 3650 963
831 3623 843 3646 ,
883 3602 968 3635 nec
995 3587 1132 3635 refert

1211 2446 1399 2511 quidem
1431 2444 1569 2510 hujus
1596 2443 1791 2494 Concilii
1820 2455 1949 2504 acta,
1976 2444 2057 2494 sed
2075 2445 2226 2494 solum

1209 2538 1340 2590 pacta
1372 2528 1489 2575 inter
1524 2544 1675 2592 regem
1719 2527 2001 2575 Francorum
2040 2538 2084 2576 et
2107 2526 2228 2593 Ray-

1208 2609 1438 2657 mundum
1457 2611 1674 2657 comitem
1690 2608 1971 2657 Tolosanum
1991 2611 2226 2670 inita,sta-

1207 2693 1390 2756 tuitque
1411 2690 1499 2739 hoc
1515 2689 1779 2739 Concilium
1795 2693 1962 2755 pariter
1975 2709 2054 2739 an.
2075 2707 2222 2758 1229.

1206 2771 1314 2820 Haec
1344 2772 1632 2821 observanda
1664 2783 1792 2821 erant
1821 2775 1942 2822 circa
1970 2774 2225 2837 epocham,

1204 2865 1256 2902 ut
1296 2861 1451 2920 pateat
1490 2855 1615 2902 hanc
1655 2854 2014 2919 prohibitionem
2052 2856 2225 2904 factam

1202 2952 1296 2983 esse
1345 2937 1562 2984 adversus
1598 2934 1920 3000 Albigensium
1983 2935 2223 2985 machina-

1202 3019 1366 3067 tiones-

1271 3098 1338 3163 (2)
1378 3098 1511 3147 Hanc
1552 3097 1691 3147 refert
1732 3098 1940 3147 Fontana
1965 3135 1979 3156 ‚
2022 3116 2100 3164 op.
2138 3102 2222 3147 cit.

1201 3181 1291 3229 col.
1341 3176 1433 3247 591
1479 3189 1525 3228 et
1563 3198 1663 3246 seq.
1706 3180 1788 3227 ubi
1828 3182 1966 3228 etiam
2001 3181 2221 3239 adnotat,

1201 3262 1527 3310 Innocentium
1556 3264 1827 3325 importuno
1842 3262 2121 3311 Metensium
2141 3261 2223 3311 de-

1203 3343 1374 3393 siderio
1409 3345 1588 3409 aliquas
1615 3342 1858 3409 Scripturae
1890 3354 2038 3409 partes
2068 3346 2223 3392 minus

1210 3424 1420 3473 difficiles
1450 3426 1724 3489 permisisse.

1280 3506 1355 3569 (5).
1376 3506 1448 3553 En
1463 3505 1602 3555 verba
1627 3507 1795 3571 regulae
1813 3524 1858 3555 iv
1878 3506 2078 3554 Indicis:
2102 3503 2227 3551 Cum

1216 3587 1538 3652 experimento
1572 3596 1862 3654 compertum
1893 3589 1984 3644 sit,
2018 3587 2063 3633 si
2090 3601 2228 3634 sacra
