2502 4134
470 170 629 207 ran-r.
672 168 727 205 ιι.
776 167 896 205 cu.
950 167 990 203 1.
1039 164 1108 201 ms
1151 158 1314 203 sAcn.
1358 163 1500 203 nnn.
1548 160 1793 202 camni·
1836 164 2079 204 Anca-on.
2325 144 2363 204 7

229 314 434 394 viginti
470 312 586 371 duo
622 322 760 370 sunt
783 355 800 385 ,
845 329 1062 390 nempe
1101 329 1306 368 omnes
1343 308 1674 367 enumerati
1709 320 1922 390 praeter
1940 308 2201 383 Baruch,
2237 311 2351 368 To-

224 408 381 468 biam
401 453 418 483 ‚
452 410 486 467 J
491 407 682 479 udsth,
701 400 1058 487 Sapientiam
1079 450 1094 478 ,
1114 402 1573 462 Ecclesiasticum
1588 423 1652 461 ac
1677 403 1820 462 duos
1840 404 2311 464 Machabaeorum*
2332 451 2348 479 .,

226 505 328 585 qui
348 503 528 562 serius
562 503 624 559 in
652 521 938 559 canonem
970 498 1305 559 abEcclesia
1338 498 1510 563 relati
1550 509 1688 556 sunt
1708 543 1723 572 ,
1772 498 2031 581 adeoque
2076 500 2352 560 deutero-

225 599 485 658 canonici
526 597 866 678 nuncupati.
915 594 1072 654 Libri
1113 594 1546 676 protocanonici
1585 594 1738 652 Novi
1777 595 1926 653 Test.
1965 607 2103 654 sunt
2136 597 2356 678 pariter

227 690 429 752 omnes
452 693 720 751 recensiti
744 737 760 764 7
787 692 1044 772 exceptis
1069 689 1310 771 epistola
1329 692 1394 748 B.
1419 688 1583 747 Pauli
1606 688 1683 747 ad
1699 688 1974 748 Hebraeos
1996 735 2011 764 ‚
2034 692 2086 749 11
2114 690 2355 772 epistola

226 790 292 847 B.
330 788 521 862 Petri,
562 787 787 846 duabus
824 783 1236 867 posterioribus
1285 786 1343 843 S.
1387 786 1666 858 JoanniS,
1713 783 1956 865 epistola
1989 786 2049 842 S.
2113 785 2354 861 Jacobi.,

226 885 369 943 item
405 882 649 963 epistola
683 885 741 941 S.
788 882 956 941 Judae
991 892 1050 940 et
1093 879 1435 962 Apocalypsi
1488 881 1551 943 Β.
1600 880 1883 953 Joannis,
1932 889 2000 937 ut
2041 879 2356 940 nonnullas

230 979 615 1060 quorumdam
660 977 943 1035 librorum
978 985 1174 1058 partes
1213 976 1555 1033 omittamus
1589 974 1700 1054 (l).

316 1075 408 1132 12.
461 1075 849 1151 Utrorumque
883 1081 1081 1128 autem
1119 1068 1407 1126 librorum
1431 1114 1447 1143 a
1485 1061 1613 1128 'sive
1649 1080 1822 1150 proto
1857 1070 1981 1129 sive
2018 1068 2357 1130 deuteroca—

230 1170 571 1228 nonicorum
601 1212 618 1240 ,
678 1165 883 1225 eadem
938 1175 1027 1223 est
1076 1165 1385 1222 auctoritas
1438 1164 1501 1222 in
1556 1162 1807 1223 Ecclesia
1865 1163 2144 1223 catholica
2166 1210 2182 1240 a
2232 1188 2358 1247 quae

230 1263 461 1322 nullum
500 1263 656 1320 inter
691 1283 789 1320 eos
820 1261 1080 1340 agnoscit
1108 1259 1442 1318 discrimen.
1475 1260 1874 1318 Protestantes
1904 1270 2102 1318 autem
2139 1280 2359 1320 conve—

229 1360 405 1417 niunt
457 1357 696 1439 quidem
723 1403 740 1432 .,
789 1378 892 1415 seu
949 1356 1141 1438 potius
1190 1354 1336 1433 „olim
1390 1354 1821 1416 conveniebant
1862 1356 1924 1413 in
1971 1354 2358 1416 admittendis

227 1453 391 1512 libris
413 1453 898 1536 proto-canonicis
923 1452 1226 1533 utriusque
1262 1450 1555 1526 Foederi33
1583 1462 1674 1510 ast
1702 1473 1914 1532 magna
1944 1473 2178 1534 semper
2203 1453 2359 1512 inter

228 1570 326 1609 eos
365 1550 793 1609 sententiarum
828 1548 1217 1630 discrepantia
1255 1547 1443 1628 viguit
1475 1568 1540 1606 ac
1576 1547 1733 1626 viget
1763 1548 1910 1606 circa
1936 1546 2114 1605 libros
2150 1548 2360 1622 deute-

228 1647 651 1705 ro-canonicOS.
694 1644 868 1704 Modo
911 1645 1071 1703 enim
1093 1689 1108 1719 ,
1135 1655 1202 1702 ut
1229 1642 1581 1717 Lutherani‚
1618 1641 1797 1702 libros
1834 1664 2039 1703 omnes
2085 1643 2360 1703 deutero-

230 1743 536 1802 canonicos
591 1743 711 1800 Vct.
764 1742 918 1800 Test.
973 1761 1039 1799 ac
1089 1760 1295 1799 omnes
1344 1740 1495 1799 Novi
1545 1740 1701 1798 Test.
1754 1738 2135 1817 abjecerunt,
2181 1740 2358 1799 modo

230 1860 364 1897 cum
406 1837 738 1898 Calvinistis
770 1835 949 1895 libros
986 1858 1190 1895 omnes
1206 1835 1782 1894 deutero-canonicos
1802 1837 1925 1894 Vet.
1958 1836 2111 1894 Test.
2138 1839 2359 1912 rejece-

229 1945 372 1993 runt
393 1979 408 2008 .,
452 1936 778 1992 retinentes
820 1954 1024 1991 omnes
1051 1931 1625 1991 deutero-canonicos
1655 1931 1803 1991 Novi
1834 1932 2017 2004 Test.;
2056 1952 2215 1989 nunc
2250 1923 2360 1989 visi

228 2041 369 2088 sunt
405 2039 465 2088 et
507 2028 783 2090 videntur
819 2049 1023 2087 omnes
1059 2049 1296 2109 prorsus
1322 2025 1579 2086 retinere
1601 2047 1736 2085 cum
1764 2026 2011 2085 Ecclesia
2037 2025 2353 2101 catholica,

231 2146 391 2184 nunc
420 2147 541 2184 non
563 2136 850 2207 respuunt
875 2123 1184 2183 dumtaxat
1213 2121 1816 2196 deutero-canonicos,
1843 2121 1946 2181 sed
1964 2122 2211 2182 vixdum
2250 2121 2359 2181 ha-

226 2217 371 2277 hent
410 2220 663 2301 aliquem
700 2241 770 2279 ex
796 2218 1296 2302 proto-canonicis
1325 2217 1545 2277 librum
1586 2229 1689 2276 aut
1719 2217 1978 2299 aliquam
2026 2217 2162 2276 libri
2208 2239 2356 2300 par-

230 2324 347 2372 tem
366 2358 383 2388 a
417 2335 546 2394 quae
574 2313 751 2372 modo
783 2314 857 2373 ab
885 2314 999 2374 hoc
1018 2360 1034 2389 ‚
1066 2314 1241 2373 modo
1274 2313 1348 2372 ab
1377 2313 1479 2372 illo
1507 2335 1629 2372 non
1659 2314 1952 2392 rejiciatur
1972 2358 1987 2388 ,
2018 2324 2121 2372 aut
2150 2312 2360 2372 saltem

229 2408 293 2466 in
333 2407 579 2468 dubium
620 2430 741 2467 non
778 2421 1085 2470 revocetur
1110 2408 1221 2489 (2).

298 2563 369 2626 (J)
402 2561 532 2611 Tales
559 2561 786 2611 librorum
811 2573 964 2629 partes
981 2601 995 2623 ‚
1028 2564 1154 2630 quod
1173 2574 1238 2613 at-

229 2646 344 2693 tinet
374 2643 434 2692 ad
460 2644 568 2693 Vet.
600 2645 751 2705 Test.,
783 2656 890 2694 sunt
916 2648 1145 2694 canticum
1165 2663 1245 2694 seu

228 2727 439 2791 hymnus
461 2731 601 2774 trium
639 2745 888 2792 puerorum
911 2766 923 2786 ‚
958 2728 1081 2777 Dan.
1108 2745 1159 2776 111
1179 2763 1191 2785 ‚
1218 2745 1245 2776 a

231 2825 279 2856 v.
312 2806 377 2871 24
403 2809 458 2857 ad
484 2826 549 2876 9⁰
576 2810 832 2873 inclusive3
861 2811 1046 2858 historia
1071 2809 1245 2858 Susan-

229 2907 330 2950 nae,
370 2907 476 2955 cap.
521 2908 636 2951 xm,
683 2908 739 2939 ac
783 2892 1028 2940 destructio
1067 2891 1164 2940 Beli
1205 2903 1250 2941 et

227 2971 451 3020 Draconis
470 3009 484 3032 ‚
517 2989 620 3037 cap.
653 2990 731 3021 xiv
758 2990 774 3036 3
813 2984 989 3038 septem
1024 2985 1250 3039 postrema

229 3056 382 3119 capita
416 3054 524 3102 libri
555 3054 753 3115 Esther,
786 3073 954 3120 nempe
990 3074 1016 3104 a
1048 3073 1150 3122 cap.
1186 3073 1246 3117 x,

230 3154 277 3184 v.
308 3134 373 3198 4,
403 3137 461 3184 ad
491 3153 599 3196 xvi,
633 3154 680 3184 v.
719 3136 798 3202 24.
839 3136 974 3203 Quod
998 3156 1109 3188 vero
1145 3156 1251 3203 spe-

230 3228 324 3267 ctat
351 3219 411 3266 ad
437 3219 578 3267 libros
593 3219 710 3269 Nov.
734 3219 884 3280 Test.‚
916 3230 1027 3268 sunt
1064 3230 1111 3268 1⁰
1145 3237 1253 3286 pos-

233 3301 421 3348 teriores
460 3301 676 3349 versiculi
718 3318 821 3366 cap.
866 3318 945 3350 xvi
980 3301 1035 3350 S.
1074 3302 1249 3363 Marci,

235 3394 404 3445 nempe
438 3400 464 3429 a
504 3398 553 3431 v.
589 3399 624 3449 9
658 3383 716 3430 ad
752 3383 931 3448 finemi
966 3392 1016 3431 2⁰
1056 3385 1252 3432 historia
1274 3410 1284 3422 ·

238 3461 415 3510 sudoris
446 3463 618 3512 Christi
644 3468 921 3530 sanguinei,
948 3479 1060 3532 ‘quae
1088 3468 1254 3531 legitur

237 3542 361 3606 apud
394 3543 443 3593 S.
486 3546 690 3609 Lucam,
733 3565 838 3614 cap.
883 3565 1015 3610 xxu,
1052 3548 1142 3598 'vv.
1186 3546 1253 3612 43

1331 2563 1474 2612 Joan.
1502 2579 1614 2621 vul,
1648 2581 1691 2611 v.
1723 2578 1845 2611 2-12
1883 2563 2128 2611 inclusive.
2166 2559 2354 2627 Septem

1329 2647 1486 2710 itaque
1518 2655 1626 2692 sunt
1655 2645 1761 2692 libri
1785 2643 2216 2693 deutero-canonici
2254 2643 2360 2692 Vet.

1331 2726 1458 2775 Test.
1497 2737 1549 2774 et
1575 2737 1732 2791 partes
1756 2727 1981 2774 librorum
2016 2727 2120 2774 duae
2140 2764 2153 2787 ,
2189 2743 2362 2791 nempe

1332 2811 1589 2859 additiones
1636 2810 1840 2858 Danielis
1877 2821 1920 2858 et
1955 2810 2147 2869 Esther3
2177 2820 2359 2875 septem

1331 2895 1445 2941 item
1473 2892 1588 2941 libri
1618 2891 1736 2940 Novi
1763 2892 1911 2953 Test.,
1941 2910 2019 2941 sex
2057 2893 2231 2940 scilicet
2262 2895 2361 2956 epi-

1333 2975 1462 3023 stolae
1484 2985 1528 3023 et
1547 2974 1664 3022 liber
1677 2973 2032 3040 Apocalypseos,
2045 2984 2089 3023 et
2107 2985 2197 3023 tres
2216 2973 2365 3023 libro-

1332 3075 1439 3106 rum
1473 3066 1641 3122 partes-

1401 3139 1472 3203 (2)
1509 3139 1763 3187 Lutherani
1807 3138 1867 3187 ab
1901 3140 2035 3186 initio
2069 3156 2095 3187 e
2132 3138 2362 3188 librorum

1334 3222 1600 3270 divinorum
1651 3237 1832 3269 canone
1886 3222 2145 3286 rejecerunt
2203 3238 2368 3270 omnes

1334 3303 1478 3351 libros
1516 3303 1981 3351 deutero-canonicos
2012 3301 2120 3352 Vct.
2141 3302 2270 3352 Test.
2312 3319 2366 3351 ac

1337 3402 1501 3434 omnes
1535 3386 1706 3450 pariter
1750 3384 1868 3434 Novi
1911 3385 2039 3433 Test.
2083 3385 2220 3432 Ratio
2258 3401 2367 3433 vero

1338 3477 1436 3526 est,
1483 3469 1591 3533 quia
1625 3469 1764 3515 nimis
1809 3477 1967 3532 aperte
2002 3466 2367 3516 adversabantur

1339 3549 1390 3597 hi
1418 3549 1524 3598 libri
1551 3550 1740 3599 illorum
1766 3550 2172 3627 innovationibus,
2200 3558 2366 3615 atque,

240 3631 286 3672 et
312 3620 412 3686 445
451 3626 504 3673 3⁰
533 3628 722 3679 historia
759 3630 967 3680 mulieris
998 3631 1219 3680 adulterae
1241 3666 1257 3691 ‚
1342 3638 1399 3681 ut
1424 3649 1524 3682 mos
1557 3642 1820 3683 constanter
1855 3632 1945 3682 suit
1978 3633 2189 3682 omnium
2228 3631 2371 3680 haere-
