2502 4134
288 138 407 198 278
927 156 1123 196 macr.
1171 161 1239 195 1)ss
1284 161 1434 198 roms
1486 163 1867 202 ruaozoclms,

369 301 517 361 415.
563 298 700 377 Ohj.
745 296 1021 357 secunda.
1065 299 1126 355 10
1163 301 1359 359 Patres
1383 345 1399 372 ‚
1439 313 1645 382 utpote
1673 308 1859 364 errori
1895 305 2175 382 obnoxii,
2224 310 2435 391 nequi-

282 408 497 458 verunt
543 415 754 475 puram
805 393 878 452 ad
933 417 1040 453 nos
1083 394 1484 454 Traditionem
1534 400 1954 460 transmittere.
1999 402 2070 459 20
2124 404 2197 461 Eo
2240 405 2424 484 magis

283 490 441 575 quod
466 491 665 550 Patres
691 489 1004 548 criticismo
1027 489 1203 572 plane
1236 490 1504 550 destituti
1532 492 1751 552 fuerint
1771 539 1786 568 ,
1817 507 1884 554 ut
1913 518 1985 555 ex
2012 496 2247 557 illorum
2271 509 2436 580 patet

285 587 637 667 scriptorum
668 585 1142 667 apocryphorum
1175 586 1639 666 allegationibus,
1673 588 1739 646 30
1763 589 1934 650 Haud
1956 611 2159 672 paucae
2185 596 2435 654 innova-

283 682 473 741 tiones
502 702 534 739 a
562 683 805 740 Patrum
843 693 1011 741 aetate
1050 681 1344 741 introduci
1373 694 1683 764 coeperunt
1706 729 1722 758 ,
1762 705 1892 765 quae
1917 686 2126 768 rapido
2150 685 2430 769 deinceps

283 797 458 837 cursu
492 788 843 851 creverunt3
892 777 1103 838 exinde
1147 779 1307 837 enim
1353 779 1697 838 institutum
1746 780 2170 853 monasticum,
2211 783 2432 842 sacrifi—

285 873 475 947 cium,
513 872 774 932 adoratio
804 872 1187 956 reliquiarum
1207 919 1222 949 7
1249 874 1555 933 exorcismi
1579 873 1805 957 aliaque
1833 875 2124 954 ejusmodi
2150 876 2435 956 originem

285 967 643 1029 habuerunt.
686 970 753 1028 40
784 972 902 1030 Nec
939 969 1135 1030 obstat
1155 1016 1171 1043 ,
1216 969 1363 1029 illud
1393 969 1585 1029 solum
1617 971 1705 1029 uti
1739 969 2046 1031 infallibile
2073 970 2437 1052 tenendum,

287 1065 452 1142 quod
484 1086 718 1145 semper
746 1068 972 1145 ubique
1012 1068 1093 1125 ab
1135 1067 1423 1127 omnibus
1461 1078 1766 1149 receptum
1805 1077 1895 1127 est
1923 1071 2091 1145 juxta
2128 1065 2438 1127 Vincentii

282 1160 602 1220 Lirinensis
639 1182 963 1237 canonem3
1006 1163 1218 1245 ecquid
1262 1163 1426 1223 enim
1474 1174 1599 1238 est,
1645 1163 1803 1245 quod
1835 1163 1916 1222 ita
1959 1173 2266 1246 receptum
2296 1183 2433 1223 cen·

288 1256 401 1316 seri
429 1255 688 1317 debeat?
712 1258 782 1316 50
811 1259 960 1318 Cum
984 1280 1123 1320 vero
1149 1260 1327 1318 nimis
1355 1258 1634 1319 extollere
1658 1258 2058 1319 Traditionem
2086 1259 2332 1342 perinde
2361 1261 2438 1320 sit

291 1362 469 1434 atque
503 1353 866 1436 Scripturam
894 1355 1223 1436 deprimere
1247 1401 1262 1429 ,
1294 1366 1474 1437 prout
1500 1355 1742 1435 contigit
1767 1356 1827 1414 in
1858 1355 2107 1416 Ecclesia
2139 1358 2435 1433 Romana,

282 1449 419 1507 satis
442 1449 553 1508 erit
575 1448 837 1531 profiteri
864 1450 1183 1533 quemdam
1213 1472 1350 1531 erga
1374 1451 1790 1533 antiquitatem
1820 1451 2163 1512 reverentiae
2189 1462 2250 1511 et
2280 1453 2432 1532 grati

283 1543 467 1604 animi
501 1565 738 1603 sensum
770 1546 882 1626 (l).

366 1638 507 1698 416.
555 1641 726 1722 Resp.
765 1641 850 1700 Ad
891 1644 996 1717 1¹1¹,
1032 1644 1191 1702 Dist.
1223 1644 1308 1702 Ita
1332 1654 1532 1701 tamen
1557 1652 1622 1699 ut
1647 1643 2058 1701 testimonium
2088 1643 2331 1701 Patrum
2362 1641 2438 1701 sit

282 1756 471 1793 unum
505 1756 575 1795 ex
609 1735 817 1796 mediis
836 1782 852 1812 ‚
889 1759 997 1820 per
1029 1758 1158 1819 quae
1185 1736 1354 1797 nobis
1385 1736 1644 1797 Traditio
1673 1738 2025 1812 innotescit,
2058 1759 2224 1798 conc.
2241 1758 2264 1807 ‚·
2293 1737 2436 1796 uni-

286 1849 456 1900 cum,
484 1852 616 1911 περ.
649 1830 900 1892 Laborat
930 1834 1127 1916 itaque
1155 1833 1472 1895 adversarii
1497 1831 1807 1891 difficultas
1838 1833 1976 1893 vitio
2008 1833 2168 1892 haud
2195 1833 2433 1915 exiguo,

290 1924 451 2006 quod
475 1925 755 1986 Catholici
779 1927 1053 1990 videlicet
1075 1930 1318 1988 Patrum
1341 1928 1747 1988 testimonium
1770 1928 2009 1988 unicum
2033 1950 2159 1989 esse
2185 1928 2438 1989 doceant

282 2019 634 2082 Traditionis
654 2024 1127 2085 transmittendae
1151 2024 1442 2099 medium,
1468 2034 1644 2106 atque
1664 2046 1795 2085 eam
1815 2024 2199 2105 cognoscendi
2226 2070 2244 2101 .,
2274 2020 2434 2107 quod

283 2125 486 2176 tamen
529 2117 743 2177 falsum
778 2131 888 2179 est.
932 2121 1047 2179 Nos
1083 2119 1254 2202 plura
1300 2120 1413 2180 ali-a
1458 2129 1738 2202 praeterea
1783 2119 2223 2200 assignabimus,
2273 2120 2435 2179 Licet

283 2212 466 2292 igitur
495 2216 696 2275 Patres
718 2216 1058 2296 singillatim
1082 2218 1303 2300 sumpti
1330 2218 1512 2278 errori
1537 2216 1775 2276 obnoxii
1801 2217 2051 2292 fuerint,
2079 2216 2286 2276 inferri
2310 2237 2435 2275 non

280 2320 515 2390 potest,
552 2310 793 2371 idoneos
826 2311 955 2371 illos
985 2324 1162 2373 testes
1200 2335 1320 2372 non
1351 2335 1475 2373 esse
1506 2312 1643 2372 fidei
1676 2311 1957 2373 doctrinae
1983 2357 1999 2388 ,
2033 2333 2166 2395 quae
2196 2310 2434 2371 illorum

282 2415 452 2468 aetate
482 2408 548 2468 in
594 2409 841 2470 Ecclesia
882 2408 1154 2491 vigebat,
1189 2410 1519 2493 praesertim
1554 2411 1603 2470 si
1645 2410 1911 2470 unanimi
1954 2408 2015 2469 id
2049 2409 2433 2472 consensione

287 2513 600 2564 testentur.
645 2506 783 2566 Haec
832 2528 1011 2589 porro
1049 2506 1313 2567 doctrina
1356 2528 1423 2566 ea
1477 2517 1600 2578 est,
1656 2528 1835 2588 quam
1878 2527 1985 2565 nos
2032 2504 2434 2565 Traditionem

286 2596 676 2681 dogmaticam
699 2622 977 2664 vocamus
998 2647 1014 2675 .,
1044 2623 1290 2685 quaeque
1310 2613 1371 2662 et
1394 2623 1467 2662 ex
1492 2604 1735 2661 Patrum
1758 2601 2101 2661 testimonio
2124 2611 2184 2662 et
2204 2622 2278 2662 ex
2305 2599 2431 2660 aliis

284 2694 491 2754 mediis
518 2695 592 2755 ad
621 2718 728 2756 nos
759 2698 1033 2779 pervenit
1057 2697 1344 2780 nobisque
1370 2697 1705 2757 innotescit.

364 2789 508 2851 417.
559 2791 647 2851 Ad
689 2793 799 2868 2¹¹¹,
836 2796 994 2854 Dist.
1034 2793 1139 2853 Cui
1181 2793 1477 2854 criticismi
1515 2792 1808 2866 defectui,
1851 2794 1899 2851 si
1940 2794 2069 2874 quis
2105 2793 2251 2866 fuit,
2305 2791 2430 2850 aliis

283 2886 545 2970 suppleri
588 2887 796 2949 mediis
838 2900 1065 2971 potest,
1105 2910 1308 2958 conc.;
1344 2887 1606 2972 suppleri
1649 2889 1891 2970 nequit7
1936 2910 2065 2968 neq.
2115 2887 2233 2946 Etsi
2269 2886 2429 2946 enim

286 2982 562 3043 daremus
584 2983 920 3067 adversario
938 3030 954 3061 .,
980 2986 1298 3045 nonnullos
1330 2986 1532 3046 Patres
1556 2984 1667 3043 hoc
1686 2983 1916 3043 defectu
1949 2983 2273 3056 laborasse,
2300 3002 2431 3063 per-

284 3097 489 3159 peram
522 3079 661 3140 inde
695 3080 991 3141 concludit
1012 3127 1027 3156 ,
1060 3079 1221 3141 haud
1248 3081 1507 3163 potuisse
1545 3081 1698 3161 ipsos
1728 3101 1938 3161 puram
1976 3077 2054 3137 ad
2083 3098 2191 3135 nos
2228 3076 2425 3136 Tradi-

283 3173 510 3233 tionem
537 3179 970 3248 transmittere3
1007 3177 1084 3237 ad
1105 3177 1215 3236 hoc
1242 3175 1862 3260 quippessefficiendum
1889 3195 2101 3254 magna
2133 3172 2427 3232 criticismi

283 3266 421 3327 dote
457 3290 603 3351 opus
631 3295 752 3331 non
791 3283 900 3332 est.
940 3273 1088 3332 Satis
1129 3272 1298 3331 nobis
1330 3284 1454 3347 est,
1485 3283 1550 3330 ut
1579 3271 1622 3329 ii
1659 3270 2011 3351 patefaciant
2048 3268 2380 3327 doctrinam
2403 3314 2419 3342 ,

289 3385 419 3445 quae
446 3366 592 3425 circa
615 3367 970 3448 peculiarem
998 3368 1252 3451 aliquem
1285 3367 1594 3428 articulum
1623 3387 1724 3425 sua
1749 3377 1920 3425 aetate
1950 3365 2012 3423 in
2044 3363 2291 3424 Ecclesia
2316 3362 2425 3423 ob·-

287 3458 534 3519 tinebat.
563 3463 776 3521 Verum
796 3508 813 3538 ,
842 3465 1067 3524 etiamsi
1096 3464 1155 3522 in
1182 3463 1292 3522 hoc
1317 3457 1506 3546 decipi
1529 3483 1787 3522 seorsum
1814 3462 2033 3543 sumpti
2054 3461 2384 3542 potuissent
2401 3505 2417 3533 ‚

350 3679 416 3742 (l)
458 3679 522 3729 lta
545 3698 728 3729 rursum
749 3681 1076 3731 Shuuleworth
1095 3721 1107 3742 ‚
1137 3702 1162 3730 a
1188 3702 1287 3747 pag.
1317 3680 1385 3748 49
1410 3681 1468 3730 ad
1508 3697 1587 3746 7¹·
