2502 4134
312 196 472 232 PAR-r.
521 195 587 229 11.
637 193 759 229 cn.
803 193 844 228 1.
895 192 964 227 nn
1006 191 1161 229 SACR.
1217 191 1356 228 usn.
1407 190 1529 229 cAP.
1580 193 1645 228 Er
1691 191 1928 230 Auca-on.
2104 172 2175 230 17

68 358 189 396 non
229 334 467 395 obscure
497 333 750 407 indicat,
786 353 846 391 se
891 331 993 390 hos
1037 332 1187 391 tanti
1228 351 1293 389 ac
1331 329 1461 389 illos
1496 331 1717 405 facere,
1761 331 2020 413 alioquin
2057 354 2178 391 non

68 433 149 490 ita
180 452 241 491 se
270 451 330 490 se
362 430 625 509 gessisset
652 428 764 508 (1).
792 425 1006 486 Millius
1033 448 1206 508 porro
1228 447 1347 484 non
1374 424 1536 484 aliud
1562 427 1846 506 significat
1864 473 1880 501 ,
1913 428 2025 500 nisi
2054 429 2182 509 pri-

69 549 234 585 mum
277 546 559 584 canonem
587 569 603 598 ,
660 521 734 581 ab
794 523 1063 584 universa
1117 521 1362 581 Ecclesia
1417 520 1755 602 receptum,
1807 543 1879 581 ex
1935 533 2185 603 quatuor

68 619 389 700 Evangeliis
437 618 799 692 constitisse,
854 617 1012 699 quod
1066 639 1187 676 non
1240 615 1574 675 abnuimuS.
1596 619 1826 711 ⁴§Immo
1877 617 2183 692 addimus,

67 738 260 798 neque
292 736 577 775 canonem
611 713 870 773 Ecclesiae
907 715 1187 772 Romanae
1222 710 1496 770 omnibus
1534 710 1788 770 ecclesiis
1810 756 1826 786 ‚
1864 715 2187 793 praesertim

69 810 481 884 orientalibuS,
513 809 1006 869 communicatum
1043 808 1247 889 primis
1280 806 1486 866 seculis
1527 806 1698 865 fuisse
1719 851 1735 879 ,
1775 817 1875 864 aut
1911 809 2035 869 vim
2076 811 2188 891 ipsi

68 905 361 986 obligandi
396 908 564 964 Rom.
601 904 904 985 pontifices
933 902 1225 980 adJ'ecisse.
1263 902 1506 961 Nonnisi
1539 903 1758 982 quippe
1797 902 1978 961 serius
2004 908 2183 965 tacito

67 1004 332 1061 omnium
379 1000 760 1059 Ecclesiarum
800 1018 1089 1058 consensu
1139 1007 1408 1076 receptus
1457 1006 1546 1055 est
1597 998 1899 1061 Romanae-
1928 998 2187 1059 Ecclesiae

68 1118 254 1155 canon
298 1097 407 1178 (2).
1248 1143 1251 1145 —

149 1191 250 1248 29.
299 1188 387 1248 Ad
426 1187 533 1259 3¹¹¹,
579 1187 740 1245 Dist.
792 1186 1059 1244 Canones
1098 1183 1316 1246 diversi
1359 1181 1446 1242 ab
1471 1182 1608 1258 illo,
1647 1207 1826 1266 quem
1861 1199 2195 1250 constanter

67 1283 309 1343 asseruit
337 1280 586 1341 Ecclesia
614 1282 878 1339 Romana
899 1327 916 1356 .‚
945 1301 1105 1339 conc.
1122 1304 1144 1348 ,-
1179 1301 1372 1339 canon
1410 1278 1676 1340 Ecclesiae
1716 1276 1992 1343 Romanae
2011 1329 2028 1358 .,
2063 1307 2191 1366 neq.

66 1380 281 1437 Verum
325 1388 412 1437 est
431 1423 447 1451 7
483 1377 753 1457 antiquos
783 1396 1034 1436 canones
1071 1397 1103 1434 a
1143 1396 1365 1435 canone
1395 1374 1659 1435 Ecclesiae
1683 1378 1962 1438 Romanae
1993 1378 2193 1441 diver-

66 1494 157 1531 sos
192 1472 492 1531 interdum
524 1470 860 1546 abundare,
900 1471 1203 1531 interdum
1240 1492 1379 1532 vero
1414 1469 1696 1546 deficere,
1727 1493 1796 1531 eo
1825 1474 1984 1554 quod
2006 1474 2192 1535 eccle-

68 1569 163 1626 siae
192 1567 565 1648 particulares
595 1565 864 1625 nondum
892 1567 1046 1625 inter
1061 1588 1121 1626 se
1149 1577 1548 1628 convenerant
1574 1566 1647 1625 ab
1672 1567 1844 1626 initio
1873 1569 1936 1626 in
1966 1590 2189 1630 canone

69 1661 476 1724 constituendo
505 1663 621 1742 (3),
663 1674 856 1744 neque
899 1683 1087 1722 canon
1129 1661 1388 1721 Ecclesiae
1429 1664 1708 1724 Romanae
1745 1664 1947 1722 statim
1984 1667 2191 1725 ceteris

68 1757 480 1837 obligationem
528 1757 829 1818 intulerat.
887 1760 1162 1818 Attamen
1202 1758 1399 1838 negari
1437 1759 1678 1840 nequit,
1733 1760 2006 1820 eumdem
2052 1783 2194 1823 con-

68 1864 292 1913 stanter
336 1874 622 1914 canonem
664 1852 984 1913 obtinuisse
1021 1854 1083 1912 in
1122 1853 1371 1913 Ecclesia
1415 1855 1708 1928 Romana,
1755 1857 1839 1912 uti
1889 1877 1960 1915 ex
2006 1855 2193 1916 allatis

69 1948 434 2011 documentis
478 1951 796 2010 certissime
839 1961 1090 2009 constat.
1139 1950 1309 2022 Quod
1354 1971 1494 2009 vero
1544 1949 1620 2008 ad
1670 1951 1938 2031 antiquas
1980 1952 2193 2012 attinet

69 2045 364 2106 versiones
381 2092 398 2121 ‚
420 2067 555 2105 cum
576 2045 666 2106 hae
691 2067 725 2104 a
753 2045 996 2125 privatis
1016 2046 1236 2104 fuerint
1258 2044 1599 2103 hominibus
1622 2045 1918 2105 adornatae
1938 2091 1954 2120 ,
1977 2047 2192 2106 mirum

67 2160 190 2199 esse
215 2163 338 2200 non
363 2140 574 2217 debet,
607 2141 655 2199 si
688 2140 775 2199 illi
809 2162 926 2200 una
962 2162 1095 2200 cum
1133 2141 1425 2200 canonicis
1467 2139 1630 2198 libris
1673 2140 1814 2199 alios
1841 2142 2031 2200 etiam'
2057 2164 2191 2203 ver-

67 2234 275 2309 terint,
302 2237 402 2316 qui
431 2258 640 2318 magno
670 2234 1044 2296 habebantur
1072 2236 1135 2294 in
1171 2237 1360 2317 pretio
1378 2282 1392 2311 .,
1426 2257 1492 2295 ac
1530 2258 1562 2294 a
1603 2236 1904 2295 nonnullis
1933 2236 2185 2298 ecclesiis

65 2338 132 2385 ut
165 2329 309 2387 sacri
346 2341 405 2387 et
438 2331 697 2389 canonici
729 2330 1189 2412 excipiebantur.

149 2421 248 2480 30.
298 2423 469 2499 Quod
495 2425 541 2482 si
569 2424 631 2482 in
661 2424 916 2483 Concilio
947 2427 1026 2482 111
1057 2424 1519 2504 Carthaginiensi
1543 2427 1685 2485 etin
1710 2426 1942 2485 decreto
1970 2427 2184 2489 Gelasii

67 2516 358 2576 omittitur
381 2517 692 2598 prophetia
721 2518 944 2576 Baruch
969 2562 986 2593 ‚
1019 2519 1081 2577 id
1114 2518 1354 2578 demum
1389 2517 1519 2578 ideo
1555 2531 1677 2595 est,
1710 2520 1869 2602 quod
1896 2520 2021 2581 haec
2043 2543 2186 2582 con-

60 2609 418 2690 jungebatur
455 2632 589 2670 cum
630 2611 941 2694 prophetia
989 2614 1296 2688 Jeremiae,
1343 2625 1410 2672 ut
1450 2626 1616 2695 patet
1663 2637 1735 2676 ex
1780 2610 2143 2677 documentis
2169 2665 2184 2693 ,

139 2857 214 2922 (l)
246 2856 430 2906 Etenim
475 2857 527 2906 S.
558 2857 770 2906 Clemens
807 2858 1083 2925 plerumque
1166 2859 1432 2919 solemniter
1465 2859 1524 2907 ab
1567 2862 1784 2909 universa
1809 2860 2009 2919 Ecclesia
2033 2865 2192 2914 confe-

70 2951 310 2989 contentus
357 2950 424 2989 est
474 2944 718 2990 sententias
771 2959 981 3006 promere
1029 2959 1082 2989 ex
1167 2951 1267 2988 ctus
1282 2938 1702 3006 estScripturarum
1724 2943 1988 2992 divinarum
2007 2962 2184 3008 canon5

70 3025 311 3087 utriusque
340 3021 623 3071 Testamenti
649 3022 780 3072 libris
799 3060 812 3084 ‚
842 3023 974 3072 nulla
1005 3025 1082 3071 in·
1167 3023 1245 3070 sed
1266 3025 1401 3071 tacito
1423 3023 1494 3072 vel
1519 3028 1728 3088 expreSso
1745 3022 2056 3074 Ecclesiarum
2072 3044 2183 3076 con·-

72 3107 258 3169 terjecta
284 3104 394 3152 libri
426 3116 470 3153 et
500 3107 695 3153 auctoris
711 3108 968 3166 mentione,
988 3110 1084 3155 sive
1166 3121 1302 3153 sensu
1332 3111 1558 3170 tanquam
1585 3104 1733 3153 divini
1761 3106 2086 3169 spectabantur
2122 3109 2183 3157 li-

71 3195 230 3250 agatur
243 3185 300 3233 de
326 3185 895 3250 libriS.proto-canonicis‚
918 3189 1013 3235 sive
1031 3187 1088 3235 de
1169 3184 1275 3246 bri,
1308 3203 1424 3251 quos
1455 3185 1780 3259 Tridentinum
1810 3190 2054 3236 recensuit.
2085 3189 2183 3239 Nisi

71 3267 535 3318 deutero-canonicis,
583 3267 821 3317 Indiculus
853 3305 867 3329 ‚
915 3271 995 3335 qui
1028 3269 1087 3317 ad
1168 3267 1369 3317 haeretici
1395 3268 1701 3330 obstitissent,
1734 3269 1869 3334 longe
1892 3269 2180 3334 probabilius

74 3363 199 3396 oram
224 3349 361 3415 hujus
393 3349 589 3415 epistolas
618 3350 814 3400 habetur
830 3387 844 3412 ‚
873 3353 1085 3400 locorum
1169 3360 1236 3398 est
1263 3351 1471 3398 futurum
1500 3350 1668 3411 fuisse,
1698 3361 1750 3398 ut
1776 3368 1929 3417 neque
1945 3369 1969 3400 a
1987 3351 2181 3405 Tridenv

76 3425 411 3493 seripturarum
429 3467 443 3491 ,
478 3447 582 3497 quae
607 3433 903 3496 proferuntur
927 3451 966 3487 a
982 3432 1086 3481 Cle·
1169 3430 1269 3480 tino
1293 3449 1444 3480 canon
1473 3434 1742 3480 sanciretur.

77 3518 233 3558 mente
251 3547 265 3570 ,
314 3515 660 3580 antiquissimus
704 3524 772 3562 est
793 3552 807 3574 ,
850 3513 1086 3579 scriptoris
1236 3511 1300 3577 (3)
1324 3513 1773 3579 Probationeshujus
1787 3517 2045 3563 assertionis
2061 3514 2178 3567 affe-

79 3607 245 3654 nempe
271 3593 411 3641 seculi
435 3597 607 3660 quarti.
1170 3612 1321 3646 remus
1349 3597 1398 3643 in
1427 3597 1685 3662 insequenti
1717 3597 2042 3660 propositione.

149 3671 216 3734 (2)
254 3672 408 3738 Usque
455 3677 511 3724 ad
559 3677 881 3727 Tridentinum
932 3679 1088 3729 nullus

243 3753 308 3811 T.
357 3754 454 3812 IX.
1902 3755 1943 3816 2
