2502 4134
346 173 503 214 mar.
560 176 621 211 11.
668 172 816 212 secr.
866 174 928 211 11.
977 172 1096 210 car.
1144 175 1206 211 11.
1259 173 1325 210 nn
1370 172 1502 210 nnn.
1553 171 1680 209 cst«.
1737 167 1908 208 Tuan.
2085 149 2206 208 295

82 316 322 376 timonia
345 361 360 389 ,
414 315 790 396 doctrinaque
813 316 874 374 in
903 313 1224 374 asserendis
1253 313 1734 396 vindicandisque
1772 311 2033 373 Ecclesiae
2057 311 2204 392 dog-

83 411 332 472 matibus
366 410 581 468 famam
617 421 676 469 et
703 409 934 470 celebre
973 431 1190 469 nomen
1225 409 1421 492 adepti
1459 421 1601 468 sunt
1631 410 1842 489 (1).1n
1867 419 1984 467 tres
2011 406 2206 467 solent

81 505 263 566 veluti
299 514 497 564 aetates
534 504 847 580 distribui,
899 526 1144 586 quarum
1182 505 1373 586 prima
1414 503 1523 562 tria
1564 504 1756 584 priora
1796 501 2202 585 complectitur

80 600 303 674 seculag
333 598 588 660 secunda
612 601 720 658 tria
755 599 944 659 secula
971 598 1333 680 insequentia
1357 622 1372 671 3
1400 597 1568 656 tertia
1591 597 1831 656 demum
1854 619 1885 656 a
1909 597 2085 658 seculi
2103 599 2203 656 VII

79 696 242 754 initio
281 717 462 777 usque
495 695 567 754 ad
591 716 704 754 sec.
737 696 843 754 XII
872 692 1279 776 protenditur,
1307 712 1494 774 usque
1521 712 1741 773 nempe
1757 692 1832 751 ad
1855 695 1912 752 S.
1951 695 2201 752 Bernar-

79 790 254 860 dum,
301 791 399 871 qui
442 795 798 848 novissimus
846 791 1112 848 Patrum
1152 787 1347 858 vocari
1394 786 1697 846 consuevit
1735 787 1840 866 (2).
1881 788 2003 846 Hac
2045 788 2203 847 enim

83 897 250 946 aetate
291 907 443 945 nova
482 886 828 945 scholastica
856 881 1198 965 disputandi
1229 879 1540 941 methodus
1576 881 1667 938 sin
1693 881 1889 940 minus
1928 883 2158 943 invecta
2183 929 2198 957 .,

77 981 248 1060 longe
277 980 484 1040 saltem
518 979 752 1061 lateque
790 977 1038 1037 diffundi
1073 978 1270 1059 coepit.
1315 978 1507 1050 Quare
1535 995 1644 1035 nec
1683 978 1880 1036 Patres
1923 976 1999 1036 ad
2032 977 2205 1037 scho-

77 1075 410 1134 lasticorum
453 1076 719 1134 ordinem
761 1071 1052 1132 referendi
1109 1083 1283 1145 sunt,
1329 1091 1521 1152 neque
1561 1069 1893 1130 scholastici
1935 1072 2203 1132 Patribus

77 1169 440 1230 accensendi.

159 1264 295 1322 451.
341 1266 468 1322 Duo
516 1263 579 1320 in
616 1259 880 1320 Patribus
921 1260 1188 1342 apprime
1232 1260 1455 1319 secerni
1494 1259 1750 1334 debent,
1805 1281 1937 1343 quae
1989 1263 2202 1342 passim

76 1358 414 1438 permisceri
456 1364 924 1428 consueverunt,
965 1353 1212 1435 qualitas
1264 1376 1513 1436 nempe.
1563 1366 1637 1413 ut·
1670 1355 1752 1414 ita
1784 1355 2008 1431 dicam,
2048 1364 2206 1417 testis

74 1461 134 1510 et
152 1450 398 1532 qualitas
424 1451 694 1509 doctoris.
724 1449 1030 1508 Interdum
1055 1451 1216 1509 enim
1243 1451 1440 1510 Patres
1463 1450 1580 1509 suis
1603 1451 1664 1509 in
1690 1452 1918 1534 scriptis
1939 1473 2001 1511 se
2022 1463 2199 1513 testes

72 1543 352 1606 exhibent
390 1543 717 1622 traditionis
743 1565 808 1603 ac
835 1544 1115 1604 doctrinae
1147 1543 1411 1605 Ecclesiae
1436 1590 1452 1622 ,
1492 1566 1619 1628 quae
1640 1590 1656 1621 ‚
1693 1557 1866 1606 aetate
1893 1568 2004 1628 qua
2039 1548 2201 1628 quis-

72 1657 185 1721 que
223 1638 458 1715 floruit,
503 1637 846 1714 obtinebat3
888 1638 1190 1699 interdum
1236 1662 1376 1703 vero
1418 1639 1795 1723 disputatoris
1837 1663 1901 1701 ac
1942 1640 2198 1721 theologi

67 1745 263 1816 partes
302 1736 630 1809 sustinent,
663 1736 762 1816 qui
789 1735 925 1795 fidei
961 1735 1233 1795 articulos
1268 1748 1582 1811 enarrant,
1623 1748 1902 1811 tuentur,
1953 1758 2017 1796 ac
2056 1736 2206 1795 mul-

74 1831 259 1914 tiplici
295 1833 523 1891 ratione
563 1832 867 1894 vindicant
894 1877 911 1907 ,
959 1831 1286 1891 doctrinam
1327 1833 1506 1893 etiam
1548 1832 1810 1893 Ecclesiae
1859 1832 2192 1910 illustrant,

68 1926 506 1986 consecutiones
550 1926 847 1986 deducunt
869 1973 886 2003 ,
924 1937 1299 2009 comparant,
1344 1929 1589 1988 modum
1622 1926 1911 2011 denique,
1946 1950 2062 2009 quo
2094 1949 2194 1987 ea·

66 2019 203 2094 dem
250 2021 510 2082 doctrina
565 2021 638 2082 ab
683 2023 822 2105 ipsis
871 2021 1188 2101 subjective
1236 2024 1631 2106 concipiatur,
1684 2023 1968 2098 tradunt,
2023 2024 2107 2082 uti
2157 2045 2188 2081 a

63 2110 393 2176 doctoribus
433 2119 644 2177 nostris
674 2114 974 2199 theologiae
1001 2117 1472 2200 explanatoribus
1501 2119 1627 2178 fieri
1648 2118 1796 2179 solet
1819 2119 1930 2201 (3).

150 2212 293 2270 452.
340 2213 519 2271 Porro
555 2212 782 2274 diversa
808 2214 1051 2273 omnino
1081 2214 1306 2273 ratione
1332 2214 1578 2295 spectari
1603 2216 1844 2273 Patrum
1870 2215 2178 2274 auctoritas

71 2305 276 2381 debet,
316 2308 550 2389 quando
582 2329 643 2367 se
675 2309 1023 2368 Traditionis
1047 2331 1114 2368 ac
1149 2309 1286 2368 fidei
1324 2310 1584 2369 Ecclesiae
1621 2322 1796 2369 testes
1830 2310 2171 2391 perhibent,

69 2399 143 2459 ab
184 2422 249 2461 ea
280 2421 393 2483 qua
437 2403 519 2460 uti
554 2401 817 2463 doctores
844 2403 994 2463 circa
1036 2402 1306 2463 eamdem
1336 2403 1512 2464 fidem
1549 2404 2044 2486 traditionemque
2072 2403 2187 2463 dis-

132 2662 198 2724 (1)
236 2659 441 2725 Quatuor
456 2660 596 2726 igitur
617 2662 908 2710 conditiones
925 2664 1081 2728 requi-

66 2753 233 2790 runtur
259 2780 271 2802 ,
316 2752 367 2791 ut
402 2745 506 2809 quis
543 2742 756 2792 Ecclesiae
797 2742 966 2792 Ductor
1012 2743 1082 2792 vel

63 2823 194 2873 Pater
211 2829 529 2888 renuncietur,
554 2826 762 2874 doctrina
778 2826 952 2875 scilicet
966 2828 1082 2874 emi-

63 2921 178 2954 nens
197 2942 211 2964 ‚
240 2909 430 2972 insignis
454 2909 697 2966 sanctitas,
724 2903 935 2956 Ecclesiae
953 2911 1080 2957 testi-

65 2990 301 3047 monium,
333 3006 387 3037 ac
417 2989 607 3037 demum
632 2989 853 3038 notabilis
872 2992 1080 3056 antiqui-

66 3077 151 3118 tas.
161 3068 379 3134 Quamvis
392 3089 526 3136 porro
540 3071 827 3120 Tertulliano
842 3082 885 3120 et
896 3071 1081 3136 Origeni

67 3147 272 3199 Ecclesiae
286 3155 603 3202 testimonium
620 3155 759 3214 desit,
776 3154 912 3220 vulgo
927 3164 1081 3203 tamen

67 3228 119 3274 in
153 3229 259 3279 albo
300 3232 485 3284 Patrum
529 3245 828 3284 recensentur
844 3272 858 3296 ,
906 3238 1082 3284 ratione

71 3306 228 3358 habita
260 3316 569 3382 antiquitatis,
600 3326 740 3383 atque
770 3318 961 3383 insignis
998 3317 1083 3365 do-

74 3392 228 3439 ctriuae
246 3428 262 3455 ‚
290 3407 391 3460 quie
413 3399 464 3446 in
492 3409 689 3466 utroque
716 3400 855 3448 fulsit.

139 3471 211 3536 (2)
235 3472 468 3540 Egregium
482 3478 529 3528 S.
544 3480 766 3530 Bernardi
783 3483 951 3542 vitam,
970 3481 1079 3530 duo·

72 3552 164 3601 bus
195 3553 510 3608 voluminibus
535 3563 583 3608 iu·
614 3560 676 3624 85
708 3565 959 3613 novissime
986 3564 1086 3613 edi—

74 3635 162 3684 dit.
183 3637 243 3685 cl.
264 3636 438 3687 Theod.
453 3639 732 3695 Ratisbonne
746 3683 759 3706 ‚
779 3645 916 3695 Paris.
937 3643 1056 3708 184¹
1072 3682 1084 3705 ‚

1166 2677 1269 2729 quae
1304 2663 1430 2711 haud
1461 2680 1624 2728 parum
1653 2662 1833 2711 confert
1875 2665 1969 2712 sive
1998 2662 2054 2711 ad
2095 2665 2194 2728 pie'-

1166 2754 1306 2792 tatem
1354 2745 1648 2792 excitandam
1674 2779 1689 2804 ,
1742 2745 1837 2792 sive
1876 2745 1934 2793 ad
1981 2744 2190 2811 ejusdem

1163 2823 1214 2874 S.
1227 2825 1371 2873 Patris
1391 2828 1667 2891 scriptorum
1689 2823 2045 2891 intelligentiam
2073 2842 2188 2874 cou-

1162 2908 1467 2974 sequendam.

1230 2988 1296 3054 (3)
1319 2989 1417 3038 Cfr.
1433 3005 1537 3057 quae
1553 2989 1769 3055 praeclare
1785 2990 1872 3038 hac
1887 2990 1946 3038 de
1963 3007 2012 3038 re
2026 2989 2188 3038 scribit

1164 3071 1404 3131 petavius,
1444 3073 1495 3119 in
1538 3069 1729 3135 Proleq.
1765 3087 1869 3136 cap.
1906 3085 1983 3134 ¹11,
2021 3067 2048 3136 ἓ
2085 3085 2115 3119 2
2150 3081 2200 3120 et

1166 3171 1297 3220 seqq.
1336 3154 1417 3202 ubi
1454 3163 1498 3202 et
1536 3155 1632 3218 ipse
1670 3154 1911 3219 distinguit
1947 3155 2070 3201 inter
2108 3170 2192 3213 ea,

1164 3252 1268 3303 quae
1297 3235 1452 3284 Patres
1478 3237 1547 3283 uti
1577 3234 1862 3289 Traditionis
1906 3240 2043 3284 testes
2084 3235 2195 3282 scri-

1163 3327 1385 3384 pserunt,
1421 3326 1465 3365 et
1491 3333 1596 3383 quae
1627 3317 1772 3366 veluti
1805 3317 2012 3366 doctores
2048 3316 2194 3365 disse-

1165 3409 1377 3450 ruerunt.
1415 3398 1533 3447 Item
1579 3397 1804 3463 Bolgeni,
1851 3402 1901 3447 in
1944 3415 2022 3464 op.
2062 3396 2198 3445 Staio

1168 3480 1238 3530 ἅθ’
1264 3480 1506 3529 Bambim'
1542 3474 1688 3530 morli
1728 3468 1878 3530 senza
1918 3480 2163 3528 baltesimo
2183 3511 2199 3537 ,

1171 3563 1405 3613 Macerata
1444 3561 1567 3630 1787
1592 3601 1605 3623 ‚
1637 3572 1756 3629 part.
1788 3581 1818 3611 ι.
1840 3561 2104 3626 Prelimin.
2134 3558 2165 3606 3
2190 3596 2203 3619 ‚

1171 3643 1282 3708 4et
1317 3644 1365 3694 5.
