2502 4134
330 108 448 167 428

927 131 1126 171 TRACT·
1170 135 1241 173 DE
1285 135 1438 175 mels
1481 139 1855 184 Tnnotoctlcts.

328 274 397 334 Id
445 296 514 334 eo
544 273 727 354 magis
763 277 1159 336 necessarium
1211 280 1408 340 evadit
1436 279 1513 341 ob
1554 285 1835 365 pessimas
1867 311 1934 349 ac
1973 290 2254 353 absurdas
2278 315 2458 356 nova-

324 380 520 429 torum
553 368 730 427 seculi
757 371 886 428 XVI
909 370 1237 450 doctrinas⁷
1275 397 1406 457 quae
1436 399 1678 457 magnos
1706 380 1923 463 ubique
1946 386 2201 448 influxus
2227 390 2458 452 habue-

321 476 484 524 runt.
536 465 648 546 Ipsi
697 465 856 524 enim
902 467 1085 526 veluti
1120 491 1189 528 ex
1231 471 1501 531 condicto
1548 474 1884 536 libertatem
1940 482 2148 542 animae
2185 483 2456 545 humanae

320 570 604 641 tanquam
621 581 879 621 errorem
898 562 1371 647 philosophicum
1393 567 1583 628 adorti
1608 582 1747 629 sunt
1765 617 1781 645 ,
1807 572 2070 656 indeque
2088 588 2455 647 toterrorum

316 668 578 717 monstra
630 658 1023 720 deduxerunt.
1073 662 1138 722 Id
1188 667 1519 750 praesertim
1567 667 1805 728 Lutheri
1852 672 2156 752 proprium
2196 676 2342 751 fuit,
2391 678 2453 736 id

318 753 819 822 MelanchthoniS.
867 755 1009 840 ‘licet
1046 780 1212 818 suam
1254 772 1458 841 postea
1497 764 1853 823 sententiam
1901 770 2190 827 revocarit
2233 769 2356 853 (l),
2389 773 2453 832 id

312 848 543 908 Calvini
579 854 820 932 ejusque
849 851 1239 927 asseclarum3
1282 869 1457 939 atque
1491 880 1562 917 ex
1586 858 1744 918 hisce
1773 862 2166 944 corruptionis
2195 864 2452 928 sontibus

312 966 471 1004 nunc
512 958 716 1028 aperte
749 969 906 1005 nunc
940 946 1197 1009 latenter
1229 953 1289 1009 in
1323 953 1538 1032 Bajana
1561 999 1576 1028 a
1619 957 2011 1031 Janseniam,
2044 959 2453 1032 Quesnelliana

309 1039 522 1123 placita
573 1043 730 1103 virus
781 1043 1142 1123 dimanavit3
1190 1069 1321 1129 quae
1369 1049 1564 1109 omnia
1612 1071 1718 1110 suo
1759 1050 1883 1111 loco
1928 1052 2165 1113 fuerunt
2208 1077 2239 1113 3
2285 1055 2453 1115 nobis

311 1136 607 1218 disputata
648 1139 762 1221 (2).

394 1234 531 1292 139.
583 1236 627 1293 E
664 1236 1086 1296 recentioribus
1135 1261 1276 1299 vero
1319 1240 1685 1323 philosophis
1724 1255 1898 1317 sunt,
1954 1246 2054 1327 qui
2092 1246 2174 1304 ita
2217 1244 2452 1307 liberta-

304 1339 429 1388 tem
470 1331 679 1389 animae
737 1331 1010 1392 humanae
1061 1355 1191 1393 cum
1247 1337 1349 1395 Dei
1393 1339 1755 1418 praescientia
1806 1342 2219 1417 committunt,
2267 1353 2363 1417 ut,
2402 1344 2449 1402 si

302 1423 485 1506 logice
526 1427 844 1508 procedere
891 1428 1145 1504 vellent.
1196 1430 1544 1491 alterutram
1589 1455 1802 1514 negare
1842 1434 2076 1494 dicendi
2106 1449 2301 1496 essent
2336 1437 2443 1518 (3).

302 1521 453 1580 Sunt
497 1523 633 1604 qui,
692 1522 836 1583 dum
882 1524 1214 1585 libertatem
1274 1526 1501 1586 homini
1550 1528 1892 1604 vindicant,
1950 1532 2012 1588 in
2058 1533 2179 1591 Deo
2233 1531 2442 1592 tollere

299 1616 617 1678 videantur
649 1619 764 1700 (4).
799 1619 888 1679 Ab
938 1621 1063 1679 aliis
1115 1621 1467 1697 adnotandis
1502 1625 1983 1706 supersedemus,
2031 1627 2249 1708 quippe
2284 1627 2443 1686 audi-

279 1723 454 1773 -tores
488 1724 719 1774 nostros
764 1714 839 1773 ad
884 1717 1141 1776 saniores
1189 1717 1607 1800 philosophOS‚
1647 1720 1749 1800 qui
1786 1741 1857 1779 ex
1910 1720 2169 1800 professo
2215 1722 2329 1783 hoc
2365 1721 2441 1782 de

298 1820 645 1888 argumento
673 1819 932 1868 tractant
951 1857 967 1884 .‚
1015 1811 1394 1871 remittimus.

363 2072 429 2136 (l)
457 2071 560 2123 Cfr.
583 2072 783 2135 Mtshler,
801 2073 1129 2139 Symbolique,
1150 2085 1262 2123 tom.
1281 2093 1295 2122 ι
1310 2114 1322 2135 ,

289 2171 399 2220 pag.
426 2152 494 2203 56
526 2165 571 2204 et
602 2174 737 2223 seqq.

359 2238 426 2303 (2)
473 2239 531 2288 In
583 2249 720 2289 tract.
770 2239 849 2287 De
892 2240 1001 2288 Deo
1054 2239 1279 2289 Creatore
1307 2280 1322 2300 ‚

288 2331 408 2386 part.
439 2339 494 2370 ιιι
516 2357 531 2386 ,
563 2340 664 2388 cap.
703 2320 734 2370 5
756 2360 769 2383 ‚
803 2341 854 2371 n.
878 2319 978 2386 482
1008 2333 1055 2372 et
1082 2341 1214 2390 seqq.
1234 2341 1322 2373 nec

286 2406 452 2453 nonin
470 2414 605 2458 tract..
621 2402 695 2454 De
710 2404 905 2462 Gratia,
926 2416 1043 2471 part.
1063 2423 1096 2454 ιι
1111 2444 1125 2466 ,
1149 2423 1253 2472 cap.
1274 2424 1316 2467 ι,

285 2504 339 2536 n.
373 2485 474 2554 472
503 2499 549 2537 et
580 2506 716 2555 seqq.

354 2570 420 2637 (3)
456 2572 512 2620 In
541 2572 670 2621 hunc
694 2574 937 2638 scopulum
967 2576 1218 2641 impegisse
1244 2576 1316 2623 vi-

287 2655 423 2704 detur
455 2673 613 2704 recens
632 2656 861 2705 eclecticae
886 2656 1057 2704 scholae
1088 2667 1312 2717 sectator,

283 2738 528 2799 Damiron‚
546 2735 882 2804 Psycholoyie,
901 2750 1016 2789 tom.
1032 2755 1085 2801 11,
1105 2758 1207 2806 pag.
1227 2739 1310 2807 75,

282 2826 365 2890 qui
408 2821 651 2870 hominem
694 2840 748 2871 ac
789 2826 1079 2882 societatem,
1118 2824 1312 2887 quibus-

281 2905 389 2954 dam
412 2942 425 2965 ,
477 2923 594 2971 quas
634 2916 803 2969 vocat,
852 2905 1044 2972 epochis
1077 2904 1312 2971 fatalibus

283 2986 506 3052 subjicit,
541 3005 646 3054 quae
678 3006 846 3053 nempe
874 2989 1041 3037 divinae
1066 2992 1311 3054 praescien·

282 3072 359 3117 tiae
386 3071 613 3134 subsunt;
639 3074 691 3119 in
719 3074 775 3120 iis
803 3083 963 3121 contra
981 3110 995 3132 ‚
1026 3089 1133 3138 quae
1163 3073 1307 3121 homo

278 3152 425 3201 libere
466 3157 590 3219 agit,
637 3155 1010 3220 independenter
1047 3158 1241 3204 omnino
1282 3173 1308 3203 a

278 3234 435 3282 divina
466 3239 746 3299 praescientia
779 3253 886 3285 eum
919 3255 1050 3303 agere
1080 3236 1308 3293 affirmat,

282 3334 335 3365 ac
371 3316 521 3364 Deum
559 3321 692 3383 juxta
743 3319 971 3368 humanas
1017 3323 1305 3384 operationes

282 3401 563 3448 successivas
589 3402 780 3449 consilia
806 3421 887 3450 sua
920 3402 1172 3451 moderari.
1200 3402 1300 3450 Cfr.

277 3484 431 3549 quoad
462 3484 554 3531 hoc
579 3494 780 3549 systema
813 3497 951 3552 atque
987 3490 1303 3546 consectaria,

275 3583 382 3632 quae
413 3566 524 3616 inde
562 3579 786 3626 manant,
813 3573 1048 3635 egregium
1085 3586 1199 3635 opus
1235 3569 1299 3618 cl.

275 3647 325 3695 P.
360 3648 523 3698 Aloisii
555 3649 789 3712 Taparelli
810 3688 823 3710 ‚
860 3651 967 3700 Soc.
992 3651 1087 3701 Jes.
1119 3649 1299 3716 Saqqio

1408 2077 1625 2125 teoretico
1685 2077 1741 2125 di
1790 2077 1957 2126 diriaeto
2019 2077 2245 2128 naturale
2266 2114 2283 2141 ,
2340 2081 2431 2131 Pa·-

1407 2159 1554 2208 lermo
1596 2156 1722 2223 1840
1742 2195 1755 2219 ,
1786 2159 1880 2210 vol.
1913 2177 1963 2221 1,
2000 2178 2107 2226 pag.
2137 2159 2202 2210 25
2233 2172 2278 2212 et
2306 2160 2427 2227 164,

1405 2241 1488 2290 ubi
1530 2243 1668 2290 etiam
1714 2252 1875 2291 auctor
1915 2245 2090 2308 optime
2127 2261 2182 2292 ac
2220 2244 2431 2309 philoso-

1404 2325 1540 2390 phice
1556 2341 1714 2374 veram
1730 2324 1957 2374 libertatis
1985 2326 2193 2375 indolem
2217 2328 2433 2394 explanat

1403 2424 1457 2456 ac
1486 2426 1513 2456 a
1542 2407 1683 2456 variis
1715 2409 1949 2457 erroribus
1984 2419 2160 2458 tuetur.

1473 2491 1540 2556 (h)
1578 2489 1762 2541 Creatio
1792 2488 1953 2539 divina
1976 2509 2132 2540 rerum
2149 2494 2200 2540 in
2221 2489 2430 2558 tempore

1401 2590 1456 2621 ex
1487 2573 1637 2621 nihilo
1668 2573 1879 2622 absoluto
1901 2584 1966 2622 est
1991 2574 2117 2622 haud
2138 2576 2320 2639 paucis,
2346 2577 2428 2640 qui

1400 2672 1530 2703 nunc
1563 2655 1953 2721 philosophantur
1974 2693 1986 2716 ‚
2021 2673 2187 2722 magua
2219 2673 2426 2705 errorum

1399 2740 1594 2787 occasio.
1613 2736 1855 2804 Siquidem
1875 2738 1952 2787 isti
1976 2756 2074 2787 non
2091 2739 2424 2803 distinguentes

1398 2821 1677 2869 activitatem
1711 2838 1766 2869 ac
1788 2823 1931 2870 vitam
1951 2820 2241 2870 essentialem
2266 2835 2320 2868 ac
2341 2837 2425 2868 ne-

1396 2905 1640 2951 cessariam
1676 2902 1762 2952 Dei
1795 2903 1861 2951 ad
1895 2905 2028 2952 intra
2057 2913 2102 2953 et
2134 2903 2419 2951 activitatem

1394 2984 1685 3033 liberrimam
1718 2979 1955 3052 vitamque
1982 2988 2080 3052 ejus
2114 2986 2419 3033 extrinsecam

1394 3071 1443 3115 in
1476 3067 1693 3133 operibus
1722 3068 1787 3115 ad
1814 3076 1949 3116 extra
1964 3103 1982 3130 ,
2023 3069 2219 3127 timent,
2254 3086 2312 3117 ne
2331 3105 2344 3129 ,
2383 3072 2421 3118 si

1395 3149 1491 3198 Deo
1522 3150 1782 3198 libertatem
1817 3152 1868 3198 in
1900 3148 2077 3198 mundo
2109 3151 2309 3199 creando
2340 3155 2419 3199 tri-

1390 3233 1544 3282 buant
1562 3270 1576 3293 ,
1593 3251 1780 3282 omnem
1799 3233 1867 3281 illi
1888 3232 2101 3281 auferant
2118 3236 2261 3282 vitam
2282 3244 2420 3301 atque

1391 3319 1709 3379 activitatem3
1745 3318 1905 3380 itaque
1935 3318 2123 3363 nonnisi
2158 3318 2415 3364 necessita·
2494 3320 2500 3330 '

1391 3406 1483 3446 tem
1524 3401 1574 3447 in
1617 3397 1837 3446 omnibus
1868 3399 2045 3446 actibus
2074 3399 2242 3447 divinis
2272 3416 2419 3469 agno-

1390 3498 1514 3531 scere
1535 3481 1720 3533 volunt.
1751 3480 1972 3541 Accedit,
1999 3484 2125 3548 quod
2150 3482 2292 3531 iidem
2322 3501 2414 3531 no-

1388 3566 1478 3615 lint
1515 3583 1753 3616 secernere
1796 3566 2055 3615 libertatem
2099 3569 2150 3614 in
2193 3584 2271 3626 se,
2316 3582 2418 3631 quae

1390 3649 1581 3716 simplex
1623 3650 1842 3715 perfectio
1874 3659 1977 3713 est,
2013 3649 2070 3699 ab
2111 3651 2165 3698 iis
2199 3648 2415 3714 imperfe-
