2502 4134
268 132 398 193 268

869 154 1068 191 TRAG'r.
1113 155 1181 190 DE
1215 155 1368 193 Locis
1415 156 1795 198 THEOLOOECIS.

360 295 499 355 393.
550 293 617 352 40
656 290 905 371 Cyrillus
948 291 1108 351 Alex.
1158 292 1422 374 loquitur
1468 295 1544 356 de
1583 297 1845 359 fabuloso
1894 302 2235 380 angelorum
2277 326 2411 364 cum

273 390 531 451 foeminis
560 409 905 466 congressu7
951 387 1023 446 de
1058 410 1173 469 quo
1212 401 1370 448 certe
1405 392 1704 471 Scriptura
1732 417 1854 453 non
1883 395 2177 478 loquitur7
2216 422 2410 482 neque

273 485 481 546 adhoc
516 495 923 543 commentum
957 483 1348 543 refellendum
1381 485 1695 547 traditione
1729 511 1874 571 opus
1902 504 1988 550 est
2010 494 2121 570 (1).

354 578 493 638 394.
544 579 610 636 50
639 578 880 638 Basilius
906 579 1105 638 scribit
1124 626 1138 655 7
1165 580 1232 638 iis
1260 579 1625 641 credendum
1648 605 1771 642 esse
1796 630 1811 656 7
1839 607 1968 665 quae
1993 589 2205 670 scripta
2233 603 2372 649 sunt
2395 637 2411 664 7

273 696 489 756 nempe
508 673 667 756 quod
690 677 851 734 Deus
870 687 1004 733 erat
1041 677 1302 735 Verbum
1322 720 1343 747 ,
1363 677 1574 758 quibus
1590 678 1990 760 exploduntur
2010 727 2026 753 7
2049 705 2179 763 quae
2199 686 2416 744 calum-

271 773 526 830 niatores
560 772 630 829 de
661 793 767 830 suo
790 816 809 842 ,
839 770 1114 852 quodque
1144 773 1251 830 scri
1259 784 1431 853 ptum
1458 795 1579 832 non
1600 775 1892 856 reperitur
1912 820 1929 850 7
1964 776 2363 840 obtrudebant
2396 804 2410 838 ε

269 869 416 929 Non
458 880 626 942 erat7
672 879 732 929 et
769 891 891 928 non
938 871 1140 935 Deus;
1177 870 1238 927 in
1270 869 1482 951 quibus
1520 872 1829 951 Scripturae
1876 866 2096 933 ¹directe
2140 875 2418 936 adversa-

270 962 491 1024 bantur
537 965 642 1047 (2).
682 967 935 1024 Rursum
975 966 1337 1024 sciscitamur
1365 1012 1380 1039 7
1435 966 1579 1048 quid
1630 968 1737 1026 hoc
1777 989 1908 1027 cum
1950 970 2310 1032 traditione?
2351 974 2418 1031 In

267 1060 457 1120 altero
484 1083 620 1121 vero
647 1061 771 1121 loco
789 1060 998 1141 agendi
1027 1062 1315 1120 rationem
1348 1062 1754 1147 haeretico-rum
1783 1065 1972 1143 argui-t
1999 1066 2240 1125 Basilius
2265 1113 2281 1142 7
2311 1070 2414 1150 qui

273 1179 382 1240 pro
425 1157 616 1216 lubitu
648 1159 960 1240 Scripturae
1004 1169 1105 1215 aut
1146 1157 1536 1218 detrahebant
1577 1170 1678 1218 aut
1730 1160 2080 1238 adjiciebant
2124 1162 2198 1221 ad
2248 1164 2422 1223 falsas

273 1276 407 1317 suas
451 1255 775 1315 sententias
828 1253 1248 1329 adstruendas7
1295 1267 1473 1337 prout
1515 1268 1574 1315 et
1617 1254 1870 1316 haeretici
1923 1256 2193 1317 hodierni
2233 1258 2422 1320 facere

276 1363 711 1412 consueverunt
738 1351 850 1430 (3).

360 1447 502 1507 395.
551 1449 617 1506 60
647 1448 938 1527 Nyssenus
965 1445 1374 1528 eosimprobat
1392 1493 1407 1521 7
1436 1448 1537 1528 qui
1559 1446 1735 1505 verba
1757 1493 1773 1521 7
1809 1449 1999 1506 Genes
2027 1450 2104 1506 IX
2131 1471 2143 1508 :
2182 1450 2419 1522 Venite,

275 1545 706 1603 descendamus
719 1587 742 1615 ,
772 1554 827 1602 et
859 1545 1311 1622 confundamus
1340 1545 1586 1622 linquas
1601 1565 1808 1602 eorum
1831 1588 1846 1617 7
1879 1544 1953 1603 ad
1973 1544 2219 1623 Angelos
2243 1567 2277 1603 a
2295 1548 2417 1604 Deo

275 1639 432 1699 dicta
463 1638 889 1713 autumabant3
922 1638 1082 1720 quod
1115 1660 1251 1698 cum
1281 1640 1577 1721 Scriptura
1605 1661 1725 1697 non
1752 1639 1942 1712 dicat7
1971 1642 2182 1699 merito
2212 1663 2246 1699 a
2274 1642 2422 1720 Nys-

272 1757 417 1795 seno
453 1736 712 1813 rejicitur
747 1734 861 1813 (4).

361 1831 499 1890 396.
550 1830 618 1889 70
653 1828 904 1911 Cyrillus
935 1827 1325 1911 Hierosolym.
1363 1828 1463 1888 illa
1507 1828 1687 1889 habet
1717 1851 1823 1912 per
1848 1832 2278 1913 oppositionem
2299 1878 2316 1908 7
2345 1844 2416 1890 ut

277 2107 427 2157 quens
445 2126 462 2152 ,
499 2107 651 2138 ausus
690 2092 755 2137 sit
783 2092 972 2138 cunctis
1009 2092 1062 2138 in
1092 2089 1309 2138 mediam

1398 2090 1629 2138 Maurinis
1652 2091 1903 2139 editoribus
1922 2090 2137 2155 rejectam
2157 2109 2252 2140 esse
2273 2093 2323 2139 in
2338 2108 2428 2157 ap-

278 2174 501 2223 nocitura
514 2173 732 2239 proferre
746 2209 762 2235 ,
785 2183 874 2222 etc.
891 2173 1074 2222 Deinde
1089 2175 1308 2223 eumdem
1389 2174 1649 2238 pendicem
1664 2211 1679 2230 ‚
1717 2192 1795 2222 seu
1826 2176 1947 2223 inter
1976 2192 2113 2239 opera
2132 2212 2146 2235 7
2176 2191 2280 2240 quae
2296 2173 2425 2238 salso

279 2256 529 2322 Origenem
556 2260 742 2322 arguit,
782 2257 907 2321 quod
940 2254 1309 2320 Soripturarum

275 2339 562 2387 auctoritate
588 2341 718 2386 nisus
746 2340 805 2386 sit
834 2338 1116 2386 confirmare
1144 2341 1312 2386 stoico-

279 2438 387 2471 rum
417 2422 603 2486 dogma.
1087 2486 1091 2490 ff

342 2506 411 2570 (1)
450 2504 527 2552 Sic
547 2507 671 2552 enim
690 2502 811 2551 ibid.
831 2503 988 2551 scribit
1003 2500 1054 2551 S.
1074 2501 1277 2567 Cyrillus
1302 2522 1315 2550 :

280 2592 625 2651 Εἶκοιιομυθοόσι·
666 2584 721 2636 δὲ
756 2607 902 2646 τινες,
938 2583 1016 2636 καὶ
1054 2583 1312 2650 κατασοφί-

282 2672 434 2736 {ovs-ou
464 2668 519 2720 τὲ
541 2678 703 2737 χρῆμα
722 2709 734 2728 7
767 2670 961 2724 πιθανοῖς
983 2708 995 2728 ,
1031 2670 1085 2722 ὦς
1112 2669 1273 2719 οἴονται
1294 2706 1309 2730 ,

282 2755 527 2819 λογισμοῖς
567 2751 621 2802 τὲ
662 2751 878 2804 ἀδύνατον
929 2751 1308 2805 dranum-roura·

283 2836 510 2900 γεγονέναι
529 2834 619 2904 γοῖρ
651 2838 689 2886 ἐν
712 2835 904 2903 οἱνδροῖσι
927 2833 990 2886 τοὶ
1007 2835 1172 2901 πονηροί
1197 2848 1312 2896 φατι

285 2919 530 2985 δαιμὸνιοι,
575 2918 636 2969 δι’
675 2921 814 2969 κᾶτῶν
853 2917 1088 2985 εἰργάζετο
1120 2914 1205 2970 τοὶς
1232 2922 1314 2965 τᾶν

286 3010 552 3071 σπερματᾶἷν
582 2999 871 3057 κοιταςολοῖς.
898 3003 949 3049 ld
975 3012 1038 3050 est
1061 3037 1075 3060 ‚
1103 3000 1314 3065 JVuyan-

285 3094 368 3133 tur
406 3097 566 3136 autem
609 3086 873 3146 nonnulli,
922 3094 966 3133 et
1005 3085 1147 3132 vanis
1188 3100 1317 3131 com-

280 3164 461 3216 'mentis
488 3187 588 3217 rem
621 3168 906 3227 involvunt,
940 3165 1314 3224 verisimilibus,

287 3264 343 3303 ut
371 3255 706 3314 arbitrantur,
746 3252 1018 3301 rationibus
1060 3254 1190 3314 (non
1218 3258 1319 3295 tra-

288 3336 523 3400 ditione),
553 3337 606 3383 id
633 3337 758 3401 quod
781 3332 1072 3402 impossibile
1091 3340 1188 3391 est,
1205 3332 1321 3396 pal-

287 3419 483 3469 liantes.
534 3417 742 3484 Illapsos
794 3420 926 3466 enim
983 3416 1219 3464 doemones
1264 3415 1322 3462 in

290 3501 442 3551 malos
467 3502 635 3560 aiunt,
670 3517 727 3548 ac
748 3518 842 3565 per
854 3502 982 3567 ipsos
1015 3499 1201 3547 semina
1225 3499 1318 3546 im-

292 3586 471 3642 missa,
502 3594 592 3633 etc.

363 3667 427 3730 (Ξ)
465 3665 747 3716 Addendum
773 3702 787 3725 ,
841 3662 964 3712 hanc
1006 3663 1251 3711 homiliam
1295 3679 1321 3710 a

1397 2254 1449 2304 S.
1468 2254 1640 2303 Basilio
1662 2256 1889 2321 adscripta
1913 2267 2039 2303 sunt.
2059 2254 2195 2321 Quod
2218 2256 2427 2320 profecto

1399 2338 1586 2386 Palmer
1614 2339 1826 2402 ignorare
1854 2355 1950 2385 non
1979 2348 2187 2402 poterat;
2221 2348 2424 2387 attamen

1398 2421 1526 2470 velut
1550 2423 1807 2486 genuinum
1838 2419 1886 2468 S.
1917 2419 2066 2469 Patris
2097 2422 2260 2469 soetum
2291 2420 2429 2469 nobis

1401 2503 1633 2551 obtrudit.

1470 2586 1533 2651 (3)
1571 2584 1792 2650 Quinimo
1825 2585 2068 2650 profitetur
2096 2585 2184 2633 sibi
2212 2585 2290 2633 hic
2320 2602 2426 2650 pro—

1398 2672 1604 2733 posuisse
1632 2667 1684 2716 S.
1717 2668 1913 2716 Basilius
1948 2668 2057 2716 solis
2087 2667 2429 2732 Scripturarum

1399 2750 1548 2800 verbis
1584 2769 1812 2816 exponere
1851 2752 2023 2807 fidem,
2067 2752 2123 2800 de
2170 2770 2259 2817 qua
2293 2755 2429 2820 agit.3

1399 2853 1452 2884 n.
1487 2831 1517 2881 5
1538 2871 1550 2892 ‚
1591 2834 1825 2892 inculcat,
1862 2835 1913 2881 in
1944 2834 2052 2881 fidei
2084 2835 2268 2898 negotio
2302 2849 2428 2881 rece-

1401 2916 1607 2965 dendum
1634 2916 1760 2963 haud
1792 2933 1887 2963 esse
1910 2933 1936 2962 a
1955 2914 2242 2963 Sanctorum
2271 2913 2429 2961 tradi-

1403 3000 1531 3048 tione
1559 3006 1605 3046 et
1631 3000 1894 3047 institutis.

1474 3084 1542 3146 (la)
1578 3081 1644 3129 Ita
1666 3084 1790 3129 enim
1812 3081 1979 3145 legitur
2010 3082 2103 3129 loc.
2138 3083 2255 3128 cit.:
2289 3079 2435 3145 Quod

1404 3168 1451 3215 si
1488 3164 1700 3231 Anyelos
1740 3166 1989 3214 ministros
2029 3162 2287 3211 allocutum
2329 3181 2430 3211 res-

1398 3247 1654 3314 ponderis,
1675 3248 1771 3294 sive
1801 3263 1988 3307 onmes,
2014 3246 2140 3310 quod
2170 3246 2433 3293 absurdum

1406 3340 1472 3379 esc
1490 3367 1506 3393 ‚
1540 3331 1644 3378 sive
1663 3345 1849 3395 paucos
1873 3327 2086 3387 dixeris,
2105 3345 2215 3375 cum
2235 3328 2286 3375 id
2302 3326 2435 3375 nullo

1406 3412 1699 3478 Scripturas„
1722 3421 1811 3460 etc.
1835 3410 2013 3458 Prostat
2040 3429 2172 3475 porro
2203 3412 2289 3458 hoc
2320 3428 2434 3475 opus

1407 3493 1651 3560 Euthymii
1676 3496 1810 3543 etiam
1830 3496 1878 3541 in
1898 3492 2132 3542 Biblioth.
2161 3494 2302 3543 Patr.
2319 3493 2433 3550 edit.

1410 3578 1559 3643 Lugd.
1591 3575 1714 3644 1677
1737 3614 1750 3638 ,
1785 3587 1895 3624 tom.
1920 3594 2034 3635 xix,
2066 3593 2178 3644 pag.
2211 3573 2298 3642 49.
