2502 4134
377 128 536 166 ram.
582 126 663 163 ιιι.
708 126 859 164 snc'r.
906 126 945 162 1.
995 125 1117 165 cAr.
1162 124 1247 163 ιιι.
1299 100 1370 160 nn'
1411 124 1538 161 aar.
1588 122 1715 159 rosr
1759 123 1867 160 rm.
2061 102 2177 162 5⁴29

72 275 291 333 dictum
329 280 452 343 est,
490 268 563 328 de
592 267 960 348 dogmatibus
989 267 1226 347 singulis
1262 265 1373 325 dici
1411 265 1629 347 pariter
1657 262 1854 352 debet.
1890 265 2177 347 Explora-
2280 348 2282 350 v

68 379 195 425 tum
234 355 453 446 quippe
481 375 601 434 est,
648 362 957 423 Ecclesiam
986 361 1256 441 dogmata
1285 381 1386 419 sua
1424 381 1545 418 non
1566 358 1777 419 cudere
1800 371 1903 418 aut
1926 359 1999 419 de
2019 382 2176 422 novo

62 460 324 543 proferre
345 505 361 533 7
396 480 529 517 cum
565 456 974 540 Apostolorum
1002 456 1167 515 obitu
1192 455 1382 513 omnis
1405 455 1468 512 in
1493 476 1559 513 ea
1585 455 1824 514 cessarit
1857 455 2137 516 revelatio
2153 502 2170 531 ,

65 574 191 636 quae
226 554 301 613 ad
339 553 475 613 fidei
513 543 841 635 depositum
881 561 1104 633 spectet
1129 550 1260 630 (1);
1299 570 1366 609 ea
1409 549 1584 628 igitur
1622 560 1856 613 tantum
1884 550 2175 611 credenda

62 649 374 731 proponit,
414 668 540 730 quae
579 669 650 707 ex
688 639 888 706 divina
919 645 1142 726 accepit
1179 657 1358 726 atque
1395 643 1588 703 hausit
1623 643 2001 719 revelatione.
2042 649 2177 706 Jam

64 765 203 804 vero
232 743 478 802 Ecclesia
497 786 514 817 ‚
546 741 891 800 auctoritate
925 739 1217 798 infallibili
1256 761 1320 798 ac
1347 738 1637 801 infallibili
1658 742 1984 820 magisterio
2006 764 2036 801 a
2058 745 2182 802 Deo·

66 839 365 897 conditore
402 858 505 895 suo
551 837 868 909 instructa,
917 846 1195 894 contenta
1236 845 1358 908 est,
1400 848 1531 916 quae
1565 856 1597 893 a
1639 838 1761 894 Deo
1802 841 2026 919 accepit
2053 860 2182 899 cre-

64 933 254 993 denda
293 931 558 991 fidelibus
594 931 841 1012 positive
875 933 1206 1011 proponere
1227 974 1243 1003 ,
1280 929 1425 1010 quin
1457 950 1718 1010 unquam
1737 916 2055 1018 disceptet,
2079 945 2183 991 aut

66 1050 196 1087 cum
227 1027 361 1086 fidei
385 1025 646 1085 hostibus
669 1024 1107 1105 congrediatur3
1134 1023 1492 1083 docilitatem
1516 1023 1764 1103 proinde
1788 1025 1977 1084 solum
2002 1028 2180 1107 exigit

65 1146 96 1182 a
127 1122 257 1181 filiis
292 1123 438 1195 suiS‚
465 1142 575 1180 nec
603 1121 670 1178 iis
696 1119 844 1178 solet
871 1119 1161 1178 rationem
1185 1117 1463 1192 reddere,
1501 1134 1604 1177 cur
1640 1119 1749 1177 hoc·
1779 1122 1969 1200 potius
2000 1144 2179 1204 quam

60 1216 211 1276 illud
241 1216 452 1296 dogma
489 1214 847 1275 credendum
883 1224 1220 1296 proponant
1251 1211 1372 1292 (2).-
1408 1213 1640 1301 Duplex
1668 1203 1816 1274 inde>
1846 1217 1909 1273 in
1943 1204 2180 1276 doctore'

32 1320 276 1371 ‘munus
313 1311 496 1369 oritur
538 1308 878 1369 obeundum
901 1353 916 1382 ,
959 1320 1090 1366 tum
1129 1306 1396 1382 videlicet
1429 1306 1770 1367 adstruendi
1807 1303 2179 1371 existentiam

62 1426 213 1468 verae
227 1404 484 1464 Ecclesia>
502 1424 535 1461 a
559 1403 792 1461 Christo
812 1403 1093 1461 institutae
1116 1407 1358 1483 ejusque
1387 1403 1869 1463 constitutionem
1885 1427 1984 1465 seu
2002 1419 2182 1467 natu-¹

60 1521 213 1574 ram,
264 1497 652 1579 proprietates
699 1515 779 1566 ac¹
803 1505 1009 1567 notaS,
1057 1515 1167 1553 nec
1211 1517 1335 1553 non
1380 1495 1546 1555 dotes
1585 1497 1796 1577 quibus
1844 1499 1919 1558 ab
1969 1502 2179 1563 eodem

62 1593 292 1654 Christo
315 1590 610 1652 cumulata
635 1601 724 1648 est
743 1633 759 1662 .,
794 1599 923 1647 tum
945 1588 1334 1648 confirmandi
1356 1588 1628 1670 dogmata
1644 1591 1869 1673 singula
1894 1594 1967 1653 ab
1995 1597 2182 1657 Eccle-v

61 1690 143 1748 sia
173 1687 355 1748 veluti
392 1685 526 1744 fidei
572 1682 797 1763 obJecta
838 1686 1173 1765 proposita,
1222 1685 1390 1743 initio
1428 1698 1665 1767 sumpto
1708 1709 1740 1746 a
1783 1689 1995 1769 regulis
2041 1693 2189 1752 fidei.

59 1783 297 1843 remotis
319 1826 334 1855 .,
362 1781 660 1861 Scriptura
686 1789 745 1840 et
767 1778 1100 1838 Traditione
1120 1824 1136 1854 .‚
1162 1779 1226 1837 in
1244 1779 1454 1861 quibus
1474 1780 1611 1840 fidei
1634 1781 1961 1864 depositum
1986 1798 2175 1848 totum

63 1878 433 1949 continetur,
477 1894 543 1933 ac
578 1873 795 1932 deinde
847 1872 1031 1953 gradu
1076 1873 1227 1932 facto
1265 1873 1341 1932 ad
1380 1875 1689 1956 peculiaria
1732 1877 2002 1959 dogmata
2042 1883 2181 1942 reli-

62 1994 196 2054 qua.
246 1969 477 2051 Duplex
528 1990 701 2050 porro
746 1967 854 2026 boc
891 1990 1106 2027 munus
1154 1967 1317 2031 obire
1363 1991 1734 2052 nequaquam
1775 1976 2029 2053 poterit,
2074 1980 2175 2059 qui

49 2067 164 2126 fide
201 2076 515 2150 contentus
558 2086 710 2140 una,
753 2074 925 2124 rectae
966 2075 1143 2146 atque
1189 2063 1436 2125 excultae
1465 2066 1716 2147 negligat
1752 2067 1995 2129 rationis
2031 2071 2179 2131 sub·-

51 2162 266 2221 sidium
308 2160 419 2239 (3).

136 2256 278 2315 280.
330 2257 399 2314 Et
438 2254 585 2313 illud
621 2254 737 2313 huc
778 2253 1027 2329 accedit,
1066 2254 1225 2336 quod
1268 2254 1552 2314 nonnulla
1586 2255 1859 2338 dogmata
1902 2280 2174 2342 expresse

55 2353 116 2410 in
153 2349 464 2431 Scripturis
497 2348 656 2431 haud
689 2349 1137 2426 contineantur3
1173 2349 1461 2408 nonnulla
1484 2351 1663 2409 etiam
1684 2342 1929 2411 'patrum
1957 2354 2129 2413 effata
2151 2399 2168 2428 .,

53 2466 257 2505 eorum
301 2444 621 2525 praesertim
652 2444 752 2525 qui
782 2455 920 2502 ante
962 2455 1226 2503 exortam
1255 2444 1614 2526 peculiarem
1647 2467 1943 2529 quamque
1983 2448 2172 2509 haere·-

56 2542 164 2599 sim
203 2539 565 2613 floruerunt,
606 2538 1021 2599 obscuritatem
1048 2561 1174 2622 prae
1206 2562 1266 2599 se
1293 2541 1517 2617 ferant,
1547 2542 1666 2601 imo
1703 2543 2005 2603 interdum
2029 2565 2172 2603 con-

55 2636 230 2694 traria
263 2634 573 2695 videantur
597 2635 666 2693 iis
684 2679 701 2709 ,
727 2656 857 2716 quae
880 2647 1081 2716 postea
1106 2634 1348 2696 definita
1368 2635 1443 2695 ab
1460 2636 1706 2697 Ecclesia
1735 2650 1894 2697 sunt.
1926 2640 2172 2721 Insuper

116 2854 182 2917 (1)
221 2853 537 2902 Revelationes
561 2856 686 2902 enim
710 2855 934 2919 privam,
964 2871 1069 2921 quae
1153 2855 1238 2904 lib.
1274 2872 1319 2903 lx
1339 2891 1354 2915 ,
1394 2873 1497 2921 cap.
1530 2855 1563 2919 4
1594 2873 1609 2903 =
1645 2855 1750 2923 Qui
1786 2855 2067 2919 theoloqiam
2100 2860 2170 2906 sic

57 2938 444 2985 circumferuntur
462 2973 475 2995 ‚
510 2954 584 2984 ex.
602 2954 669 3001 gr.
686 2931 739 2984 S.
761 2936 1067 3001 Hildegardae,
1154 2938 1400 3000 instituit,
1430 2945 1483 2985 ut
1499 2936 1630 2984 nihil
1648 2936 1819 2987 habeat
1841 2954 1951 2986 cum
1980 2947 2169 2988 natura

58 3014 104 3064 S.
146 3016 416 3078 Gertrudis,
461 3017 658 3082 Birgittae
678 3055 691 3077 ,
742 3028 832 3067 etc.
873 3033 1070 3085 quaeque
1155 3021 1343 3068 ratione
1377 3017 1713 3085 conjunctum,
1756 3023 2009 3085 omniaque
2039 3039 2170 3087 eqre-

63 3099 198 3146 etiam
216 3100 412 3163 probatae
425 3100 483 3147 ab
502 3100 701 3148 Ecclesia
718 3100 957 3159 dIcuntur,
976 3117 1072 3148 non
1152 3104 1248 3168 qiae
1271 3100 1544 3167 disciplinae
1570 3101 1668 3151 sola
1691 3099 2059 3168 Scripturarum
2071 3103 2173 3167 fide

63 3198 116 3229 eo
148 3197 280 3229 sensu
313 3183 507 3247 probatae
543 3193 682 3243 sunt,
718 3183 843 3249 quod
870 3185 1071 3231 auctori·
1155 3184 1380 3244 metitur,
1416 3182 1523 3241 hic,
1551 3185 1596 3231 si
1628 3185 1685 3230 in
1723 3201 1777 3231 ea
1807 3186 2035 3249 opinione
2055 3203 2172 3250 per-

64 3272 207 3310 tatem
236 3262 438 3328 aliquam
461 3264 663 3328 habeant
679 3265 735 3313 ad
754 3283 830 3324 ea,
849 3281 950 3331 quae
966 3264 1073 3312 fidei
1155 3266 1318 3326 sistat,
1357 3273 1403 3313 et
1429 3281 1528 3313 non
1547 3265 1790 3313 interdum
1820 3274 2011 3315 naturoe
2037 3266 2171 3315 boni-

67 3355 206 3403 sunt‚
239 3345 544 3407 adstruenda,
578 3348 657 3396 sed
689 3347 838 3395 solum
868 3347 927 3395 ad
955 3345 1077 3395 oedi·
1160 3354 1253 3395 tate
1288 3348 1548 3408 vincatur,
1592 3363 1679 3395 nec
1712 3346 1991 3412 theoloqiam
2026 3347 2172 3397 colere

61 3426 331 3490 ficationem
358 3425 590 3489 fidelium.
1160 3430 1377 3493 tuerique
1403 3436 1589 3495 potest,
1632 3445 1717 3478 uec
1752 3429 1900 3493 fidem
1913 3465 1931 3491 ‚
1967 3447 2052 3478 nec
2079 3429 2169 3477 hu-

140 3507 206 3570 (2)
242 3507 523 3557 Recolantur
545 3512 749 3576 superius
783 3511 924 3559 dicta.
1160 3512 1459 3558 manitatem.

141 3588 207 3651 (3)
245 3588 366 3637 Hinc
389 3592 559 3655 optime
591 3593 773 3653 Canus,
811 3591 892 3639 De
924 3580 1070 3653 loeis,

150 3683 216 3740 T.
266 3684 358 3742 lx.
1651 3669 1655 3674 ’
1865 3683 1940 3741 34
