2502 4134
199 172 274 230 14
817 192 1014 232 macr.
1064 194 1134 231 DE
1179 191 1330 232 roms
1374 193 1759 233 rnssotocicffi.

279 341 381 400 21.
431 339 565 402 Sive
613 337 790 419 igitur
836 361 1126 399 canonem
1169 335 1587 397 Tridentinum
1627 359 1764 398 cum
1808 358 2032 397 canone
2077 339 2340 401 confera-

199 458 363 512 mus,
403 437 503 518 qui
548 457 781 517 semper
817 447 1083 497 retentus
1120 434 1232 493 fuit
1275 433 1338 491 in
1379 432 1625 493 Ecclesia
1662 436 1924 493 Romana
1946 480 1961 509 a
1995 455 2061 493 ac
2095 435 2343 517 proinde

197 533 262 591 in
303 532 566 591 Ecclesiis
597 532 741 590 item
771 529 1228 591 occidentalibus
1265 527 1537 610 reliquis3
1565 530 1688 590 sive
1730 543 1931 593 vetera
1973 530 2344 592 consulamus

197 639 586 688 monumenta
646 628 1036 710 antiquasque
1090 626 1426 698 versioneS‚
1479 637 1754 696 constat,
1817 626 1978 708 quod
2028 629 2341 709 proposui-

196 747 367 801 nmS.,
402 746 691 784 canonem
728 723 944 782 scilicet
981 721 1398 780 Tridentinum
1431 719 1686 780 solidum
1733 722 1798 780 in
1839 722 2193 804 antiquitate
2226 723 2337 783 ha-

196 820 335 882 bere
390 819 887 894 fundamentum,
940 838 1004 877 ac
1051 818 1352 899 integrum
1405 827 1719 899 propterea
1774 818 2017 878 omnino
2068 841 2191 880 esse
2244 841 2340 880 re·

198 917 532 979 tinendum.

1023 1064 1522 1108 DIFFICULTATES.

279 1225 382 1285 22.
429 1223 563 1303 obj.
624 1223 836 1307 prima.
901 1221 965 1280 10
1000 1220 1311 1303 Scripturae
1370 1241 1562 1279 canon
1617 1239 1738 1278 non
1792 1217 1866 1278 ab
1922 1239 2040 1278 una
2103 1219 2349 1280 Ecclesia

201 1334 475 1395 tantum,
530 1319 634 1379 sed
675 1317 749 1377 ab
789 1316 1107 1391 omnibuS‚
1166 1337 1268 1375 seu
1323 1314 1396 1374 ab
1452 1315 1701 1375 Ecclesia
1753 1316 2025 1376 universa
2074 1317 2350 1375 constitui

198 1416 396 1479 debet.
433 1418 650 1476 Verum
683 1413 825 1497 quid
865 1413 1163 1486 dicemuS‚
1213 1412 1261 1469 si
1304 1412 1373 1470 20
1418 1433 1496 1472 ne
1545 1423 1765 1470 constet
1800 1411 2043 1493 quidem
2089 1412 2163 1472 de
2205 1434 2350 1472 con-

198 1515 379 1574 stanti
417 1512 679 1572 Ecclesiae
718 1513 998 1569 Romanae
1033 1507 1350 1567 traditione
1366 1506 1397 1568 ’ἶ
1436 1509 1671 1567 Etenim
1716 1509 1780 1588 a)
1820 1509 2109 1588 Eugenius
2142 1509 2214 1567 IV
2249 1507 2349 1568 de·

196 1622 426 1670 cretum
454 1631 628 1668 suum
670 1607 834 1666 dedit
869 1617 1005 1688 post
1047 1607 1388 1665 Graecorum
1435 1604 1775 1664 discessum.
1818 1606 1880 1686 h)
1912 1602 2115 1664 Dubiae
2151 1596 2350 1677 autem

196 1707 333 1767 fidei
359 1718 447 1767 est
475 1703 719 1788 epistola
753 1703 1088 1763 Innocentii
1118 1702 1194 1761 ad
1230 1703 1644 1784 Exsuperium.
1674 1704 1730 1782 c)
1768 1703 1973 1761 Canon
2006 1702 2209 1761 XLVII
2237 1701 2351 1762 dici

196 1804 407 1886 nequit
424 1799 1183 1879 ConciliiCarthaginiensis
1202 1800 1281 1858 ΙΙΙ
1299 1846 1315 1874 ,
1337 1798 1498 1882 quod
1523 1798 1879 1859 celebratum
1908 1811 1997 1858 est
2026 1821 2184 1857 anno
2203 1799 2344 1859 397.

196 1904 350 1961 Nam
386 1921 419 1959 3
454 1897 711 1958 Concilio
754 1897 829 1956 ad
863 1896 1230 1957 Bonifacium
1257 1897 1605 1955 Pontificem
1637 1895 1732 1954 hic
1763 1917 1954 1954 canon
1986 1895 2195 1954 missus
2221 1907 2347 1971 est⁷

197 2019 333 2057 cum
369 2008 571 2055 tamen
611 2004 874 2068 constet,
909 2015 1068 2051 anno
1106 1992 1223 2051 397
1257 1993 1542 2073 Syricium
1578 1991 1778 2051 sedem
1815 1993 2143 2050 Romanam
2176 2013 2345 2050 occu-

196 2115 385 2177 passe.
413 2092 483 2172 d)
512 2095 827 2151 Decretum
854 2090 1230 2149 Gelasianum
1258 2094 1423 2168 juxta
1451 2089 1716 2148 Caveum
1752 2089 2188 2170 supposititium
2221 2098 2309 2148 est
2329 2132 2347 2162 .,

196 2214 333 2252 cum
366 2190 430 2249 in
454 2189 713 2271 antiquis
749 2186 1191 2247 collectionibus
1226 2189 1477 2245 Damaso
1503 2185 1833 2260 tribuatur,
1869 2183 2173 2243 interdum
2206 2205 2347 2243 vero

200 2286 553 2346 Hormisdae.
619 2286 671 2364 e)
735 2282 990 2366 Epistola
1046 2294 1247 2342 autem
1308 2281 1630 2342 Clementis
1693 2281 1943 2339 Romani
1973 2325 1989 2355 ‚
2050 2280 2099 2339 si
2162 2302 2351 2338 unum

195 2383 527 2444 alterumve
561 2380 782 2440 librum
822 2380 1119 2462 excipias,r
1161 2378 1396 2437 nullum
1438 2401 1644 2439 eorum
1673 2378 1731 2436 in
1774 2376 2110 2459 particulari
2143 2375 2353 2459 appel—

196 2480 279 2539 lat
299 2526 315 2555 ,
347 2480 432 2538 uti
454 2477 732 2538 observat
757 2475 972 2536 Millius
996 2521 1012 2550 ,
1042 2475 1144 2556 qui
1175 2486 1489 2556 propterea
1514 2472 1813 2533 concludit
1834 2519 1849 2548 ,
1887 2473 2149 2554 primum
2173 2492 2351 2530 cano-

195 2598 338 2635 nem
366 2575 543 2632 fuisse
574 2576 826 2655 quatuOr
853 2570 1327 2651 Evangeliorum.
1363 2570 1429 2629 30
1455 2573 1595 2643 Quis
1629 2582 1717 2629 est
1746 2580 2031 2650 praeterea
2069 2566 2169 2648 qui
2209 2588 2349 2626 nes-

197 2673 313 2730 ciat
330 2716 346 2745 ⁷
371 2670 683 2750 antiquum
709 2689 998 2726 canonem
1024 2688 1126 2726 seu
1149 2687 1395 2724 censum
1416 2665 1739 2723 Bibliorum
1764 2685 1932 2745 aeque
1957 2685 2022 2723 ac
2050 2663 2349 2723 versiones

197 2779 428 2829 veteres
467 2763 770 2824 abundare
811 2761 1150 2835 interdum,
1189 2760 1494 2820 interdum
1528 2782 1666 2822 vero
1699 2758 1986 2820 deficere?
2025 2758 2347 2819 Abundant

201 2862 477 2946 quidem,
521 2861 665 2920 dum
712 2872 831 2918 tres
870 2857 1079 2917 saltem
1120 2856 1301 2916 libros
1336 2855 1622 2917 exhibent
1651 2855 2156 2927 Machabaeorum,
2194 2878 2344 2939 qua-

202 2971 338 3018 tuor
370 2958 567 3018 Esdrae
589 3003 605 3033 a
649 2954 959 3038 epistolam
988 2964 1272 3037 praeterea
1303 2955 1361 3013 S.
1394 2953 1713 3013 Clementis
1732 2997 1748 3028 ,
1780 2964 1883 3012 aut
1909 2952 2192 3013 Barnabae
2219 2973 2342 3034 prae

198 3077 259 3116 se
287 3055 519 3129 ferunt3
548 3053 828 3114 deficiunt
849 3097 864 3126 7
899 3072 1034 3110 cum
1061 3050 1348 3110 omittunt
1373 3049 1591 3109 librum
1615 3049 1839 3109 Baruch
1863 3095 1879 3125 ‚
1919 3060 1985 3108 ut
2017 3047 2341 3108 Concilium

199 3151 658 3231 Carthaginense
703 3150 820 3223 1115
866 3160 925 3209 et
976 3147 1280 3208 decretum
1323 3146 1534 3208 Gelasii
1559 3194 1574 3222 ,
1628 3148 1691 3205 in
1734 3169 1851 3230 quo
1899 3158 2182 3230 praeterea
2218 3166 2340 3204 non

199 3259 537 3308 recensetur
571 3247 681 3306 nisi
718 3247 922 3305 unicus
954 3244 1104 3305 liber
1139 3244 1334 3305 Esdrae
1371 3257 1431 3304 et
1468 3244 1957 3305 Machabaeorum.
2003 3245 2171 3322 Ergo·

282 3343 382 3404 23.
425 3346 598 3426 Resp.
650 3342 737 3402 Ad
790 3344 893 3417 1¹1¹,
947 3344 1110 3403 Dz'st.
1159 3342 1216 3400 Si
1265 3341 1513 3401 Ecclesia
1562 3341 1661 3400 illa
1709 3363 1831 3400 non
1874 3350 2028 3400 esset
2073 3338 2339 3397 omnium

199 3440 598 3501 Ecclesiarum
647 3450 833 3511 mater
875 3450 935 3498 et
969 3437 1282 3517 magistra,
1324 3459 1488 3497 conc.
1511 3459 1532 3507 ;
1576 3438 1624 3496 si
1661 3435 1794 3496 talis
1832 3436 1942 3510 sit,
1984 3455 2116 3514 neq.
2162 3434 2340 3492 Porro

200 3536 451 3597 Ecclesia
490 3537 750 3594 Romana
774 3580 789 3610 ‚
829 3556 966 3595 cum
993 3532 1298 3617 privilegio
1325 3534 1556 3594 fruatur
1585 3534 1869 3616 primatus
1899 3531 1962 3590 in
2000 3530 2339 3591 universam

203 3631 515 3692 Ecclesiam
545 3677 561 3706 7
605 3641 812 3714 utpote
858 3652 990 3713 quae
1035 3629 1280 3690 fundata
1324 3631 1399 3690 sit
1434 3653 1467 3690 a
1510 3633 1681 3691 Petro
1720 3626 2133 3711 Apostolorum
2169 3627 2338 3709 prin·—

200 3730 327 3811 cipe
350 3774 365 3803 a
404 3728 505 3810 qui
535 3749 668 3788 eam
693 3726 802 3786 sibi
831 3728 893 3786 in
921 3725 1121 3787 sedem
1155 3725 1328 3808 elegit
1351 3773 1367 3803 ,
1399 3749 1502 3787 sua
1529 3726 1722 3810 potuit
1752 3724 2097 3785 auctoritate
2123 3721 2335 3783 consti-
