<?xml version="1.0" encoding="UTF-8"?>
<!DOCTYPE html PUBLIC "-//W3C//DTD XHTML 1.0 Transitional//EN"
    "http://www.w3.org/TR/xhtml1/DTD/xhtml1-transitional.dtd">
<html xmlns="http://www.w3.org/1999/xhtml" xml:lang="en" lang="en">
 <head>
  <title>
</title>
<meta http-equiv="Content-Type" content="text/html;charset=utf-8" />
  <meta name='ocr-system' content='tesseract 3.04.00' />
  <meta name='ocr-capabilities' content='ocr_page ocr_carea ocr_par ocr_line ocrx_word'/>
</head>
<body>
  <div class='ocr_page' id='page_1' title='image "a603693809perruoft_0323.png"; bbox 0 0 2502 4134; ppageno 0'>
   <div class='ocr_carea' id='block_1_1' title="bbox 347 137 2220 206">
    <p class='ocr_par' dir='ltr' id='par_1_1' title="bbox 347 137 2220 206">
     <span class='ocr_line' id='line_1_1' title="bbox 347 137 2220 206; baseline -0.006 0"><span class='ocrx_word' id='word_1_1' title='bbox 347 168 505 206; x_wconf 69' lang='lat' dir='ltr'>mir.</span> <span class='ocrx_word' id='word_1_2' title='bbox 553 167 618 203; x_wconf 87' lang='lat'>11.</span> <span class='ocrx_word' id='word_1_3' title='bbox 666 165 817 203; x_wconf 72' lang='lat' dir='ltr'>sno&#39;r.</span> <span class='ocrx_word' id='word_1_4' title='bbox 860 163 922 200; x_wconf 90' lang='grc' dir='ltr'>ιι.</span> <span class='ocrx_word' id='word_1_5' title='bbox 970 164 1094 202; x_wconf 66' lang='grc' dir='ltr'>οη.</span> <span class='ocrx_word' id='word_1_6' title='bbox 1140 162 1227 200; x_wconf 87' lang='grc' dir='ltr'><strong>ιιι.</strong></span> <span class='ocrx_word' id='word_1_7' title='bbox 1276 162 1345 198; x_wconf 71' lang='lat' dir='ltr'>nn</span> <span class='ocrx_word' id='word_1_8' title='bbox 1375 160 1523 199; x_wconf 72' lang='lat' dir='ltr'>mnu.</span> <span class='ocrx_word' id='word_1_9' title='bbox 1572 160 1720 198; x_wconf 70' lang='lat' dir='ltr'>snm.</span> <span class='ocrx_word' id='word_1_10' title='bbox 1766 157 1929 195; x_wconf 64' lang='lat' dir='ltr'>rna».</span> <span class='ocrx_word' id='word_1_11' title='bbox 2102 137 2220 196; x_wconf 83' lang='lat'>315</span> 
     </span>
    </p>
   </div>
   <div class='ocr_carea' id='block_1_2' title="bbox 99 294 2236 2380">
    <p class='ocr_par' dir='ltr' id='par_1_2' title="bbox 99 294 2227 1147">
     <span class='ocr_line' id='line_1_2' title="bbox 105 294 2220 381; baseline -0.007 -10"><span class='ocrx_word' id='word_1_12' title='bbox 105 332 315 371; x_wconf 90' lang='lat' dir='ltr'>norum</span> <span class='ocrx_word' id='word_1_13' title='bbox 343 308 523 368; x_wconf 90' lang='lat' dir='ltr'>fidem</span> <span class='ocrx_word' id='word_1_14' title='bbox 557 308 706 366; x_wconf 86' lang='lat' dir='ltr'>circa</span> <span class='ocrx_word' id='word_1_15' title='bbox 741 304 1046 363; x_wconf 86' lang='lat' dir='ltr'>lustricum</span> <span class='ocrx_word' id='word_1_16' title='bbox 1075 324 1397 376; x_wconf 71' lang='lat' dir='ltr'>carcerem,</span> <span class='ocrx_word' id='word_1_17' title='bbox 1429 300 1864 381; x_wconf 83' lang='lat' dir='ltr'>ac-suffragium</span> <span class='ocrx_word' id='word_1_18' title='bbox 1900 294 2059 379; x_wconf 85' lang='lat' dir='ltr'>quod</span> <span class='ocrx_word' id='word_1_19' title='bbox 2088 299 2220 357; x_wconf 89' lang='lat' dir='ltr'>ani-</span> 
     </span>
     <span class='ocr_line' id='line_1_3' title="bbox 104 391 2224 477; baseline -0.006 -13"><span class='ocrx_word' id='word_1_20' title='bbox 104 404 311 463; x_wconf 90' lang='lat' dir='ltr'>mabus</span> <span class='ocrx_word' id='word_1_21' title='bbox 355 404 415 461; x_wconf 91' lang='lat' dir='ltr'>in</span> <span class='ocrx_word' id='word_1_22' title='bbox 453 401 555 460; x_wconf 93' lang='lat' dir='ltr'>illo</span> <span class='ocrx_word' id='word_1_23' title='bbox 603 400 853 460; x_wconf 89' lang='lat' dir='ltr'>detentis</span> <span class='ocrx_word' id='word_1_24' title='bbox 902 399 1143 459; x_wconf 84' lang='lat' dir='ltr'>affertur</span> <span class='ocrx_word' id='word_1_25' title='bbox 1185 419 1257 456; x_wconf 78' lang='lat' dir='ltr'>ex</span> <span class='ocrx_word' id='word_1_26' title='bbox 1293 396 1559 464; x_wconf 72' lang='lat' dir='ltr'>fidelium¹</span> <span class='ocrx_word' id='word_1_27' title='bbox 1591 394 1859 477; x_wconf 89' lang='lat' dir='ltr'>precibus</span> <span class='ocrx_word' id='word_1_28' title='bbox 1896 391 2020 472; x_wconf 80' lang='lat' dir='ltr'>(l);</span> <span class='ocrx_word' id='word_1_29' title='bbox 2065 408 2224 452; x_wconf 90' lang='lat' dir='ltr'>nunc</span> 
     </span>
     <span class='ocr_line' id='line_1_4' title="bbox 105 488 2220 576; baseline -0.006 -18"><span class='ocrx_word' id='word_1_30' title='bbox 105 498 317 558; x_wconf 83' lang='lat' dir='ltr'>addere</span> <span class='ocrx_word' id='word_1_31' title='bbox 334 500 552 575; x_wconf 83' lang='lat' dir='ltr'>juverit</span> <span class='ocrx_word' id='word_1_32' title='bbox 574 496 1015 576; x_wconf 82' lang='lat' dir='ltr'>inscriptionem</span> <span class='ocrx_word' id='word_1_33' title='bbox 1036 496 1100 552; x_wconf 91' lang='lat' dir='ltr'>in</span> <span class='ocrx_word' id='word_1_34' title='bbox 1120 492 1351 553; x_wconf 73' lang='lat' dir='ltr'>callixti</span> <span class='ocrx_word' id='word_1_35' title='bbox 1373 514 1477 551; x_wconf 86' lang='lat' dir='ltr'>seu</span> <span class='ocrx_word' id='word_1_36' title='bbox 1494 490 1823 550; x_wconf 63' lang='lat' dir='ltr'>Praetextati</span> <span class='ocrx_word' id='word_1_37' title='bbox 1849 488 2220 571; x_wconf 90' lang='lat' dir='ltr'>sepulchreto</span> 
     </span>
     <span class='ocr_line' id='line_1_5' title="bbox 104 583 2226 673; baseline -0.005 -22"><span class='ocrx_word' id='word_1_38' title='bbox 104 603 398 673; x_wconf 81' lang='lat' dir='ltr'><strong>repertam</strong></span> <span class='ocrx_word' id='word_1_39' title='bbox 421 636 438 664; x_wconf 79' lang='lat'>‚</span> <span class='ocrx_word' id='word_1_40' title='bbox 479 593 542 648; x_wconf 90' lang='lat' dir='ltr'>in</span> <span class='ocrx_word' id='word_1_41' title='bbox 574 611 685 671; x_wconf 91' lang='lat' dir='ltr'>qua</span> <span class='ocrx_word' id='word_1_42' title='bbox 724 589 877 649; x_wconf 88' lang='lat' dir='ltr'>tituli</span> <span class='ocrx_word' id='word_1_43' title='bbox 918 587 1184 648; x_wconf 88' lang='lat' dir='ltr'>conditor</span> <span class='ocrx_word' id='word_1_44' title='bbox 1223 597 1388 666; x_wconf 88' lang='lat' dir='ltr'>optat</span> <span class='ocrx_word' id='word_1_45' title='bbox 1418 606 1485 643; x_wconf 88' lang='lat' dir='ltr'>ac</span> <span class='ocrx_word' id='word_1_46' title='bbox 1507 596 1781 666; x_wconf 81' lang='lat' dir='ltr'><strong>precatur</strong></span> <span class='ocrx_word' id='word_1_47' title='bbox 1805 583 2080 643; x_wconf 89' lang='lat' dir='ltr'>defuncto</span> <span class='ocrx_word' id='word_1_48' title='bbox 2103 627 2119 657; x_wconf 74' lang='grc'><em>,</em></span> <span class='ocrx_word' id='word_1_49' title='bbox 2159 593 2226 640; x_wconf 88' lang='lat' dir='ltr'>ut</span> 
     </span>
     <span class='ocr_line' id='line_1_6' title="bbox 104 677 2225 764; baseline -0.006 -17"><span class='ocrx_word' id='word_1_50' title='bbox 104 690 273 747; x_wconf 78' lang='lat' dir='ltr'>illius</span> <span class='ocrx_word' id='word_1_51' title='bbox 310 690 474 747; x_wconf 70' lang='lat' dir='ltr'>Deus</span> <span class='ocrx_word' id='word_1_52' title='bbox 510 687 850 745; x_wconf 76' lang='lat' dir='ltr'><em>recordetur</em></span> <span class='ocrx_word' id='word_1_53' title='bbox 872 685 982 764; x_wconf 75' lang='lat'>(2).</span> <span class='ocrx_word' id='word_1_54' title='bbox 1026 685 1148 742; x_wconf 90' lang='lat' dir='ltr'>Hoc</span> <span class='ocrx_word' id='word_1_55' title='bbox 1177 681 1334 740; x_wconf 87' lang='lat' dir='ltr'>idem</span> <span class='ocrx_word' id='word_1_56' title='bbox 1369 681 1601 738; x_wconf 83' lang='lat' dir='ltr'>conficit</span> <span class='ocrx_word' id='word_1_57' title='bbox 1641 679 1982 738; x_wconf 82' lang='lat' dir='ltr'>Brixianum</span> <span class='ocrx_word' id='word_1_58' title='bbox 2022 677 2225 760; x_wconf 87' lang='lat' dir='ltr'>dypti—</span> 
     </span>
     <span class='ocr_line' id='line_1_7' title="bbox 104 775 2227 861; baseline -0.005 -20"><span class='ocrx_word' id='word_1_59' title='bbox 104 805 274 857; x_wconf 66' lang='lat' dir='ltr'>cum,</span> <span class='ocrx_word' id='word_1_60' title='bbox 320 782 410 839; x_wconf 88' lang='lat' dir='ltr'>his</span> <span class='ocrx_word' id='word_1_61' title='bbox 450 781 641 842; x_wconf 85' lang='lat' dir='ltr'>verbis</span> <span class='ocrx_word' id='word_1_62' title='bbox 679 781 1069 861; x_wconf 85' lang='lat' dir='ltr'>inscriptum:</span> <span class='ocrx_word' id='word_1_63' title='bbox 1110 778 1439 853; x_wconf 64' lang='grc' dir='ltr'><em>Μωηεηίο,</em></span> <span class='ocrx_word' id='word_1_64' title='bbox 1477 776 1766 842; x_wconf 79' lang='lat' dir='ltr'><em>Domine,</em></span> <span class='ocrx_word' id='word_1_65' title='bbox 1811 778 2082 838; x_wconf 73' lang='lat' dir='ltr'>omnium</span> <span class='ocrx_word' id='word_1_66' title='bbox 2125 775 2227 832; x_wconf 81' lang='lat' dir='ltr'>de·-</span> 
     </span>
     <span class='ocr_line' id='line_1_8' title="bbox 99 867 2224 957; baseline -0.004 -22"><span class='ocrx_word' id='word_1_67' title='bbox 99 881 457 957; x_wconf 75' lang='lat' dir='ltr'>funotorum</span> <span class='ocrx_word' id='word_1_68' title='bbox 490 876 850 953; x_wconf 77' lang='lat' dir='ltr'>Pontificum</span> <span class='ocrx_word' id='word_1_69' title='bbox 869 917 892 945; x_wconf 86' lang='lat'><em>,</em></span> <span class='ocrx_word' id='word_1_70' title='bbox 922 884 1032 932; x_wconf 89' lang='lat' dir='ltr'>etc.</span> <span class='ocrx_word' id='word_1_71' title='bbox 1078 871 1186 952; x_wconf 82' lang='lat'>(3)</span> <span class='ocrx_word' id='word_1_72' title='bbox 1229 872 1300 930; x_wconf 89' lang='lat' dir='ltr'>Et</span> <span class='ocrx_word' id='word_1_73' title='bbox 1338 869 1459 929; x_wconf 82' lang='lat' dir='ltr'>haec</span> <span class='ocrx_word' id='word_1_74' title='bbox 1488 868 1819 950; x_wconf 83' lang='lat' dir='ltr'><strong>speciminis</strong></span> <span class='ocrx_word' id='word_1_75' title='bbox 1858 869 2039 948; x_wconf 78' lang='lat' dir='ltr'>gratia</span> <span class='ocrx_word' id='word_1_76' title='bbox 2078 867 2224 929; x_wconf 81' lang='lat' dir='ltr'>deli-</span> 
     </span>
     <span class='ocr_line' id='line_1_9' title="bbox 107 962 2226 1050; baseline -0.004 -19"><span class='ocrx_word' id='word_1_77' title='bbox 107 971 274 1031; x_wconf 89' lang='lat' dir='ltr'>basse</span> <span class='ocrx_word' id='word_1_78' title='bbox 310 971 590 1044; x_wconf 69' lang='lat' dir='ltr'>sufficiat,</span> <span class='ocrx_word' id='word_1_79' title='bbox 630 982 695 1028; x_wconf 91' lang='lat' dir='ltr'>ut</span> <span class='ocrx_word' id='word_1_80' title='bbox 721 980 954 1050; x_wconf 79' lang='lat' dir='ltr'>pateat,</span> <span class='ocrx_word' id='word_1_81' title='bbox 994 966 1166 1049; x_wconf 88' lang='lat' dir='ltr'>quale</span> <span class='ocrx_word' id='word_1_82' title='bbox 1202 963 1667 1031; x_wconf 89' lang='lat' dir='ltr'>emolumentum</span> <span class='ocrx_word' id='word_1_83' title='bbox 1703 986 1809 1044; x_wconf 86' lang='lat' dir='ltr'>pro</span> <span class='ocrx_word' id='word_1_84' title='bbox 1849 986 1913 1023; x_wconf 90' lang='lat' dir='ltr'>re</span> <span class='ocrx_word' id='word_1_85' title='bbox 1946 962 2226 1023; x_wconf 87' lang='lat' dir='ltr'>catholica</span> 
     </span>
     <span class='ocr_line' id='line_1_10' title="bbox 109 1059 2117 1147; baseline -0.007 -21"><span class='ocrx_word' id='word_1_86' title='bbox 109 1088 180 1126; x_wconf 81' lang='lat' dir='ltr'>ex</span> <span class='ocrx_word' id='word_1_87' title='bbox 212 1064 689 1147; x_wconf 79' lang='lat' dir='ltr'>inscriptionibus</span> <span class='ocrx_word' id='word_1_88' title='bbox 731 1064 997 1122; x_wconf 89' lang='lat' dir='ltr'>derivare</span> <span class='ocrx_word' id='word_1_89' title='bbox 1033 1060 1336 1142; x_wconf 79' lang='lat' dir='ltr'>theologus</span> <span class='ocrx_word' id='word_1_90' title='bbox 1363 1059 1564 1141; x_wconf 78' lang='lat' dir='ltr'>possit.</span> <span class='ocrx_word' id='word_1_91' title='bbox 2075 1114 2078 1118; x_wconf 80' lang='grc'>,</span> <span class='ocrx_word' id='word_1_92' title='bbox 2116 1120 2117 1125; x_wconf 13' lang='lat'>¹</span> 
     </span>
    </p>

    <p class='ocr_par' dir='ltr' id='par_1_3' title="bbox 107 1153 2236 2380">
     <span class='ocr_line' id='line_1_11' title="bbox 191 1153 2225 1236; baseline -0.002 -16"><span class='ocrx_word' id='word_1_93' title='bbox 191 1161 331 1220; x_wconf 84' lang='grc'>473.</span> <span class='ocrx_word' id='word_1_94' title='bbox 379 1161 457 1219; x_wconf 85' lang='lat' dir='ltr'>Ut</span> <span class='ocrx_word' id='word_1_95' title='bbox 498 1161 697 1218; x_wconf 80' lang='lat' dir='ltr'>tamen</span> <span class='ocrx_word' id='word_1_96' title='bbox 751 1156 951 1215; x_wconf 87' lang='lat' dir='ltr'>utilior</span> <span class='ocrx_word' id='word_1_97' title='bbox 1003 1153 1212 1215; x_wconf 90' lang='lat' dir='ltr'>evadat</span> <span class='ocrx_word' id='word_1_98' title='bbox 1261 1175 1349 1212; x_wconf 76' lang='lat' dir='ltr'>ac·</span> <span class='ocrx_word' id='word_1_99' title='bbox 1377 1153 1724 1213; x_wconf 83' lang='lat' dir='ltr'>fructuosior</span> <span class='ocrx_word' id='word_1_100' title='bbox 1771 1153 2225 1236; x_wconf 83' lang='lat' dir='ltr'>inscriptionum</span> 
     </span>
     <span class='ocr_line' id='line_1_12' title="bbox 108 1247 2224 1336; baseline -0.003 -20"><span class='ocrx_word' id='word_1_101' title='bbox 108 1279 244 1315; x_wconf 92' lang='lat' dir='ltr'>usus</span> <span class='ocrx_word' id='word_1_102' title='bbox 260 1301 277 1330; x_wconf 78' lang='grc'><em>,</em></span> <span class='ocrx_word' id='word_1_103' title='bbox 303 1275 421 1336; x_wconf 85' lang='lat' dir='ltr'>prae</span> <span class='ocrx_word' id='word_1_104' title='bbox 444 1253 621 1314; x_wconf 87' lang='lat' dir='ltr'>oculis</span> <span class='ocrx_word' id='word_1_105' title='bbox 645 1251 857 1332; x_wconf 83' lang='lat' dir='ltr'>regulae</span> <span class='ocrx_word' id='word_1_106' title='bbox 897 1248 1180 1309; x_wconf 73' lang='lat' dir='ltr'>habendae</span> <span class='ocrx_word' id='word_1_107' title='bbox 1205 1261 1373 1323; x_wconf 65' lang='lat' dir='ltr'>sunt,</span> <span class='ocrx_word' id='word_1_108' title='bbox 1404 1270 1546 1330; x_wconf 91' lang='lat' dir='ltr'>quas</span> <span class='ocrx_word' id='word_1_109' title='bbox 1573 1247 1939 1308; x_wconf 90' lang='lat' dir='ltr'>doctissimus</span> <span class='ocrx_word' id='word_1_110' title='bbox 1959 1251 2224 1312; x_wconf 88' lang='lat' dir='ltr'>Zaccaria</span> 
     </span>
     <span class='ocr_line' id='line_1_13' title="bbox 108 1342 2230 1428; baseline -0.002 -18"><span class='ocrx_word' id='word_1_111' title='bbox 108 1351 334 1428; x_wconf 87' lang='lat' dir='ltr'>subjicit</span> <span class='ocrx_word' id='word_1_112' title='bbox 378 1373 392 1408; x_wconf 91' lang='lat'>:</span> <span class='ocrx_word' id='word_1_113' title='bbox 446 1350 508 1408; x_wconf 94' lang='grc'>10</span> <span class='ocrx_word' id='word_1_114' title='bbox 552 1346 871 1428; x_wconf 78' lang='lat' dir='ltr'>Lapidum‚-</span> <span class='ocrx_word' id='word_1_115' title='bbox 922 1366 1174 1427; x_wconf 88' lang='lat' dir='ltr'>quorum</span> <span class='ocrx_word' id='word_1_116' title='bbox 1226 1345 1628 1403; x_wconf 88' lang='lat' dir='ltr'>testimonium</span> <span class='ocrx_word' id='word_1_117' title='bbox 1686 1342 2035 1418; x_wconf 71' lang='lat' dir='ltr'>adhibetur,</span> <span class='ocrx_word' id='word_1_118' title='bbox 2097 1357 2230 1409; x_wconf 82' lang='lat' dir='ltr'>aetas</span> 
     </span>
     <span class='ocr_line' id='line_1_14' title="bbox 108 1440 2232 1523; baseline -0.002 -18"><span class='ocrx_word' id='word_1_119' title='bbox 108 1456 372 1506; x_wconf 87' lang='lat' dir='ltr'>constare</span> <span class='ocrx_word' id='word_1_120' title='bbox 407 1443 616 1517; x_wconf 80' lang='lat' dir='ltr'>debet3</span> <span class='ocrx_word' id='word_1_121' title='bbox 659 1445 726 1502; x_wconf 77' lang='lat'>2⁰</span> <span class='ocrx_word' id='word_1_122' title='bbox 761 1443 1091 1523; x_wconf 85' lang='lat' dir='ltr'>Antequam</span> <span class='ocrx_word' id='word_1_123' title='bbox 1133 1441 1543 1521; x_wconf 87' lang='lat' dir='ltr'>inscriptiones</span> <span class='ocrx_word' id='word_1_124' title='bbox 1585 1441 1845 1521; x_wconf 84' lang='lat' dir='ltr'>antiquae</span> <span class='ocrx_word' id='word_1_125' title='bbox 1891 1440 1966 1498; x_wconf 90' lang='lat' dir='ltr'>ad</span> <span class='ocrx_word' id='word_1_126' title='bbox 2003 1440 2232 1500; x_wconf 90' lang='lat' dir='ltr'>theolo-</span> 
     </span>
     <span class='ocr_line' id='line_1_15' title="bbox 107 1535 2233 1621; baseline -0.002 -22"><span class='ocrx_word' id='word_1_127' title='bbox 107 1543 294 1621; x_wconf 82' lang='lat' dir='ltr'>gicam</span> <span class='ocrx_word' id='word_1_128' title='bbox 344 1541 752 1598; x_wconf 86' lang='lat' dir='ltr'>tractationem</span> <span class='ocrx_word' id='word_1_129' title='bbox 803 1536 1202 1610; x_wconf 62' lang='lat' dir='ltr'>deducantur.</span> <span class='ocrx_word' id='word_1_130' title='bbox 1258 1535 1516 1614; x_wconf 78' lang='lat' dir='ltr'>legendae</span> <span class='ocrx_word' id='word_1_131' title='bbox 1573 1557 1750 1615; x_wconf 83' lang='lat' dir='ltr'>quam</span> <span class='ocrx_word' id='word_1_132' title='bbox 1804 1536 2233 1601; x_wconf 84' lang='lat' dir='ltr'>accuratissime</span> 
     </span>
     <span class='ocr_line' id='line_1_16' title="bbox 109 1629 2233 1710; baseline -0.002 -17"><span class='ocrx_word' id='word_1_133' title='bbox 109 1646 282 1707; x_wconf 79' lang='lat' dir='ltr'>sunt3</span> <span class='ocrx_word' id='word_1_134' title='bbox 325 1633 390 1692; x_wconf 83' lang='grc'>30</span> <span class='ocrx_word' id='word_1_135' title='bbox 428 1632 768 1693; x_wconf 86' lang='lat' dir='ltr'>Curandum</span> <span class='ocrx_word' id='word_1_136' title='bbox 806 1633 1059 1707; x_wconf 53' lang='lat' dir='ltr'>manime</span> <span class='ocrx_word' id='word_1_137' title='bbox 1096 1642 1219 1702; x_wconf 68' lang='lat' dir='ltr'>est,</span> <span class='ocrx_word' id='word_1_138' title='bbox 1257 1643 1323 1688; x_wconf 91' lang='lat' dir='ltr'>ut</span> <span class='ocrx_word' id='word_1_139' title='bbox 1362 1642 1520 1689; x_wconf 88' lang='lat' dir='ltr'>recto</span> <span class='ocrx_word' id='word_1_140' title='bbox 1552 1652 1619 1689; x_wconf 90' lang='lat' dir='ltr'>ac</span> <span class='ocrx_word' id='word_1_141' title='bbox 1652 1629 1904 1710; x_wconf 79' lang='lat' dir='ltr'>genuino</span> <span class='ocrx_word' id='word_1_142' title='bbox 1938 1651 2112 1690; x_wconf 89' lang='lat' dir='ltr'>sensu</span> <span class='ocrx_word' id='word_1_143' title='bbox 2137 1631 2233 1688; x_wconf 91' lang='lat' dir='ltr'>in-</span> 
     </span>
     <span class='ocr_line' id='line_1_17' title="bbox 108 1724 2234 1813; baseline -0.002 -23"><span class='ocrx_word' id='word_1_144' title='bbox 108 1731 448 1813; x_wconf 88' lang='lat' dir='ltr'>scriptiones</span> <span class='ocrx_word' id='word_1_145' title='bbox 487 1724 808 1810; x_wconf 80' lang='lat' dir='ltr'>intelligas3</span> <span class='ocrx_word' id='word_1_146' title='bbox 848 1728 913 1787; x_wconf 97' lang='grc'>40</span> <span class='ocrx_word' id='word_1_147' title='bbox 954 1727 1333 1802; x_wconf 71' lang='lat' dir='ltr'>Cavendum,</span> <span class='ocrx_word' id='word_1_148' title='bbox 1382 1748 1458 1786; x_wconf 90' lang='lat' dir='ltr'>ne</span> <span class='ocrx_word' id='word_1_149' title='bbox 1499 1727 1738 1808; x_wconf 86' lang='lat' dir='ltr'>phrases</span> <span class='ocrx_word' id='word_1_150' title='bbox 1783 1726 2050 1809; x_wconf 88' lang='lat' dir='ltr'>quaedam</span> <span class='ocrx_word' id='word_1_151' title='bbox 2093 1748 2234 1809; x_wconf 91' lang='lat' dir='ltr'>per-</span> 
     </span>
     <span class='ocr_line' id='line_1_18' title="bbox 110 1821 2235 1908; baseline -0.003 -22"><span class='ocrx_word' id='word_1_152' title='bbox 110 1847 316 1908; x_wconf 88' lang='lat' dir='ltr'>peram</span> <span class='ocrx_word' id='word_1_153' title='bbox 340 1827 733 1908; x_wconf 76' lang='lat' dir='ltr'>accipiantur3</span> <span class='ocrx_word' id='word_1_154' title='bbox 777 1825 843 1883; x_wconf 89' lang='lat'>5⁰</span> <span class='ocrx_word' id='word_1_155' title='bbox 878 1824 955 1882; x_wconf 92' lang='lat' dir='ltr'>Ut</span> <span class='ocrx_word' id='word_1_156' title='bbox 984 1825 1222 1883; x_wconf 90' lang='lat' dir='ltr'>firmum</span> <span class='ocrx_word' id='word_1_157' title='bbox 1254 1845 1326 1882; x_wconf 85' lang='lat' dir='ltr'>ex</span> <span class='ocrx_word' id='word_1_158' title='bbox 1365 1821 1842 1904; x_wconf 89' lang='lat' dir='ltr'>inscriptionibus</span> <span class='ocrx_word' id='word_1_159' title='bbox 1869 1822 2046 1882; x_wconf 87' lang='lat' dir='ltr'>ducas</span> <span class='ocrx_word' id='word_1_160' title='bbox 2070 1844 2235 1902; x_wconf 80' lang='lat' dir='ltr'>argu·</span> 
     </span>
     <span class='ocr_line' id='line_1_19' title="bbox 111 1917 2236 1997; baseline -0.003 -15"><span class='ocrx_word' id='word_1_161' title='bbox 111 1934 413 1991; x_wconf 76' lang='lat' dir='ltr'>mentum,</span> <span class='ocrx_word' id='word_1_162' title='bbox 448 1943 628 1980; x_wconf 87' lang='lat' dir='ltr'>unam</span> <span class='ocrx_word' id='word_1_163' title='bbox 662 1943 798 1981; x_wconf 86' lang='lat' dir='ltr'>cum</span> <span class='ocrx_word' id='word_1_164' title='bbox 831 1919 942 1979; x_wconf 89' lang='lat' dir='ltr'>alia</span> <span class='ocrx_word' id='word_1_165' title='bbox 979 1919 1241 1979; x_wconf 78' lang='lat' dir='ltr'>conserte</span> <span class='ocrx_word' id='word_1_166' title='bbox 1271 1918 1521 1997; x_wconf 86' lang='lat' dir='ltr'>juvabit.</span> <span class='ocrx_word' id='word_1_167' title='bbox 1562 1918 1631 1976; x_wconf 90' lang='grc'>60</span> <span class='ocrx_word' id='word_1_168' title='bbox 1659 1919 1807 1977; x_wconf 89' lang='lat' dir='ltr'>Cum</span> <span class='ocrx_word' id='word_1_169' title='bbox 1828 1917 1954 1978; x_wconf 89' lang='lat' dir='ltr'>aliis</span> <span class='ocrx_word' id='word_1_170' title='bbox 1977 1918 2236 1997; x_wconf 90' lang='lat' dir='ltr'>ejusdem</span> 
     </span>
     <span class='ocr_line' id='line_1_20' title="bbox 112 2014 2233 2096; baseline -0.002 -20"><span class='ocrx_word' id='word_1_171' title='bbox 112 2018 292 2076; x_wconf 88' lang='lat' dir='ltr'>aetatis</span> <span class='ocrx_word' id='word_1_172' title='bbox 321 2017 652 2076; x_wconf 89' lang='lat' dir='ltr'>certissimis</span> <span class='ocrx_word' id='word_1_173' title='bbox 675 2016 1073 2075; x_wconf 89' lang='lat' dir='ltr'>monumentis</span> <span class='ocrx_word' id='word_1_174' title='bbox 1111 2015 1517 2096; x_wconf 84' lang='lat' dir='ltr'>inscriptiones</span> <span class='ocrx_word' id='word_1_175' title='bbox 1538 2014 1845 2089; x_wconf 77' lang='lat' dir='ltr'>confert03</span> <span class='ocrx_word' id='word_1_176' title='bbox 1881 2014 1949 2074; x_wconf 87' lang='lat'>70</span> <span class='ocrx_word' id='word_1_177' title='bbox 1980 2016 2233 2074; x_wconf 91' lang='lat' dir='ltr'>Demum</span> 
     </span>
     <span class='ocr_line' id='line_1_21' title="bbox 111 2110 2235 2193; baseline -0.001 -22"><span class='ocrx_word' id='word_1_178' title='bbox 111 2134 233 2171; x_wconf 91' lang='lat' dir='ltr'>non</span> <span class='ocrx_word' id='word_1_179' title='bbox 270 2113 674 2192; x_wconf 83' lang='lat' dir='ltr'>inscriptiones</span> <span class='ocrx_word' id='word_1_180' title='bbox 709 2112 898 2170; x_wconf 89' lang='lat' dir='ltr'>solum</span> <span class='ocrx_word' id='word_1_181' title='bbox 920 2157 935 2185; x_wconf 70' lang='lat'>,</span> <span class='ocrx_word' id='word_1_182' title='bbox 968 2110 1073 2171; x_wconf 85' lang='lat' dir='ltr'>sed</span> <span class='ocrx_word' id='word_1_183' title='bbox 1105 2131 1308 2171; x_wconf 90' lang='lat' dir='ltr'>earum</span> <span class='ocrx_word' id='word_1_184' title='bbox 1338 2132 1570 2193; x_wconf 88' lang='lat' dir='ltr'>quoque</span> <span class='ocrx_word' id='word_1_185' title='bbox 1607 2121 1952 2170; x_wconf 86' lang='lat' dir='ltr'>ornamenta</span> <span class='ocrx_word' id='word_1_186' title='bbox 1984 2130 2235 2192; x_wconf 89' lang='lat' dir='ltr'>perpen-</span> 
     </span>
     <span class='ocr_line' id='line_1_22' title="bbox 114 2202 2235 2291; baseline -0.001 -26"><span class='ocrx_word' id='word_1_187' title='bbox 114 2207 239 2265; x_wconf 90' lang='lat' dir='ltr'>dito</span> <span class='ocrx_word' id='word_1_188' title='bbox 258 2252 273 2281; x_wconf 72' lang='grc'><em>,</em></span> <span class='ocrx_word' id='word_1_189' title='bbox 314 2217 489 2287; x_wconf 89' lang='lat' dir='ltr'>atque</span> <span class='ocrx_word' id='word_1_190' title='bbox 521 2229 592 2267; x_wconf 84' lang='lat' dir='ltr'>ex</span> <span class='ocrx_word' id='word_1_191' title='bbox 627 2208 717 2266; x_wconf 90' lang='lat' dir='ltr'>his</span> <span class='ocrx_word' id='word_1_192' title='bbox 747 2208 885 2291; x_wconf 89' lang='lat' dir='ltr'>ipsis</span> <span class='ocrx_word' id='word_1_193' title='bbox 911 2228 1014 2267; x_wconf 90' lang='lat' dir='ltr'>seu</span> <span class='ocrx_word' id='word_1_194' title='bbox 1039 2202 1278 2267; x_wconf 87' lang='lat' dir='ltr'>illarum</span> <span class='ocrx_word' id='word_1_195' title='bbox 1305 2227 1541 2266; x_wconf 89' lang='lat' dir='ltr'>sensum</span> <span class='ocrx_word' id='word_1_196' title='bbox 1573 2205 1825 2291; x_wconf 81' lang='lat' dir='ltr'>colligite</span> <span class='ocrx_word' id='word_1_197' title='bbox 1870 2226 1972 2265; x_wconf 89' lang='lat' dir='ltr'>seu</span> <span class='ocrx_word' id='word_1_198' title='bbox 2012 2225 2235 2267; x_wconf 84' lang='lat' dir='ltr'>novum</span> 
     </span>
     <span class='ocr_line' id='line_1_23' title="bbox 117 2301 896 2380; baseline 0.001 -21"><span class='ocrx_word' id='word_1_199' title='bbox 117 2312 526 2380; x_wconf 80' lang='lat' dir='ltr'>argumentum</span> <span class='ocrx_word' id='word_1_200' title='bbox 558 2301 752 2361; x_wconf 91' lang='lat' dir='ltr'>ducito</span> <span class='ocrx_word' id='word_1_201' title='bbox 787 2301 896 2380; x_wconf 87' lang='grc'>(4).</span> 
     </span>
    </p>
   </div>
   <div class='ocr_carea' id='block_1_3' title="bbox 1099 2474 1249 2554">
    <p class='ocr_par' dir='ltr' id='par_1_4' title="bbox 1099 2474 1249 2554">
     <span class='ocr_line' id='line_1_24' title="bbox 1099 2474 1249 2554; baseline -0.013 -20"><span class='ocrx_word' id='word_1_202' title='bbox 1099 2474 1134 2554; x_wconf 74' lang='lat' dir='ltr'>g</span> <span class='ocrx_word' id='word_1_203' title='bbox 1177 2476 1249 2534; x_wconf 90' lang='lat'>11.</span> 
     </span>
    </p>
   </div>
   <div class='ocr_carea' id='block_1_4' title="bbox 332 2640 1998 2721">
    <p class='ocr_par' dir='ltr' id='par_1_5' title="bbox 332 2640 1998 2721">
     <span class='ocr_line' id='line_1_25' title="bbox 332 2640 1998 2721; baseline -0.001 -21"><span class='ocrx_word' id='word_1_204' title='bbox 332 2642 421 2700; x_wconf 83' lang='lat' dir='ltr'>De</span> <span class='ocrx_word' id='word_1_205' title='bbox 454 2651 716 2701; x_wconf 75' lang='lat' dir='ltr'>vetorum</span> <span class='ocrx_word' id='word_1_206' title='bbox 755 2640 1243 2700; x_wconf 72' lang='lat' dir='ltr'>Christianorum</span> <span class='ocrx_word' id='word_1_207' title='bbox 1281 2644 1687 2699; x_wconf 69' lang='lat' dir='ltr'>monumentis</span> <span class='ocrx_word' id='word_1_208' title='bbox 1726 2642 1998 2721; x_wconf 74' lang='lat' dir='ltr'>reliquis.</span> 
     </span>
    </p>
   </div>
   <div class='ocr_carea' id='block_1_5' title="bbox 120 2815 2239 3089">
    <p class='ocr_par' dir='ltr' id='par_1_6' title="bbox 120 2815 2239 3089">
     <span class='ocr_line' id='line_1_26' title="bbox 201 2815 2239 2900; baseline 0.001 -26"><span class='ocrx_word' id='word_1_209' title='bbox 201 2815 339 2875; x_wconf 93' lang='grc'>474.</span> <span class='ocrx_word' id='word_1_210' title='bbox 383 2818 467 2876; x_wconf 91' lang='lat' dir='ltr'>Ne</span> <span class='ocrx_word' id='word_1_211' title='bbox 491 2815 717 2896; x_wconf 80' lang='lat' dir='ltr'>longius</span> <span class='ocrx_word' id='word_1_212' title='bbox 747 2836 924 2897; x_wconf 89' lang='lat' dir='ltr'>quam</span> <span class='ocrx_word' id='word_1_213' title='bbox 945 2837 1053 2897; x_wconf 91' lang='lat' dir='ltr'>par</span> <span class='ocrx_word' id='word_1_214' title='bbox 1079 2826 1168 2874; x_wconf 89' lang='lat' dir='ltr'>est</span> <span class='ocrx_word' id='word_1_215' title='bbox 1189 2861 1205 2890; x_wconf 78' lang='lat'>‚</span> <span class='ocrx_word' id='word_1_216' title='bbox 1241 2815 1317 2875; x_wconf 86' lang='lat' dir='ltr'>ad</span> <span class='ocrx_word' id='word_1_217' title='bbox 1350 2815 1622 2876; x_wconf 88' lang='lat' dir='ltr'>ulteriora</span> <span class='ocrx_word' id='word_1_218' title='bbox 1654 2829 2034 2900; x_wconf 90' lang='lat' dir='ltr'>properantes</span> <span class='ocrx_word' id='word_1_219' title='bbox 2058 2861 2075 2891; x_wconf 81' lang='lat'>‚</span> <span class='ocrx_word' id='word_1_220' title='bbox 2110 2838 2239 2878; x_wconf 90' lang='lat' dir='ltr'>rem</span> 
     </span>
     <span class='ocr_line' id='line_1_27' title="bbox 120 2910 2239 2993; baseline 0.001 -23"><span class='ocrx_word' id='word_1_221' title='bbox 120 2910 529 2993; x_wconf 86' lang='lat' dir='ltr'>protrahamus</span> <span class='ocrx_word' id='word_1_222' title='bbox 565 2910 758 2992; x_wconf 87' lang='lat' dir='ltr'>quoad</span> <span class='ocrx_word' id='word_1_223' title='bbox 788 2910 1011 2992; x_wconf 87' lang='lat' dir='ltr'>reliqua</span> <span class='ocrx_word' id='word_1_224' title='bbox 1046 2922 1387 2971; x_wconf 89' lang='lat' dir='ltr'>enumerata</span> <span class='ocrx_word' id='word_1_225' title='bbox 1426 2922 1847 2988; x_wconf 74' lang='lat' dir='ltr'>monumenta,</span> <span class='ocrx_word' id='word_1_226' title='bbox 1884 2911 2071 2974; x_wconf 91' lang='lat' dir='ltr'>veluti</span> <span class='ocrx_word' id='word_1_227' title='bbox 2107 2913 2239 2972; x_wconf 85' lang='lat' dir='ltr'>toti-</span> 
     </span>
     <span class='ocr_line' id='line_1_28' title="bbox 123 3005 2234 3089; baseline -0 -24"><span class='ocrx_word' id='word_1_228' title='bbox 123 3005 256 3067; x_wconf 86' lang='lat' dir='ltr'>dem</span> <span class='ocrx_word' id='word_1_229' title='bbox 289 3006 617 3067; x_wconf 89' lang='lat' dir='ltr'>traditionis</span> <span class='ocrx_word' id='word_1_230' title='bbox 655 3006 991 3086; x_wconf 83' lang='lat' dir='ltr'>dogmaticae</span> <span class='ocrx_word' id='word_1_231' title='bbox 1028 3005 1277 3083; x_wconf 77' lang='lat' dir='ltr'>rivu108‚</span> <span class='ocrx_word' id='word_1_232' title='bbox 1315 3027 1421 3089; x_wconf 89' lang='lat' dir='ltr'>per</span> <span class='ocrx_word' id='word_1_233' title='bbox 1464 3028 1606 3089; x_wconf 88' lang='lat' dir='ltr'>quos</span> <span class='ocrx_word' id='word_1_234' title='bbox 1643 3007 1718 3067; x_wconf 90' lang='lat' dir='ltr'>ad</span> <span class='ocrx_word' id='word_1_235' title='bbox 1759 3029 1866 3066; x_wconf 90' lang='lat' dir='ltr'>nos</span> <span class='ocrx_word' id='word_1_236' title='bbox 1908 3006 2234 3068; x_wconf 86' lang='lat' dir='ltr'>dimanavit</span> 
     </span>
    </p>
   </div>
   <div class='ocr_carea' id='block_1_6' title="bbox 128 3221 2233 3372">
    <p class='ocr_par' dir='ltr' id='par_1_7' title="bbox 128 3221 2233 3372">
     <span class='ocr_line' id='line_1_29' title="bbox 196 3221 2233 3291; baseline 0.003 -23"><span class='ocrx_word' id='word_1_237' title='bbox 196 3221 259 3285; x_wconf 83' lang='lat' dir='ltr'>(l)</span> <span class='ocrx_word' id='word_1_238' title='bbox 297 3221 353 3272; x_wconf 86' lang='lat' dir='ltr'>In</span> <span class='ocrx_word' id='word_1_239' title='bbox 377 3233 509 3274; x_wconf 84' lang='lat' dir='ltr'>tract.</span> <span class='ocrx_word' id='word_1_240' title='bbox 527 3222 599 3273; x_wconf 82' lang='lat' dir='ltr'>De</span> <span class='ocrx_word' id='word_1_241' title='bbox 617 3222 722 3273; x_wconf 87' lang='lat' dir='ltr'>Deo</span> <span class='ocrx_word' id='word_1_242' title='bbox 741 3233 886 3274; x_wconf 82' lang='lat' dir='ltr'>creat.</span> <span class='ocrx_word' id='word_1_243' title='bbox 918 3234 1036 3289; x_wconf 86' lang='lat' dir='ltr'>part.</span> <span class='ocrx_word' id='word_1_244' title='bbox 1056 3241 1131 3286; x_wconf 85' lang='lat'>111,</span> <span class='ocrx_word' id='word_1_245' title='bbox 1216 3229 1308 3274; x_wconf 81' lang='lat' dir='ltr'>tor.</span> <span class='ocrx_word' id='word_1_246' title='bbox 1339 3223 1489 3273; x_wconf 82' lang='lat' dir='ltr'>Dior.</span> <span class='ocrx_word' id='word_1_247' title='bbox 1514 3221 1728 3291; x_wconf 81' lang='lat' dir='ltr'>Maffcjus</span> <span class='ocrx_word' id='word_1_248' title='bbox 1746 3260 1761 3285; x_wconf 92' lang='lat'><strong>,</strong></span> <span class='ocrx_word' id='word_1_249' title='bbox 1790 3227 1840 3274; x_wconf 89' lang='lat' dir='ltr'>in</span> <span class='ocrx_word' id='word_1_250' title='bbox 1872 3222 2124 3275; x_wconf 76' lang='lat' dir='ltr'>Dicatiom</span> <span class='ocrx_word' id='word_1_251' title='bbox 2147 3227 2233 3275; x_wconf 85' lang='lat' dir='ltr'>eit.</span> 
     </span>
     <span class='ocr_line' id='line_1_30' title="bbox 128 3300 2146 3372; baseline 0.003 -24"><span class='ocrx_word' id='word_1_252' title='bbox 128 3316 229 3365; x_wconf 76' lang='lat' dir='ltr'>cap.</span> <span class='ocrx_word' id='word_1_253' title='bbox 257 3319 334 3364; x_wconf 83' lang='lat' dir='ltr'>v1,</span> <span class='ocrx_word' id='word_1_254' title='bbox 356 3315 444 3354; x_wconf 81' lang='lat' dir='ltr'>art.</span> <span class='ocrx_word' id='word_1_255' title='bbox 473 3323 536 3366; x_wconf 85' lang='lat'>11,</span> <span class='ocrx_word' id='word_1_256' title='bbox 569 3325 700 3372; x_wconf 88' lang='lat' dir='ltr'>prop.</span> <span class='ocrx_word' id='word_1_257' title='bbox 733 3309 862 3356; x_wconf 86' lang='lat' dir='ltr'>unic.</span> <span class='ocrx_word' id='word_1_258' title='bbox 895 3326 947 3355; x_wconf 92' lang='lat' dir='ltr'>n.</span> <span class='ocrx_word' id='word_1_259' title='bbox 977 3304 1097 3372; x_wconf 82' lang='lat'>693.</span> <span class='ocrx_word' id='word_1_260' title='bbox 1219 3302 1399 3354; x_wconf 76' lang='lat' dir='ltr'>Musaei</span> <span class='ocrx_word' id='word_1_261' title='bbox 1433 3304 1492 3353; x_wconf 91' lang='lat' dir='ltr'><em>V</em></span> <span class='ocrx_word' id='word_1_262' title='bbox 1486 3323 1704 3357; x_wconf 78' lang='lat' dir='ltr'>eronem.</span> <span class='ocrx_word' id='word_1_263' title='bbox 2144 3300 2146 3302; x_wconf 51' lang='grc'>’</span> 
     </span>
    </p>
   </div>
   <div class='ocr_carea' id='block_1_7' title="bbox 127 3381 2240 3621">
    <p class='ocr_par' dir='ltr' id='par_1_8' title="bbox 127 3381 2240 3621">
     <span class='ocr_line' id='line_1_31' title="bbox 193 3381 2236 3452; baseline 0.003 -23"><span class='ocrx_word' id='word_1_264' title='bbox 193 3381 263 3445; x_wconf 77' lang='lat'>(2)</span> <span class='ocrx_word' id='word_1_265' title='bbox 299 3384 433 3449; x_wconf 79' lang='lat' dir='ltr'>Apud</span> <span class='ocrx_word' id='word_1_266' title='bbox 459 3386 761 3437; x_wconf 82' lang='lat' dir='ltr'>Muratorium</span> <span class='ocrx_word' id='word_1_267' title='bbox 780 3425 793 3448; x_wconf 93' lang='lat'>‚</span> <span class='ocrx_word' id='word_1_268' title='bbox 821 3391 872 3437; x_wconf 88' lang='lat' dir='ltr'>in</span> <span class='ocrx_word' id='word_1_269' title='bbox 894 3390 971 3436; x_wconf 88' lang='lat' dir='ltr'>cit.</span> <span class='ocrx_word' id='word_1_270' title='bbox 996 3386 1132 3436; x_wconf 85' lang='lat' dir='ltr'>Novo</span> <span class='ocrx_word' id='word_1_271' title='bbox 1287 3387 1352 3452; x_wconf 81' lang='grc'>(4)</span> <span class='ocrx_word' id='word_1_272' title='bbox 1389 3387 1484 3436; x_wconf 79' lang='lat' dir='ltr'>Cfr.</span> <span class='ocrx_word' id='word_1_273' title='bbox 1526 3387 1765 3450; x_wconf 84' lang='lat' dir='ltr'>Zaccaria,</span> <span class='ocrx_word' id='word_1_274' title='bbox 1826 3386 1879 3436; x_wconf 88' lang='lat' dir='ltr'>in</span> <span class='ocrx_word' id='word_1_275' title='bbox 1919 3389 2103 3438; x_wconf 84' lang='lat' dir='ltr'>dissert.</span> <span class='ocrx_word' id='word_1_276' title='bbox 2157 3391 2236 3437; x_wconf 81' lang='lat' dir='ltr'>cit.</span> 
     </span>
     <span class='ocr_line' id='line_1_32' title="bbox 132 3460 2236 3537; baseline 0.004 -28"><span class='ocrx_word' id='word_1_277' title='bbox 132 3460 377 3513; x_wconf 73' lang='lat' dir='ltr'>Thesauro</span> <span class='ocrx_word' id='word_1_278' title='bbox 395 3467 618 3536; x_wconf 68' lang='lat' dir='ltr'>inscript.</span> <span class='ocrx_word' id='word_1_279' title='bbox 631 3478 750 3520; x_wconf 90' lang='lat' dir='ltr'>tom.</span> <span class='ocrx_word' id='word_1_280' title='bbox 765 3488 810 3519; x_wconf 77' lang='lat' dir='ltr'>iv</span> <span class='ocrx_word' id='word_1_281' title='bbox 826 3508 840 3532; x_wconf 85' lang='lat'><strong>,</strong></span> <span class='ocrx_word' id='word_1_282' title='bbox 858 3488 964 3536; x_wconf 81' lang='lat' dir='ltr'>pag.</span> <span class='ocrx_word' id='word_1_283' title='bbox 983 3467 1128 3530; x_wconf 86' lang='lat'>1836,</span> <span class='ocrx_word' id='word_1_284' title='bbox 1216 3485 1320 3536; x_wconf 79' lang='lat' dir='ltr'>quae</span> <span class='ocrx_word' id='word_1_285' title='bbox 1349 3473 1573 3536; x_wconf 76' lang='lat' dir='ltr'>reperitur</span> <span class='ocrx_word' id='word_1_286' title='bbox 1592 3469 1642 3517; x_wconf 86' lang='lat' dir='ltr'>in</span> <span class='ocrx_word' id='word_1_287' title='bbox 1661 3473 1701 3537; x_wconf 84' lang='lat' dir='ltr'>ej</span> <span class='ocrx_word' id='word_1_288' title='bbox 1709 3486 1762 3518; x_wconf 92' lang='lat' dir='ltr'>us</span> <span class='ocrx_word' id='word_1_289' title='bbox 1798 3469 2047 3519; x_wconf 73' lang='lat' dir='ltr'>Thesauro</span> <span class='ocrx_word' id='word_1_290' title='bbox 2078 3468 2236 3518; x_wconf 80' lang='lat' dir='ltr'>Thoo-</span> 
     </span>
     <span class='ocr_line' id='line_1_33' title="bbox 127 3541 2240 3621; baseline 0.005 -30"><span class='ocrx_word' id='word_1_291' title='bbox 127 3560 180 3591; x_wconf 89' lang='lat' dir='ltr'>n.</span> <span class='ocrx_word' id='word_1_292' title='bbox 210 3541 259 3592; x_wconf 88' lang='lat'>6.</span> <span class='ocrx_word' id='word_1_293' title='bbox 949 3567 952 3570; x_wconf 66' lang='grc'>’</span> <span class='ocrx_word' id='word_1_294' title='bbox 1225 3550 1317 3617; x_wconf 78' lang='lat' dir='ltr'>loq.</span> <span class='ocrx_word' id='word_1_295' title='bbox 1337 3563 1449 3602; x_wconf 82' lang='lat' dir='ltr'>tom.</span> <span class='ocrx_word' id='word_1_296' title='bbox 1479 3570 1496 3602; x_wconf 92' lang='grc' dir='ltr'><strong>ι</strong></span> <span class='ocrx_word' id='word_1_297' title='bbox 1516 3587 1532 3617; x_wconf 85' lang='grc'><strong>,</strong></span> <span class='ocrx_word' id='word_1_298' title='bbox 1563 3571 1670 3619; x_wconf 86' lang='lat' dir='ltr'>pag.</span> <span class='ocrx_word' id='word_1_299' title='bbox 1697 3553 1793 3619; x_wconf 85' lang='lat'>327</span> <span class='ocrx_word' id='word_1_300' title='bbox 1822 3565 1867 3604; x_wconf 82' lang='lat' dir='ltr'>et</span> <span class='ocrx_word' id='word_1_301' title='bbox 1887 3572 2020 3621; x_wconf 82' lang='lat' dir='ltr'>seqq.</span> <span class='ocrx_word' id='word_1_302' title='bbox 2046 3553 2240 3602; x_wconf 83' lang='lat' dir='ltr'>ubisin-</span> 
     </span>
    </p>
   </div>
   <div class='ocr_carea' id='block_1_8' title="bbox 194 3624 2186 3702">
    <p class='ocr_par' dir='ltr' id='par_1_9' title="bbox 194 3624 2186 3702">
     <span class='ocr_line' id='line_1_34' title="bbox 194 3624 2186 3702; baseline 0.006 -29"><span class='ocrx_word' id='word_1_303' title='bbox 194 3624 261 3688; x_wconf 84' lang='lat'>(3)</span> <span class='ocrx_word' id='word_1_304' title='bbox 297 3624 365 3674; x_wconf 87' lang='lat' dir='ltr'>Ex</span> <span class='ocrx_word' id='word_1_305' title='bbox 415 3637 528 3678; x_wconf 85' lang='lat' dir='ltr'>tom.</span> <span class='ocrx_word' id='word_1_306' title='bbox 578 3648 723 3683; x_wconf 81' lang='lat' dir='ltr'>xxvm</span> <span class='ocrx_word' id='word_1_307' title='bbox 771 3632 826 3681; x_wconf 83' lang='lat' dir='ltr'><em>V</em></span> <span class='ocrx_word' id='word_1_308' title='bbox 823 3635 950 3683; x_wconf 71' lang='lat' dir='ltr'>eneti</span> <span class='ocrx_word' id='word_1_309' title='bbox 982 3633 1145 3683; x_wconf 76' lang='lat' dir='ltr'>erudi·</span> <span class='ocrx_word' id='word_1_310' title='bbox 1226 3633 1441 3700; x_wconf 67' lang='lat' dir='ltr'>galerum</span> <span class='ocrx_word' id='word_1_311' title='bbox 1471 3635 1735 3702; x_wconf 83' lang='lat' dir='ltr'>regularum</span> <span class='ocrx_word' id='word_1_312' title='bbox 1765 3636 1993 3687; x_wconf 80' lang='lat' dir='ltr'>rationem</span> <span class='ocrx_word' id='word_1_313' title='bbox 2018 3634 2186 3685; x_wconf 74' lang='lat' dir='ltr'>reddit.</span> 
     </span>
    </p>
   </div>
  </div>
 </body>
</html>
