2502 4134
370 110 527 152 PART.
574 112 662 149 111.
710 110 858 147 SECT·
904 110 948 145 1.
996 106 1119 147 GAP.

2070 81 2185 139 541

1169 105 1256 142 111.
1304 105 1371 141 DE
1413 105 1548 142 RAT.
1594 102 1739 141 POST.
1789 102 1897 139 Fu).

152 252 296 312 298.
343 252 546 332 Neque
589 271 620 308 a
656 252 896 308 Patrum
948 246 1203 326 vestigiis
1239 264 1524 304 recessere
1561 242 1923 315 scholastici,
1978 242 2079 321 qui
2127 242 2192 300 in

76 368 259 406 unum
288 345 567 404 doctrinae
592 365 799 425 corpus
835 343 992 403 varia
1016 342 1289 420 dogmata
1322 337 1685 418 collegerunt:
1707 381 1723 411 ,
1753 336 2188 416 disposuerunt,

73 441 439 499 illustrarunt
461 485 476 513 ,
514 461 577 498 ac
608 438 812 497 intima
842 437 970 518 ipsa
991 482 1007 510 ,
1048 446 1117 493 ut
1151 435 1231 494 ita
1273 433 1513 515 loquar,
1567 431 1702 491 fidei
1738 430 2058 513 penetralia
2097 430 2197 489 in-

72 537 285 619 gressi,
326 558 455 595 eam
495 535 569 593 ad
609 555 745 596 vere
782 533 1161 593 scientificam
1210 551 1275 589 ac
1312 527 1734 610 speculativam
1780 526 2198 587 celsitudinem.

75 652 336 692 evexere.
386 630 619 689 Eminet
642 629 704 687 in
739 628 828 686 his
852 628 909 685 S.
949 626 1254 685 Anselmus
1300 622 1731 683 cantuariensis
1752 667 1768 696 ,
1816 643 1992 704 quem
2019 643 2196 682 nemo

76 727 139 784 in
164 726 270 785 hac
284 724 679 807 pertractandi
695 723 917 782 ratione
940 720 1104 781 facile
1122 720 1418 801 superavit
1437 763 1454 792 ,
1489 718 1780 799 praecipue
1802 740 1941 778 vero
1963 720 2019 779 S.
2042 718 2198 777 Tho-

78 843 202 879 mas
224 865 240 895 ,
270 821 368 902 qui
389 818 640 898 Angelici
665 839 883 877 nomen
903 821 1035 894 jure
1061 815 1307 896 adeptus
1336 825 1422 873 est
1442 859 1457 886 ,
1487 806 1559 870 S.'
1585 815 1729 872 item
1747 815 2158 873 Bonaventura
2177 857 2196 889 ,

80 915 290 997 aliique
326 914 476 975 bene
530 913 721 972 multi.
764 914 883 971 Nec
912 911 1080 971 desiit
1118 911 1229 970 hoc
1263 909 1526 970 studium
1555 919 1615 967 et
1638 908 1762 968 haec
1784 908 1992 989 agendi
2017 910 2197 983 ratio,

79 1023 146 1069 ut
181 1010 451 1069 nonnulli
479 1019 818 1084 autumant,
849 1007 1090 1066 Concilii
1135 1004 1472 1065 Tridentini·
1505 1015 1674 1063 aetate
1708 1005 1832 1085 (l),
1872 1004 1976 1064 sed
2008 1026 2202 1087 perse·

81 1106 308 1165 veravit
358 1105 434 1164 ad
469 1105 595 1164 haec
626 1102 807 1185 usque
851 1102 1035 1163 ferme
1085 1113 1385 1181 tempora,
1426 1098 1715 1180 siquidem
1741 1099 2204 1180 praestantissimi

81 1199 322 1280 posthac
368 1200 600 1280 ingenio
636 1219 702 1257 ac
746 1197 1013 1257 doctrina
1047 1195 1302 1275 theologi
1341 1192 1665 1254 scholastici
1700 1192 2025 1254 floruerunt
2048 1240 2064 1270 ,
2092 1195 2196 1277 qui

83 1293 540 1354 antecessoribus
570 1292 866 1374 plerisque
901 1313 1070 1373 pares
1100 1291 1189 1349 sin
1220 1291 1413 1348 minus
1444 1289 1768 1370 superiores
1795 1301 1933 1349 sunt
1961 1290 2072 1369 (2).

151 1483 220 1547 (l)
259 1482 352 1530 Hos
406 1484 526 1530 inter
579 1490 649 1529 est
696 1483 924 1546 praecipue
972 1481 1092 1545 prol-⁵.

84 1564 265 1615 Baltzer
279 1603 292 1624 ,
312 1582 391 1629 op.
409 1566 488 1613 cit.
507 1564 620 1612 fasc.
650 1579 665 1610 1
686 1600 700 1622 ,
718 1561 744 1628 §
762 1562 827 1625 34
841 1600 854 1622 ,
878 1579 979 1627 pag.
999 1557 1098 1609 215

84 1658 130 1696 et
158 1665 286 1712 seqq.
316 1649 398 1712 qui
418 1656 572 1695 censet
596 1681 609 1705 ‚
647 1646 987 1692 connexionem
1021 1646 1098 1691 in-

85 1738 154 1777 ter
178 1728 554 1793 objectivismum
589 1735 634 1773 et
663 1724 1101 1790 subjectivismum,

86 1828 166 1859 seu
195 1813 317 1858 inter
334 1808 597 1858 doctrinam
624 1808 930 1872 dogmaticam
959 1807 1104 1854 histo-

85 1894 229 1939 ricam
254 1901 298 1939 et
323 1890 621 1939 scientificam
647 1889 997 1953 intelligentiam
1024 1904 1103 1935 co—

86 1981 222 2019 natus
238 1987 545 2036 perseverasse
571 1973 620 2017 in
646 1969 848 2017 Ecclesia
877 1967 1105 2016 catholica

88 2068 234 2117 usque
273 2051 332 2099 ad
373 2051 598 2116 epocham
629 2053 694 2098 sic
726 2060 1006 2115 nuncupatae
1032 2067 1103 2098 re-

87 2134 401 2192 formationis,
436 2135 497 2180 ita
527 2143 578 2180 ut
609 2149 690 2197 per
723 2150 773 2179 ea
798 2133 958 2179 ‘secula
985 2149 1108 2180 nun-

90 2233 230 2281 quam
249 2215 369 2279 apud
387 2214 644 2263 Catholicos
664 2216 855 2262 scientia
882 2223 927 2261 et
947 2230 1109 2278 specu-

87 2297 198 2345 latio
215 2297 528 2361 philosophica
545 2297 670 2346 velut
692 2297 974 2345 elementum
997 2295 1109 2344 fidei

90 2379 259 2427 hostile
296 2379 450 2427 habita
485 2389 619 2428 esset.
652 2379 773 2427 Cum
813 2396 922 2427 vero
966 2379 1110 2426 refor-

93 2463 234 2508 matio
276 2460 501 2525 objectivo
538 2478 591 2508 ac
630 2459 858 2508 historico
893 2458 1110 2509 Ecclesiae

93 2544 293 2609 dogmati
305 2546 516 2608 opposuit
530 2543 944 2608 subjectivismum
955 2561 1109 2602 suum,

95 2642 261 2689 nempe
281 2628 512 2689 propria-m
541 2624 762 2691 cujusque
796 2627 1023 2674 sentiendi
1057 2641 1112 2673 ac

96 2706 364 2771 speculandi
407 2706 464 2754 de
507 2706 598 2754 fide
642 2707 907 2755 libertatem
931 2744 944 2767 ,
1005 2716 1119 2754 tunc

97 2785 327 2835 Catholici
373 2787 599 2852 objectiva
654 2788 859 2854 dogmati
904 2805 930 2836 a
969 2787 1116 2837 Cone.

100 2868 371 2917 Tridentino
417 2870 594 2917 adserto
637 2872 773 2918 unice
810 2871 1117 2929 adhaerentes,

99 2963 332 3016 coeperunt
361 2952 418 2999 ab
450 2954 579 3007 omni
607 2952 870 3016 subjectiva
896 2970 950 3001 ac
965 2951 1122 3018 philo-

100 3032 291 3098 sophica
313 3036 431 3082 circa
448 3035 587 3082 fidem
609 3035 921 3098 speculatione
944 3034 1114 3083 abhor-

101 3134 198 3164 rere
214 3153 228 3176 ,
248 3117 387 3165 veluti
413 3118 523 3166 fidei
544 3117 797 3182 periculosa
813 3129 892 3166 aut
908 3117 1112 3168 infensa.

102 3198 171 3246 Ita
186 3198 361 3245 factum
377 3209 443 3246 est
455 3201 574 3248 inter
588 3210 832 3264 utramque
846 3200 1116 3262 divortium,

107 3283 170 3328 sic
203 3290 254 3327 ut
290 3279 349 3327 ab
386 3291 513 3330 aetate
540 3282 736 3331 Concilii
768 3281 1026 3329 Tridentini
1057 3283 1117 3331 ad

107 3362 203 3409 haec
221 3362 314 3409 fere
337 3370 540 3425 tempora
559 3381 780 3429 magnum
813 3365 862 3410 in
894 3361 1117 3410 Ecclesia

106 3444 339 3492 catholica
374 3445 689 3508 scientificum
721 3445 968 3493 silentium
1005 3445 1117 3493 sub-

109 3536 316 3574 secutum
361 3526 498 3573 fuerit
546 3525 671 3575 haud
716 3530 877 3592 exigua
918 3528 1117 3583 scientiae

104 3609 299 3671 jactura.
332 3607 440 3655 Haec
465 3607 671 3668 Baltzer‚
706 3608 843 3674 cujus
877 3611 1117 3659 sententiae

1181 1481 1468 1529 subscribere
1519 1480 1645 1527 haud
1702 1498 1974 1544 possumus;
2019 1484 2192 1548 quippe

1181 1562 1312 1610 nullo
1342 1571 1548 1626 tempore
1562 1561 1764 1610 Ecclesia
1792 1563 1852 1611 ab
1878 1582 1966 1611 usu
1984 1574 2106 1612 recto
2122 1583 2197 1612 ra-

1182 1647 1322 1692 tionis
1348 1653 1391 1691 et
1419 1643 1720 1708 philosophiae
1752 1645 2046 1709 speculativas
2063 1647 2112 1692 in
2130 1662 2202 1694 re-
2259 1657 2262 1661 ’

1182 1725 1271 1773 bus
1301 1725 1408 1773 fidei
1441 1727 1621 1772 animos
1645 1729 1886 1788 avocavit3
1914 1728 1995 1775 sed
2020 1737 2202 1776 tantum

1185 1807 1357 1856 abusus
1383 1807 1745 1855 licentiosiorum
1769 1810 2057 1872 ingeniorum
2074 1826 2203 1857 com-

1187 1892 1396 1954 pescuit„
1427 1891 1673 1954 cavitque,
1700 1907 1760 1938 ne
1791 1907 1873 1955 per
1900 1907 2019 1939 nova
2051 1892 2202 1955 philo-

1187 1971 1358 2034 sophiae
1371 1981 1612 2035 systemata
1629 1972 1883 2020 identidem
1904 1975 2201 2037 prodeuntia,

1189 2056 1225 2100 si
1251 2053 1480 2116 ambiguae
1518 2063 1598 2100 aut
1635 2054 1898 2117 periculosae
1935 2055 2103 2103 indolis
2129 2072 2203 2104 es-

1189 2144 1318 2192 sent,
1350 2134 1605 2199 quidquam
1636 2135 1742 2183 fidei
1772 2136 2135 2185 immutabilitati
2161 2147 2206 2186 et

1190 2216 1370 2263 veritati
1396 2215 1555 2262 damni
1585 2216 1842 2264 inferretur.
2135 2268 2138 2271 Α

1259 2295 1327 2359 (2)
1365 2295 1512 2344 Nemo
1539 2297 1742 2360 profecto
1766 2295 1890 2345 hanc
1914 2298 2099 2346 laudem
2126 2298 2207 2347 de-

1191 2379 1381 2444 negabit
1419 2365 1603 2446 utrique
1631 2379 1741 2429 Soto
1759 2418 1771 2440 ‚
1807 2380 2023 2430 Suarezio
2044 2419 2058 2442 ‚
2090 2381 2207 2430 Vas·

1193 2464 1357 2528 quezio
1378 2500 1390 2522 ,
1422 2462 1562 2511 Card.
1588 2462 1776 2522 Toleto,
1803 2462 1941 2512 Card.
1959 2463 2028 2512 De
2051 2463 2204 2528 Lugo,

1194 2543 1335 2593 Card.
1370 2543 1672 2609 Cienfuegos‚
1700 2545 1890 2611 aliisque
1920 2563 2037 2610 pene
2065 2548 2209 2594 innu-

1195 2628 1334 2673 meris
1355 2663 1367 2684 ‚
1408 2629 1488 2692 qui
1516 2643 1612 2674 non
1645 2626 1793 2674 solum
1827 2626 1987 2674 Credo*
2007 2626 2207 2675 catholi-

1201 2723 1309 2754 cum
1321 2743 1336 2768 ,
1371 2718 1422 2754 ut
1442 2710 1521 2756 cit.
1537 2707 1714 2756 Baltzer
1728 2708 1931 2774 loquitur
1945 2746 1957 2769 ,
1976 2708 2211 2758 adstruxe-

1202 2799 1311 2838 runt
1327 2790 1542 2838 adversus
1556 2789 1858 2839 Protestantes
1870 2826 1884 2851 ,
1903 2791 1981 2839 sed
1997 2801 2211 2855 praeterea

1203 2873 1261 2919 ad
1293 2876 1392 2937 ejus
1415 2873 1735 2936 speculativam
1761 2872 2109 2937 intelligentiam
2135 2889 2213 2937 per

1206 2953 1510 3001 scientificum
1532 2971 1793 3019 processum
1814 2972 1911 3003 sese
1927 2957 2215 3014 extulerunt,

1199 3044 1337 3100 atque
1372 3038 1460 3100 ipsi
1495 3038 1633 3084 etiam
1663 3038 1714 3084 in
1742 3037 1856 3084 coelo
1882 3034 2106 3085 catholico
2137 3055 2213 3086 ve-

1198 3117 1287 3166 luti
1323 3128 1438 3166 astra
1466 3121 1775 3167 emicuerunt.
1793 3119 1930 3179 Quod
1951 3120 1992 3168 si
2015 3120 2214 3185 theologi

1192 3201 1401 3265 positivi
1434 3203 1690 3266 nuncupati
1729 3212 1807 3250 aut
1840 3201 2087 3264 historici,
2131 3203 2214 3268 qui

1200 3292 1376 3347 partem
1399 3282 1733 3348 apologeticam
1763 3283 2009 3332 coluerunt
2028 3323 2041 3343 ,
2074 3284 2213 3332 aliam

1201 3366 1325 3411 viam
1354 3365 1510 3411 sectati
1546 3374 1654 3411 sunt
1670 3401 1686 3423 ,
1713 3367 1956 3414 necessitas
1983 3383 2059 3414 eos
2082 3366 2140 3413 ad
2165 3364 2212 3412 id

1203 3444 1414 3509 impulit,
1433 3462 1541 3493 cum
1560 3446 1768 3512 undique
1783 3446 2084 3496 protestantes
2101 3447 2212 3494 fun-

1204 3528 1417 3575 damenta
1446 3528 1553 3576 fidei
1585 3528 1809 3580 historicae
1842 3541 2044 3580 evertere
2077 3527 2211 3576 adni-

1205 3614 1430 3658 terentur.
