2502 4134
343 187 500 227 mar.
541 184 605 223 ιι.
653 186 802 224 sacr.
852 186 918 224 11.
968 186 1089 224 oar.
1137 186 1197 223 11.
1227 179 1315 224 'ne
1361 188 1492 228 men.
1540 190 1671 226 osu.
1722 190 1886 228 rasi).
2061 169 2208 231 289'

61 342 160 390 aut
204 328 478 408 vulgares·
517 325 803 409 rudesque
848 327 1114 387 homines
1157 341 1351 389 essent
1397 351 1467 391 ex
1520 330 1801 393 laicorum
1843 345 2038 410 coetu,
2085 336 2186 417 qui

60 423 307 483 candide
337 433 397 482 et
427 421 644 504 absque
674 422 803 482 fuco
823 467 839 497 .,
870 422 1014 505 quid
1043 423 1353 485 crederent
1373 468 1390 499 ‚
1425 427 1802 508 exponebant
1841 451 1907 490 ac
1940 431 2185 513 profite-

59 516 276 578 bantur
306 517 417 597 (l).

141 612 281 671 440.
312 614 439 671 Huc
466 611 683 672 accedit
703 657 718 686 ,
744 611 901 694 quod
925 612 1134 671 horum
1160 623 1422 671 actorum
1449 611 1620 673 lectio
1655 615 1923 677 fidelibus
1945 619 2190 681 minime

57 710 534 791 permitteretur7
578 707 690 765 nisi
727 706 884 788 prius
924 705 998 766 ab
1042 706 1324 788 Episcopo
1361 706 1460 765 illa
1503 711 1796 787 recognita
1841 712 2087 774 fuissent
2122 736 2190 775 ac

58 802 302 884 probata
348 803 436 881 (02.)
465 827 480 875 ς
534 802 694 883 quod
720 801 1073 881 ‚legerentur
1132 802 1196 861 in
1250 800 1484 883 publica
1543 803 1781 864 ecclesia
1841 808 2188 883 Praesulibus

59 897 550 977 inspectantibuS,
609 918 858 978 quorum
910 895 1247 981 suffragium
1297 896 1542 956 minime
1591 897 1781 957 latura
1824 901 2101 979 fuissent,
2140 905 2190 964 si

60 992 202 1074 quid
241 1014 271 1050 a
305 1003 534 1074 recepta
564 991 824 1051 Ecclesiae
851 982 965 1050 fide
994 988 1282 1048 absonum
1320 1012 1443 1071 prae
1483 1013 1546 1050 se
1584 990 1856 1053 tulissent
1888 996 2000 1076 (3).
2035 998 2190 1058 Hinc

60 1087 209 1146 nihil
248 1086 496 1150 validius
515 1131 532 1160 ‚
575 1086 725 1144 nihil
754 1086 932 1163 magit
959 1084 1237 1143 idoneum
1265 1084 1340 1143 ad
1377 1085 1825 1148 confundendos
1844 1092 2186 1153 Socinianos

61 1195 120 1242 et
155 1183 445 1241 Unitarios
489 1181 637 1239 circa
670 1178 930 1238 Ecclesiae
969 1176 1177 1250 fidem,
1216 1195 1351 1259 quae'
1382 1179 1570 1238 tribus
1603 1183 1894 1263 prioribus
1929 1187 2191 1248 Ecclesiae

60 1276 262 1338 seculis
289 1277 363 1335 de
390 1276 670 1334 Trinitate
692 1317 708 1347 .,
736 1261 916 1332 ‘Verbi
954 1273 1359 1333 lncarnatione
1382 1319 1397 1347 ,
1433 1273 1742 1337 divinitate
1779 1278 1993 1339 Christi
2030 1282 2189 1343 aliis—

60 1393 172 1452 que
191 1370 476 1450 mysteriis
511 1367 867 1439 obtinuerit,
890 1366 983 1426 his
1019 1367 1159 1425 actis
1197 1368 1447 1448 proferri
1472 1382 1692 1452 potest.
1721 1371 1882 1431 Idem
1907 1374 2187 1437 adversus

59 1463 464 1543 hagiomaohos
498 1473 891 1544 protestantes
922 1461 1115 1544 quoad
1149 1463 1496 1523 Sanctorum
1522 1466 1746 1527 cultum
1783 1479 1843 1527 et
1864 1468 2185 1532 invocatio-

56 1579 195 1618 nem
211 1601 228 1630 ,
255 1556 632 1639 reliquiarum
652 1558 1094 1618 venerationem
1110 1601 1126 1631 ,
1154 1557 1304 1616 nihil
1327 1571 1523 1639 potest
1540 1563 1731 1642 aptius
1751 1565 1975 1644 urgeri,
2003 1587 2178 1648 quana

58 1675 187 1736 quae
224 1655 288 1712 in
336 1655 660 1734 Martyrum
707 1655 848 1712 actis
899 1654 1119 1735 passim
1170 1652 1481 1734 leguntur,
1532 1678 1661 1739 quae
1713 1657 1882 1719 nobis
1921 1661 2183 1723 Eccles1ae

56 1748 348 1808 catholicae
385 1748 566 1808 fidem
595 1747 914 1823 exhibent,
945 1769 1052 1830 per
1085 1747 1146 1808 id
1177 1750 1458 1830 temporis
1483 1750 1558 1811 de
1582 1751 1697 1812 illis
1725 1754 1980 1814 articulis
2009 1756 2182 1820 inva-

55 1842 391 1903 lescentem.

138 1938 276 1998 441.
322 1941 510 2013 Quare
553 1959 677 1996 non
730 1937 919 1997 solum
961 1950 1221 1998 auctores
1267 1937 1530 2000 catholici
1577 1943 1789 2003 exinde
1835 1960 2181 2026 argumenta

33 2045 297 2093 sumunt
320 2032 396 2092 ad
411 2033 807 2092 Traditionem
833 2032 1216 2113 dogmaticam
1241 2034 1501 2096 Ecclesiae
1524 2036 1802 2099 adversus
1827 2041 1964 2101 fidei
1980 2041 2178 2105 hostes

57 2127 467 2203 evincendam,
497 2150 702 2189 verum
723 2127 900 2188 etiam
927 2129 1154 2195 sectarii
1177 2129 1251 2189 ad
1280 2131 1666 2212 pugnandum
1696 2146 1897 2195 contra
1916 2137 2175 2199 Socinia-

61 2243 166 2282 nos
189 2223 276 2303 (4)
299 2245 317 2300 3
344 2243 456 2303 qua
501 2233 698 2281 tamen
735 2222 1076 2282 cohaerentia
1110 2245 1244 2283 cum
1281 2226 1582 2308 principiis
1621 2230 1738 2288 suis
1772 2228 1836 2289 id
1874 2230 2130 2293 efficiant
2154 2280 2170 2310 ,

62 2337 291 2398 quoque
317 2315 557 2376 tandem
582 2317 741 2377 exitu
762 2361 778 2392 ‚
805 2319 917 2398 ipsi
944 2318 1219 2379 viderint.

60 2581 209 2628 tavius
225 2614 240 2639 ,
268 2581 317 2627 in
346 2579 490 2627 tribus
516 2573 742 2644 prioribus
767 2579 992 2644 capitibus
1018 2580 1073 2626 li·
1228 2579 1294 2644 (3)
1331 2581 1456 2631 Ibid.

59 2659 133 2708 bri
172 2663 309 2726 primi
347 2661 405 2709 de
443 2660 665 2710 Trinitate
687 2699 701 2722 ‚
740 2663 919 2726 scripsit
954 2663 1072 2709 circa
1225 2663 1292 2727 (li)
1330 2663 1451 2712 Sane
1489 2666 1643 2730 quoad
1679 2677 1886 2717 auctores
1919 2672 2170 2723 catholicos

46 2742 277 2808 ‘loquendi
309 2743 498 2791 modum
516 2779 530 2805 ‚
564 2761 657 2808 quo
687 2742 842 2792 Patres
859 2745 1067 2791 ante-ni·
1153 2746 1260 2793 satis
1282 2755 1347 2794 est
1369 2747 1523 2794 oculos
1540 2750 1768 2814 conjicere
1787 2752 1837 2798 in
1852 2752 2033 2803 celebre
2053 2772 2170 2819 opus

58 2826 171 2872 caeni
207 2826 278 2873 usi
312 2816 447 2885 sunt}
478 2834 664 2891 agentes
692 2825 751 2874 de
777 2822 918 2872 Verbi
951 2825 1069 2872 divi·
1151 2825 1213 2875 D.
1247 2826 1405 2876 Maran
1421 2865 1435 2888 ‚
1462 2825 1714 2878 Divinitas
1730 2827 1794 2882 D.
1815 2832 1882 2881 N.
1899 2833 1954 2883 J.
1979 2834 2038 2885 C.
2056 2854 2168 2901 prae-

58 2908 198 2956 nitate
223 2911 417 2973 ejusque
438 2918 604 2956 aeterna
635 2911 943 2974 generatione.
1150 2911 1305 2957 sertim
1342 2909 1424 2957 lib.
1463 2927 1527 2968 n,
1564 2928 1667 2976 cap.
1699 2910 1762 2975 4,
1795 2916 1923 2979 quod
1952 2918 2168 2968 inscribi-

124 2989 194 3052 (Ι)
228 2988 468 3055 Ejusmodi
502 2999 610 3038 sunt
637 2993 955 3056 responsiones
986 3008 1061 3038 sa·
1147 2999 1225 3037 tur
1255 3007 1269 3038 ε
1301 2989 1441 3038 Idem
1480 2991 1726 3055 (Ecclesiae
1763 2995 1875 3045 fides
1908 2999 1965 3046 de
1996 2998 2166 3050 Christi

58 3071 227 3134 pientia
261 3071 405 3136 plenae
422 3110 435 3132 ,
473 3087 576 3137 quae
607 3073 846 3137 judicibus
875 3076 1061 3137 paganis
1147 3072 1414 3137 divinitate)
1436 3073 1786 3124 demonstratur
1798 3094 1857 3126 ex
1878 3082 2166 3130 testimoniis

59 3149 174 3198 datae
198 3152 409 3216 leguntur
436 3156 485 3201 in
513 3157 623 3202 actis
642 3153 688 3202 S.
710 3154 1057 3222 Symphorosae‚
1144 3152 1247 3204 SS.
1278 3152 1572 3221 Martyrum.
1608 3155 1771 3221 Quoad
1805 3164 2021 3210 sectarios
2057 3181 2163 3213 vero

63 3226 152 3301 SS.
179 3231 419 3283 Felicitatis
460 3253 514 3284 ac
554 3237 812 3301 Perpetuae‚
862 3235 1058 3284 aliarum
1144 3236 1191 3284 id
1221 3246 1344 3301 patet
1376 3255 1429 3286 ex
1461 3237 1680 3300 Calovio,
1715 3258 1792 3305 op.
1829 3245 1908 3292 cit.
1941 3254 2056 3295 tom.
2093 3260 2125 3293 u
2146 3283 2159 3306 ‚

63 3312 156 3359 sive
179 3312 465 3365 seminarum
495 3322 587 3368 sive
611 3321 798 3368 rudium
824 3322 1027 3367 virorum
1043 3357 1055 3377 ‚
1145 3335 1247 3383 pag.
1268 3316 1370 3382 484
1393 3329 1437 3368 et
1459 3337 1591 3386 seqq.
1613 3322 1694 3369 ubi
1711 3323 1787 3371 hic
1803 3323 2158 3375 adstruitfidem

64 3391 121 3439 de
136 3393 484 3461 quibusegimus
503 3402 552 3449 in
574 3412 706 3451 tract.
727 3400 807 3450 De
824 3398 867 3452 T
866 3404 1061 3450 “imitate
1145 3401 1204 3448 de
1229 3398 1315 3450 SS.
1343 3401 1568 3450 Trinitate
1606 3420 1659 3451 ex
1704 3403 1828 3454 Actis
1866 3406 2121 3474 Martyrum
2143 3446 2158 3468 ‚

62 3482 105 3520 et
131 3476 380 3527 Incarnat.
404 3495 407 3499 ⁴
851 3548 853 3551 ι
1146 3485 1226 3549 qui
1254 3484 1411 3533 decem
1437 3487 1598 3549 primis
1617 3490 2009 3552 persecutionibus
2037 3492 2160 3538 mor-

125 3555 195 3619 (2)
233 3557 328 3608 cfr.
343 3559 557 3627 Ruinart,
577 3568 666 3616 loc.
684 3569 763 3616 cit.
779 3586 830 3616 n.
849 3567 878 3616 3
893 3605 905 3628 ‚
930 3565 990 3629 4,
1015 3565 1058 3615 5.
1148 3579 1241 3618 tem
1266 3587 1350 3635 pro
1380 3569 1565 3619 Christo
1595 3574 1928 3621 sustinuerunt.

217 3720 281 3778 T.
331 3721 427 3781 IX.
746 3764 749 3767 -
1888 3732 1964 3792 19
