2502 4134
910 140 1106 177 TRACT.
1153 141 1221 176 ΒΕ
1263 138 1416 176 Loms
1460 140 1845 179 THEOLOGICIS.

318 121 434 180 162

314 285 404 344 dis
426 286 787 356 immunem,
819 292 886 337 ut
915 291 1169 361 nequeat
1199 278 1462 338 ulteriori
1493 279 1701 360 subjici
1734 281 2164 352 emendationi,
2195 282 2255 341 id
2285 282 2443 365 quod

311 391 514 439 auctor
549 378 672 459 ipse
718 375 1077 457 praefationis
1117 373 1193 432 ad
1226 374 1508 434 lectorem
1551 376 1613 435 in
1651 377 1907 437 editione
1941 377 2257 439 Clementis
2298 378 2440 438 VIII

313 476 529 534 fatetur
550 473 664 552 (l).
703 474 769 528 In
806 492 874 529 eo
899 484 1101 530 tamen
1150 470 1417 548 unanimi
1451 492 1684 551 prorsus
1720 494 1894 533 sensu
1934 473 2214 533 Catholici
2236 493 2444 535 conve-

314 571 493 629 niunt
535 588 739 626 omnes
752 610 772 636 ,
800 566 1033 624 nullum
1069 566 1130 624 in
1171 564 1414 645 Vulgata
1444 566 1703 627 editione
1738 589 1998 628 errorem
2028 569 2348 643 contineri,
2380 570 2443 628 in

309 665 382 724 §is
429 664 639 724 saltem
674 683 800 744 quae
827 662 903 722 ad
944 661 1124 721 fidem
1162 683 1468 744 moresque
1500 674 1796 745 spectant,
1830 677 1932 724 aut
1961 667 2138 724 etiam
2177 686 2305 747 quae
2341 664 2443 724 ali-

311 767 472 840 cujus
522 760 807 819 momenti
862 759 982 817 sint
1023 759 1084 816 in
1136 757 1311 817 rebus
1363 770 1539 839 atque
1585 759 1888 818 sententiis
1926 760 2036 840 (2).
2095 762 2222 835 Quo
2270 781 2440 820 sensu

309 857 640 930 affirmant,
678 854 1077 914 authenticam
1118 852 1472 913 declaratam
1498 875 1623 913 esse
1666 853 1963 934 vulgatam
1990 855 2237 916 latinam
2261 879 2293 915 a
2323 856 2444 915 Tri-

309 954 589 1026 dentinO,
619 956 779 1030 cujus
805 952 1087 1008 nimirum
1118 950 1353 1009 decreto
1377 950 1598 1009 factum
1626 962 1748 1025 est,
1785 962 1858 1009 ut
1894 950 2076 1010 latina
2107 951 2230 1012 haec
2254 955 2442 1013 versio

308 1049 573 1129 originali
610 1048 792 1108 textui
830 1046 1004 1128 plane
1042 1045 1356 1130 conformis
1397 1045 1712 1123 dijudicata
1750 1047 1954 1120 fuerit,
2003 1059 2179 1129 atque
2219 1048 2442 1108 extrin—

306 1167 496 1206 secam
522 1155 801 1227 praeterea
835 1142 1243 1201 auctoritatem
1274 1153 1443 1199 nacta
1475 1142 1581 1215 sit3
1621 1141 1777 1201 unde
1804 1165 1911 1201 nos
1937 1165 2009 1221 ex
2036 1141 2274 1224 publico
2293 1151 2440 1222 ejus-

305 1242 467 1301 modi
490 1238 822 1300 ac‘solemni
847 1237 1109 1296 Ecclesiae
1122 1236 1341 1314 judicio
1366 1238 1512 1297 certi
1540 1238 1827 1296 efficimur
1856 1238 1929 1299 de
1950 1260 2017 1298 ea
2035 1239 2444 1300 conformitate

307 1350 482 1420 atque
527 1337 841 1395 intrinseca
886 1335 1267 1392 consonantia
1290 1378 1306 1406 a
1346 1355 1523 1415 quam
1565 1332 1747 1393 habet
1786 1356 1920 1394 cum
1968 1334 2228 1394 fontibus
2267 1335 2439 1417 ipsiS‚

306 1433 387 1491 ita
433 1443 498 1490 ut
533 1436 654 1510 ejus
686 1430 885 1510 respui
913 1429 1226 1487 auctoritas
1263 1451 1294 1487 a
1330 1430 1570 1488 nemine
1606 1431 1810 1510 possit.
1850 1433 1967 1490 Nos
2004 1432 2143 1511 ipsis
2183 1431 2441 1512 adstipu—

304 1527 526 1600 lamur3
559 1538 734 1607 atque
761 1525 869 1582 hoc
895 1546 1101 1595 sensu,
1141 1524 1380 1605 reliquis
1395 1518 1519 1602 jam
1543 1523 1818 1584 obsoletis
1850 1527 2260 1584 controversiis
2282 1546 2440 1606 prae-

307 1622 588 1683 termissis
605 1667 620 1696 .,
640 1621 1037 1680 authenticam
1056 1620 1411 1679 adstruimus
1428 1621 1709 1679 adversus
1726 1623 2126 1680 protestantes
2149 1620 2441 1701 vulgatam

302 1718 551 1778 latinam
580 1718 926 1776 versionem.

385 1814 527 1873 246.
571 1814 654 1872 Ne
699 1833 834 1871 vero
876 1813 937 1869 in
962 1809 1314 1869 obscuritate
1355 1832 1656 1871 versemur
1682 1858 1697 1886 ,
1728 1813 1951 1889 juverit
1991 1812 2083 1871 hic
2115 1811 2290 1874 verba
2313 1814 2439 1894 ipsa

304 1911 661 1994 praemittere
682 1907 1011 1967 Tridentini
1036 1907 1253 1967 decreti
1275 1953 1290 1981 .,
1322 1929 1462 1967 sess,
1509 1910 1579 1967 1V
1603 1954 1619 1982 .,
1657 1930 1787 1990 quae
1817 1909 1896 1967 ita
1931 1930 1992 1968 se
2017 1908 2236 1968 habeut
2265 1932 2278 1967 z
2309 1910 2443 1969 Ea-

306 2009 441 2065 dem
492 2013 871 2064 sacrosancta
925 2004 1228 2081 SynoduS,
1278 2005 1666 2085 considerans
1712 2026 1836 2063 ozon
1873 2026 2108 2084 parum
2156 2007 2442 2063 utilitatis

306 2102 578 2161 accedere
600 2120 768 2178 posse
801 2099 1083 2158 Ecclesiae
1109 2099 1263 2169 Dei,
1293 2103 1349 2156 si
1368 2120 1441 2157 ea:
1464 2101 1749 2157 omnihus
1781 2101 1996 2157 latinis
2035 2099 2438 2182 editionibus,

304 2219 440 2276 quoe
477 2198 1033 2269 circumferuntur„
1081 2214 1397 2252 sacrorum
1436 2195 1803 2263 Librorum,
1843 2217 2129 2274 quoenam
2155 2217 2276 2275 pro
2321 2217 2439 2254 au·-

305 2293 568 2352 theutica
594 2290 867 2348 habenda
896 2293 975 2347 sit
986 2333 1007 2359 ‚
1025 2292 1356 2347 innotescat
1372 2332 1395 2360 ‚
1426 2293 1637 2349 statuit
1661 2301 1719 2349 et
1736 2290 2036 2361 declarat,
2071 2302 2139 2349 ut
2158 2290 2279 2350 lzoec
2302 2293 2438 2370 ipsa

1417 2510 1738 2559 ecclesiastica
1761 2514 1893 2559 circa
1939 2511 2166 2560 Trident.
2195 2511 2433 2559 decretum

379 2514 444 2577 (l)
483 2496 626 2578 Cujus
640 2521 822 2571 auctor,
844 2520 895 2558 ut
911 2528 1017 2559 mox
1041 2510 1302 2558 videbimus
1317 2549 1329 2570 ‚

308 2599 407 2661 ipse
420 2596 726 2644 Bellarminus
742 2605 826 2643 est.
855 2592 977 2642 Sane
1005 2595 1112 2640 satis
1136 2603 1205 2640 est
1221 2610 1334 2640 ocu-

308 2677 378 2726 los
422 2679 649 2743 conjicere
702 2680 752 2724 in
803 2676 1000 2724 alterum
1047 2693 1100 2722 ex
1148 2674 1333 2722 duobus

304 2759 514 2822 libellis,
563 2776 681 2825 quos
726 2759 870 2807 Lucas
906 2758 1152 2822 Brugensis
1187 2756 1327 2804 Card.

308 2841 588 2890 Bellarmino
631 2839 801 2889 obtulit
820 2878 831 2896 ,
876 2845 926 2887 in
968 2845 1061 2905 quo
1100 2840 1331 2903 specimen

309 2926 647 2973 correctionum
676 2922 726 2970 in
757 2940 802 2970 xv
835 2921 1081 2990 Evangelia
1110 2919 1328 2977 exhibet,

310 3022 411 3070 quae
435 3008 485 3052 in
505 3015 630 3053 textu
642 3004 848 3070 Vulgatae
864 3004 961 3051 fieri
980 3011 1183 3068 possent.
1200 3000 1323 3065 Opp.

310 3085 423 3134 edit.
440 3087 667 3152 Antwerp.
688 3103 703 3134 1
713 3085 816 3135 606
827 3123 841 3146 ,
859 3095 972 3134 tom.
985 3100 1044 3144 Π,
1056 3102 1157 3150 pag.
1178 3082 1322 3143 1056;

311 3169 423 3215 item
439 3171 487 3215 in
505 3169 686 3217 duobus
709 3169 808 3216 aliis
825 3167 991 3217 libellis
1010 3204 1023 3227 ‚
1055 3169 1136 3232 qui
1154 3166 1212 3214 ad
1231 3166 1324 3214 cal-

310 3265 409 3296 cem
448 3248 708 3299 Comment.
728 3249 803 3298 Du
829 3248 995 3298 Hamel
1021 3250 1170 3297 reensi
1193 3257 1320 3296 sunt.

381 3330 445 3394 (2)
483 3329 645 3396 Quoad
673 3347 842 3380 errores
859 3369 872 3390 ‚
908 3334 990 3397 qui
1016 3333 1082 3379 rei
1109 3329 1323 3378 substan-

310 3415 423 3462 tiam
450 3431 548 3462 non
569 3417 828 3479 attingant,
853 3425 1011 3463 utrum
1037 3416 1183 3479 reipsa
1208 3430 1325 3461 non-

312 3495 433 3545 nulli
465 3497 517 3543 in
553 3495 745 3561 Vulgata
780 3495 982 3545 editione
1013 3498 1328 3560 reperiantur,

315 3577 548 3626 affirmant
574 3577 687 3638 alii,
712 3578 788 3626 alii
810 3595 918 3627 vero
944 3588 1129 3644 negant,
1151 3576 1331 3642 Negant

313 3659 432 3708 inter
460 3667 632 3710 ceteros
663 3658 958 3710 Cabassutius
977 3696 992 3724 ‚
1023 3663 1073 3709 in
1093 3658 1327 3709 Diaei-iba

1416 2593 1473 2641 de
1508 2593 1562 2642 V
1560 2593 1722 2658 ulqata
1751 2593 1961 2643 Biblior.
1990 2593 2224 2656 editione,
2259 2592 2311 2641 in
2330 2593 2432 2643 No·-

1415 2682 1524 2728 titia
1554 2680 1722 2744 Conc.;
1750 2683 1863 2729 item
1892 2679 2114 2729 Bellarm.
2145 2683 2195 2729 in
2227 2678 2431 2731 Dissert.

1417 2779 1556 2826 quam
1580 2779 1633 2809 ex
1655 2761 1763 2809 Mss.
1786 2779 1910 2810 anno
1939 2758 2065 2829 1749
2083 2765 2132 2810 in
2152 2763 2304 2811 lucem
2323 2781 2433 2827 pro·

1416 2843 1521 2890 tulit
1534 2842 1870 2906 Windenoser3
1893 2841 2080 2892 Simeon
2101 2845 2158 2893 de
2176 2844 2323 2903 Mais,
2349 2845 2435 2893 lib.

1415 2924 1496 2973 De
1527 2934 1711 2974 auctor.
1741 2933 1897 2972 textus
1925 2926 2076 2987 hebr.;
2113 2925 2320 2976 Serarius
2338 2965 2350 2987 ‚
2387 2929 2436 2975 in

1414 3006 1608 3072 Proleq.
1634 3024 1737 3073 cap.
1775 3024 1830 3056 21
1855 3027 1868 3070 3
1900 3009 2198 3069 Bonfrerius‚
2226 3013 2275 3057 in
2291 3013 2436 3058 Prae-

1415 3090 1531 3156 loq.;
1553 3089 1690 3139 Joan.
1721 3092 1839 3139 dela
1872 3074 2000 3157 Haye
2019 3131 2031 3152 ‚
2066 3097 2116 3140 in
2142 3090 2297 3152 Prol.;
2324 3090 2430 3139 Nat.

1416 3173 1545 3221 Alex.
1584 3190 1676 3221 sec.
1712 3190 1787 3232 iv,
1832 3175 1942 3223 diss.
1986 3175 2080 3241 393
2120 3173 2341 3230 Bossuet‚
2385 3176 2433 3220 in

1415 3256 1583 3321 Projct
1606 3254 1665 3303 de
1688 3254 1903 3314 l'tmion,
1933 3267 2023 3304 etc.
2045 3256 2290 3304 Affirmant
2320 3256 2399 3304 alii
2417 3291 2431 3314 ,

1415 3343 1534 3388 inter
1553 3355 1668 3404 quos
1685 3341 1938 3386 novissime
1953 3338 1981 3387 J
1985 3357 2050 3388 os.
2069 3339 2209 3387 Zama
2225 3338 2427 3399 Memini,

1416 3424 1535 3490 prof.
1571 3422 1873 3470 Bononiensis
1900 3425 1951 3469 in
1993 3419 2303 3471 Institution.
2354 3423 2430 3470 bi-

1412 3506 1576 3563 blt‘cie,
1608 3505 1789 3554 Bonon.
1819 3502 1945 3554 1833
1962 3542 1974 3562 ‚
2003 3516 2120 3569 part.
2145 3519 2162 3551 1
2179 3541 2192 3563 ‚
2225 3504 2339 3553 diss.
2363 3520 2426 3567 n,

1413 3607 1515 3654 cap.
1547 3588 1607 3661 3,
1638 3598 1726 3637 art.
1759 3587 1787 3635 3
1808 3623 1822 3647 ,
1853 3605 1902 3653 q.
1926 3604 1972 3647 1,
1999 3603 2105 3652 pag.
2142 3584 2255 3635 162.
