2502 4134
251 73 369 134 444

869 96 1065 135 TRACT.
1114 94 1184 135 ΒΕ
1226 98 1378 136 Locis
1421 100 1803 148 THEOLOGIGIS.

250 238 503 298 mesium
537 236 858 319 apodictica
881 237 1055 316 hujus
1103 238 1488 299 conclusionis
1526 240 1649 300 hoec
1685 254 1776 302 est
1796 288 1813 316 ‚
1841 247 1975 326 quia
1997 291 2013 320 ,
2064 246 2296 305 tametsi
2319 247 2380 305 in

251 335 578 415 cognitione
599 334 828 392 directa
859 332 958 392 illa
983 334 1368 414 intelligentia
1396 357 1497 395 seu
1521 335 1817 397 evidentia
1846 337 2201 400 determinet
2225 362 2385 401 men-

249 443 373 490 tem
409 429 483 488 ad
518 430 844 488 tenendum
882 452 1003 509 pro
1049 452 1182 489 vero
1200 475 1222 503 ,
1266 442 1468 492 tamen
1508 432 1571 490 in
1616 433 1945 513 cognitione
1983 437 2235 512 reflexa,
2282 458 2384 496 seu

250 524 562 585 accedente
599 525 917 586 reflexione
940 572 955 599 7
989 528 1293 587 evidentia
1320 527 1417 585 illa
1462 549 1771 610 nunquam
1801 549 1908 586 nos
1933 527 2128 589 reddit
2159 543 2346 592 certos
2365 578 2381 605 ,

248 634 451 681 utrum
474 621 573 681 illa
602 621 821 682 directa
850 623 1102 703 cognitio
1123 669 1139 698 ,
1185 623 1307 685 sive
1343 626 1630 703 objectiva
1657 624 1780 683 sive
1806 623 1982 682 etiam
2020 627 2382 705 subjectiva,

247 717 570 777 necessaria
608 719 705 777 sit.
761 720 966 800 Itaque
985 765 1002 792 ‚
1059 740 1195 779 cum
1245 720 1437 801 quivis
1497 730 1659 779 actus
1716 718 1969 796 reflexus
2012 734 2388 800 cognoscatur

247 833 354 894 per
392 812 573 871 alium
602 825 799 872 actum
838 814 1128 891 reflexum
1149 858 1170 886 ,
1217 814 1457 875 daretur
1485 836 1824 896 progressus
1870 826 2107 874 actuum
2139 814 2388 877 reflexo-

246 930 381 967 rum
414 914 485 968 in
517 911 871 990 infinitum„
917 911 1061 992 quin
1101 933 1367 992 unquam
1403 911 1479 970 ad
1509 915 1922 971 necessariam
1959 913 2387 993 cognitionem,

248 1025 376 1087 quae
408 1004 833 1065 determinaret
882 1005 956 1064 ad
991 1005 1214 1089 aliquid
1252 1010 1578 1066 tenendum
1599 1030 1718 1088 pro
1753 1030 1885 1069 vero
1903 1050 1924 1080 ,
1954 1010 2384 1090 perveniretur.

336 1100 471 1160 157.
519 1102 656 1161 Haec
696 1124 830 1183 pars
861 1103 1262 1173 Hermesianae
1288 1103 1691 1185 inquisitionis
1713 1150 1729 1179 .,
1779 1126 1911 1186 quae
1944 1104 2134 1163 omnis
2161 1103 2391 1165 videtur

249 1196 615 1256 certitudinis
665 1196 1023 1259 destructiva
1042 1244 1059 1274 .,
1116 1211 1206 1258 est
1256 1199 1530 1282 quaedam
1567 1199 1751 1261 veluti
1803 1199 2075 1259 machina
2120 1199 2194 1259 ab
2240 1202 2394 1260 Her-

249 1294 431 1352 mesio
459 1306 665 1353 contra
709 1294 992 1355 Kantium
1024 1295 1285 1355 admota.
1323 1297 1571 1356 Kantius
1601 1296 1759 1356 enim
1783 1343 1798 1372 .,
1836 1296 2029 1378 posito
2067 1297 2356 1378 principio
2375 1343 2391 1372 ,

249 1389 406 1471 quod
437 1389 602 1449 nulla
633 1388 1005 1451 detur'certa
1051 1392 1303 1472 cognitio
1334 1393 1449 1450 nisi
1477 1393 1553 1450 sit
1589 1396 1959 1463 necessaria,
1999 1391 2162 1450 nulla
2190 1404 2390 1452 autem

247 1491 618 1556 necessaria,
658 1486 771 1545 nisi
807 1486 933 1547 haec
957 1487 1270 1547 necessitas
1298 1489 1699 1567 intelliqentia
1721 1488 2077 1569 percipiatur
2095 1532 2110 1561 ,
2140 1490 2389 1567 loyicam

250 1582 818 1642 demonstrationem
839 1605 871 1642 a
883 1586 1093 1663 priori
1102 1584 1164 1642 in
1187 1582 1463 1642 omnihus
1487 1583 1775 1663 exigebat.
1795 1584 2133 1643 Hermesius
2147 1595 2348 1642 contra
2371 1629 2388 1660 .,

249 1699 384 1737 cum
419 1700 491 1739 ex
516 1679 575 1742 vi
602 1683 960 1760 coynz'tz‘onis
993 1690 1054 1739 et
1090 1681 1504 1760 intellzyentz'oe
1529 1678 1680 1738 nihil
1712 1680 1855 1738 certi
1892 1701 2001 1738 nos
2033 1690 2163 1738 tuto
2188 1690 2393 1739 tenere

247 1796 418 1857 posse
444 1775 848 1858 psychologice
879 1796 939 1834 se
963 1774 1395 1834 demonstrasse
1422 1785 1596 1856 putet
1617 1820 1632 1849 ,
1658 1774 1937 1854 gloriatur
1956 1819 1972 1849 ,
1999 1796 2059 1834 se
2083 1774 2192 1834 hoc
2219 1785 2390 1857 pacto

246 1872 610 1955 principium
660 1874 1309 1953 leyche-syllogisticum
1356 1871 1556 1930 Kantii
1603 1871 1720 1929 suis
1759 1871 1899 1953 ipsis
1948 1871 2125 1930 armis
2175 1869 2382 1953 profli-

248 1989 409 2048 gasse
439 1968 546 2050 (l).
594 1969 809 2028 Verum
838 1967 933 2028 hic
965 1967 1136 2050 plura
1185 1979 1389 2027 contra
1424 1967 1798 2027 Hermesium
1828 1978 2158 2026 occurrunt.

335 2066 473 2126 158.
527 2066 591 2125 1ο
617 2064 720 2126 Ille
748 2064 908 2125 idem
930 2111 947 2141 .,
975 2066 1079 2148 qui
1096 2064 1452 2147 principium
1475 2064 1679 2123 Kantii
1701 2109 1717 2139 ,
1742 2066 1997 2145 Zoqicam
2018 2063 2387 2124 demonstra-

248 2161 471 2221 tionem
504 2161 569 2220 in
599 2160 874 2221 omnibus
899 2161 1215 2244 quaerentis
1232 2207 1249 2237 7
1286 2160 1502 2221 refellit
1521 2207 1537 2236 ,
1568 2160 1634 2220 in
1654 2160 1827 2240 hujus
1851 2161 2125 2244 principii
2153 2160 2391 2243 laqueos

224 2279 310 2317 ·se
339 2258 611 2337 conjicit,
654 2258 874 2341 quippe
916 2258 1111 2317 omnia
1153 2279 1358 2341 reapse
1403 2257 1587 2338 logice
1624 2259 2036 2317 demonstrare
2062 2256 2230 2332 vult,
2270 2256 2387 2316 fac·

248 2365 378 2413 tum
420 2356 617 2437 ipsum
652 2356 1085 2414 immediatum
1112 2355 1481 2414 conscientiae
1503 2400 1518 2429 a
1557 2355 1746 2437 ipsam
1770 2353 2166 2414 actualitatem
2196 2351 2387 2412 nostri

250 2453 380 2533 Eyo
414 2463 481 2511 ut
515 2450 722 2511 melius
749 2473 823 2511 ex
861 2450 1310 2534 insequentibus
1344 2449 1658 2511 constabit.

341 2548 478 2608 159.
527 2550 596 2607 20
636 2548 791 2607 Hinc
828 2547 1097 2631 procedit
1125 2559 1327 2607 contra
1360 2548 1643 2607 Kantium
1675 2568 1910 2629 semper
1929 2548 2389 2627 problematice,

250 2646 532 2706 nimirum
550 2645 943 2728 supponendo
959 2649 1206 2725 factum
1230 2646 1660 2703 immediatum
1684 2644 2047 2704 conscientiae
2067 2689 2082 2720 .,
2114 2643 2213 2703 sed
2236 2664 2387 2702 nun-

251 2765 431 2825 quam
455 2741 827 2803 admittendo
843 2747 965 2821 ejus
981 2741 1314 2802 realitatem
1331 2742 1453 2803 sive
1466 2743 1820 2820 objectivam
1834 2742 1957 2803 sive
1972 2742 2385 2820 subjectivam;

318 3022 388 3086 (1)
429 3022 552 3071 Hinc
566 3021 831 3071 Hermesius
859 3021 1189 3071 certitudinem
1210 3038 1282 3070 re-

252 3120 363 3152 rum
387 3108 525 3154 etiam
551 3107 934 3171 geometr-icarum
949 3143 962 3165 ‚
983 3115 1209 3172 quatenus
1226 3122 1281 3153 ex

253 3189 500 3237 intrinseca
531 3189 717 3237 illarum
755 3188 999 3238 evidentia
1032 3190 1278 3254 provenit,

254 3271 499 3332 eliminat,
550 3289 719 3339 easque
762 3273 951 3321 nullum
996 3272 1282 3338 objectivum

256 3351 462 3401 valorem
480 3353 653 3403 habere
673 3392 687 3414 ‚
719 3356 797 3403 sed
816 3366 998 3404 tautum
1021 3370 1209 3420 purum
1229 3371 1283 3403 ac

255 3435 570 3502 subjectivum
604 3438 811 3501 coyitare
836 3438 1159 3486 necessarium
1185 3454 1282 3485 esse

257 3521 433 3567 statuit.
462 3519 528 3567 Ita
560 3536 667 3567 vero
695 3537 741 3568 se
767 3531 897 3584 putat
934 3536 1123 3569 causam
1161 3519 1283 3568 chri-

256 3602 414 3649 stianae
445 3601 684 3668 theologiae
717 3612 879 3651 contra
902 3602 1124 3651 Kantium
1143 3602 1282 3667 plane

1367 3019 1654 3080 vindicasse3
1683 3018 1944 3086 siquidem,
1974 3019 2070 3082 ipse
2099 3016 2196 3074 ait,
2227 3015 2264 3062 si
2289 3030 2388 3062 cer·

1366 3103 1519 3152 titudo
1555 3120 1607 3151 ex
1639 3102 1735 3150 sola
1770 3104 1813 3150 vi
1842 3097 2174 3162 intelliqentiae
2205 3098 2278 3144 rei
2305 3095 2390 3146 ha·

1367 3186 1466 3235 beri
1496 3203 1593 3234 non
1632 3194 1808 3249 potest,
1855 3198 1940 3230 nec
1979 3182 2029 3228 in
2069 3179 2391 3244 metaphysicis

1367 3287 1455 3318 nec
1497 3270 1546 3317 in
1588 3266 1923 3315 mathematicis
1964 3264 2074 3328 ipsis
2110 3262 2275 3325 rebus,
2321 3261 2390 3309 nil

1367 3352 1509 3401 habet
1540 3350 1787 3414 Theologia
1819 3346 1945 3395 unde
1983 3346 2072 3393 illis
2113 3346 2273 3394 cedere
2309 3345 2391 3392 de-

1366 3434 1499 3493 beat,
1529 3435 1567 3480 si
1597 3433 1719 3479 hanc
1746 3429 2066 3478 certitudinem
2090 3429 2269 3493 assequi
2291 3443 2388 3474 non

1366 3526 1529 3582 potest.
1569 3513 1658 3563 Sed
1701 3514 1806 3562 vide
1844 3519 1933 3561 art.
1976 3522 2185 3561 nostrum
2220 3526 2385 3560 secun·

1366 3600 1477 3648 dum
1505 3599 1717 3646 citatum.
