2502 4134
281 132 400 191 276
917 154 1114 191 ruer.
1166 156 1232 191 na
1279 156 1426 195 toms
1469 160 1846 202 rassotooicw.

281 320 395 381 qua
435 295 818 357 infallibilitas
854 294 1113 355 Ecclesiae
1164 297 1517 377 requiritur,
1561 314 1628 360 ut
1654 306 1794 364 certi
1830 306 2152 368 efficiamur
2182 313 2426 373 certitu-

284 396 422 454 dine
450 393 585 453 fidei
622 391 695 451 de
734 413 959 451 canone
998 404 1175 474 atque
1213 394 1602 475 inspiratione
1626 421 1921 462 sacrorum
1961 405 2279 466 Bibliorum
2303 454 2318 482 „
2346 411 2426 470 ita

282 488 536 570 supponi
576 488 800 568 pariter
830 487 955 546 haec
984 487 1373 548 infallibilitas
1399 490 1576 551 debet
1612 494 1673 552 in
1699 502 2144 563 conservatione
2185 504 2431 584 dogma-

280 588 409 644 ticae‘
432 584 653 643 divinae
688 583 1075 653 TraditioniS„
1127 606 1262 643 cum
1310 586 1485 645 totius
1519 589 1685 648 verbi
1722 593 1827 651 Dei
1863 605 2052 654 custos
2093 610 2153 657 et
2193 599 2428 682 deposi-

283 682 426 739 taria
452 702 489 739 a
515 680 750 739 Christo
782 680 953 739 fuerit
978 680 1221 739 Ecclesia
1263 684 1601 742 constituta.
1641 685 1796 764 'Hinc
1824 688 1982 747 nulla
2021 694 2210 771 urgeri
2231 707 2426 775 potest

280 776 592 836 difficultas
647 776 927 836 adversus
978 776 1382 859 integritatem
1441 777 1660 839 divinae
1703 783 1989 859 ejusmodi
2030 787 2076 842 T
2079 787 2423 867 raditionis‚

278 893 406 957 quae
449 874 776 956 intorqueri
824 872 1104 931 adversus
1151 894 1452 931 sacrorum
1508 874 1817 935 Librorum
1865 879 2268 960 integritatem
2305 908 2426 945 non

273 970 499 1053 possit3
541 990 650 1028 nec
676 968 795 1027 ulla
844 979 1040 1051 potest
1076 970 1353 1049 assignari
1379 971 1565 1046 ratio7
1605 993 1789 1054 quare
1834 975 2079 1036 Ecclesia
2105 979 2427 1042 infallibilis

275 1067 453 1126 fuerit
476 1086 540 1124 ac
565 1065 641 1124 sit
677 1065 738 1123 in
768 1065 1174 1125 conservando
1201 1065 1381 1124 verbo
1417 1067 1518 1126 Dei
1556 1070 1777 1150 scripto
1801 1115 1816 1142 ,
1858 1070 2116 1131 fallibilis
2146 1097 2285 1134 vero
2319 1075 2428 1136 ha-

273 1161 402 1222 beri
445 1161 656 1221 debeat
701 1162 763 1220 in
802 1160 1212 1221 conservando
1263 1163 1742 1245 secernendoque
1797 1165 1981 1227 verbo
2037 1170 2138 1228 Dei
2182 1172 2421 1231 tradito,

277 1262 658 1340 Quacumque
699 1278 759 1317 se
787 1257 1105 1318 adversarii
1147 1268 1422 1332 vertant,
1473 1281 1783 1341 nunquam
1810 1283 1870 1321 se
1900 1275 2184 1343 poterunt
2214 1266 2427 1327 abhoc

269 1366 621 1438 argumento
648 1354 945 1437 expedire.
984 1353 1067 1413 Ad
1090 1365 1408 1435 utrumque
1428 1354 1670 1436 quidem
1687 1379 1901 1416 munus
1924 1358 2128 1419 divino
2155 1362 2422 1422 subsidio

272 1452 534 1513 Ecclesiae
578 1473 725 1534 opus
756 1461 875 1524 estz,
927 1461 987 1509 at
1026 1449 1173 1508 illud
1208 1450 1503 1532 pollicitus
1539 1461 1629 1510 est
1668 1452 1720 1511 ei
1762 1453 2026 1512 Christus
2049 1501 2062 1527 ,
2106 1478 2240 1515 cum
2277 1458 2425 1517 dixit

272 1548 571 1631 discipulis
598 1549 714 1606 suis
738 1570 751 1606 ε
773 1548 1006 1607 Euntes
1022 1593 1038 1615 ,
1063 1547 1253 1604 docete
1286 1592 1324 1606 ..
1346 1548 1502 1607 Ecce
1514 1591 1536 1619 ,
1563 1569 1662 1627 690
1681 1550 1986 1607 vobiscum
2008 1573 2146 1610 sum
2168 1559 2188 1631 (
2210 1552 2426 1612 docen-

267 1647 425 1706 tibus
454 1648 478 1726 )
506 1666 693 1724 usque
721 1645 807 1702 ad
835 1647 1416 1702 consummationem
1449 1646 1652 1701 seculi.

351 1743 493 1802 411.
544 1742 648 1799 His
679 1740 918 1820 positis7
968 1742 1091 1814 jam
1129 1749 1340 1818 sponte
1381 1760 1482 1796 sua
1515 1739 1869 1815 concidunt,
1915 1763 2046 1822 quae
2089 1741 2164 1801 ab
2210 1742 2420 1806 adver-

272 1839 423 1900 sario
463 1844 732 1916 congesta
763 1845 934 1910 sunt,
971 1834 1116 1914 quin
1144 1855 1211 1892 ea
1239 1832 1581 1913 singillatim
1615 1856 2059 1917 persequamur.
2094 1839 2278 1914 Sane,
2307 1839 2419 1900 hoc

271 1937 401 2019 ipso
445 1931 603 2016 quod
643 1930 892 1990 haereses
930 1950 1172 2003 omneS,
1209 1950 1341 2012 quae
1375 1929 1698 1990 octodecim
1744 1932 2073 1992 seculorum
2104 1945 2294 1994 tractu
2311 1957 2420 1996 ex—

275 2043 419 2092 ortae
453 2039 592 2089 sunt
613 2073 629 2099 „
666 2027 889 2086 fuerint
918 2046 1123 2084 omnes
1161 2024 1236 2083 ab
1273 2025 1522 2085 Ecclesia
1557 2027 1841 2086 catholica
1868 2028 2164 2090 damnatae
2199 2051 2268 2089 ex
2308 2030 2419 2090 hoc

272 2127 395 2188 solo
423 2123 708 2208 principio
728 2169 743 2196 -›
783 2120 942 2204 quod
970 2120 1251 2180 doctrinae
1280 2143 1398 2180 suae
1441 2121 1727 2182 divinitus
1757 2135 2004 2205 acceptae
2032 2124 2412 2188 adversaren-

273 2235 407 2298 tur,
443 2222 660 2304 liquet,
697 2216 991 2300 quomodo
1022 2216 1390 2277 intemeratae
1431 2216 1773 2299 dogmaticae
1814 2218 2161 2280 traditiones
2191 2221 2412 2282 fuerint

273 2328 651 2380 conservatae.

354 2415 494 2474 412.
540 2411 864 2486 Quaerimus
889 2410 1104 2487 deinde
1126 2410 1199 2469 ab
1225 2409 1590 2483 adversariQ
1619 2433 1766 2470 num
1793 2411 1991 2471 medio
2013 2433 2139 2471 aevo
2172 2414 2414 2495 perierit

276 2509 560 2584 Ecclesia;
591 2509 637 2567 si
667 2507 729 2567 id
747 2508 872 2591 ipse
896 2507 1152 2567 affirmet
1177 2551 1194 2580 a
1223 2505 1522 2589 quomodo
1548 2506 1853 2582 ostendet7
1880 2508 2257 2567 intemeratas
2281 2510 2407 2568 sine

276 2605 524 2667 Ecclesia
551 2614 923 2664 conservatas
964 2603 1138 2662 fuisse
1178 2601 1407 2661 divinas
1441 2603 1815 2684 Scripturas?
1857 2603 2188 2663 Ridiculum
2216 2616 2414 2665 autem

274 2713 429 2763 esset
456 2700 725 2760 adserere
754 2709 1169 2760 conservatum
1209 2698 1385 2758 fuisse
1428 2697 1928 2758 christianismum
1967 2700 2091 2760 sine
2132 2700 2412 2773 Ecclesia3

278 2797 421 2880 quid
463 2797 620 2858 enim
672 2807 761 2855 est
797 2794 1263 2855 christianismus
1311 2793 1424 2853 nisi
1466 2793 1714 2855 Ecclesia
1750 2817 1782 2854 a
1832 2795 2064 2855 Christo
2104 2795 2415 2855 instituta?

277 2916 424 2953 num
447 2891 911 2952 christianismus
946 2890 1008 2948 in
1036 2889 1238 2949 charta
1267 2900 1328 2949 et
1356 2888 1420 2948 in
1455 2911 1680 2971 papyro
1717 2891 2024 2950 consistit?

278 3099 367 3131 esse
404 3086 593 3131 verbum
630 3085 729 3130 Dei.
775 3082 1068 3130 Contendant
1108 3087 1308 3139 systema
1390 3081 1448 3127 ab
1476 3081 1629 3127 altera
1650 3085 1693 3125 et
1715 3082 1786 3126 ita
1803 3095 1964 3140 porro.
1987 3081 2230 3139 Ejusmodi
2262 3085 2417 3130 tradi-

278 3162 602 3206 doctrinaesuae
613 3161 877 3205 descendere
884 3159 1079 3217 perinde
1090 3156 1309 3215 acScrip-
1392 3158 1535 3202 tiones
1576 3157 1628 3201 in
1672 3169 1832 3201 rerum
1874 3158 2198 3214 temporalium
2235 3161 2415 3217 neyotio

281 3243 438 3283 turam
475 3236 532 3280 ab
569 3236 830 3294 Apostolis‚
869 3236 1091 3294 quoniam
1127 3235 1169 3279 si
1205 3236 1306 3280 istoe
1389 3231 1836 3289 existuntprosecto;
1858 3232 1940 3276 hoc
1970 3245 2105 3276 sensu
2130 3234 2326 3278 traditio
2350 3240 2415 3280 est

278 3314 631 3367 amitterentur,
661 3325 755 3357 non
786 3312 961 3357 idcirco
980 3312 1156 3370 periret
1177 3325 1304 3357 reve·
1386 3320 1482 3351 ‘mos
1503 3319 1581 3351 seu
1597 3306 1871 3351 consuetudo
1888 3306 2155 3362 uniformis.
2172 3308 2291 3353 Hinc
2308 3322 2411 3354 cum

270 3389 406 3435 latio.
431 3387 537 3433 Jam
558 3401 664 3432 vero
697 3389 758 3432 ad
788 3388 1055 3445 refellendos
1079 3387 1302 3433 Romani-
1386 3385 1687 3452 Romanenses
1712 3386 1949 3437 asserunt,
1973 3397 2018 3427 se
2043 3385 2295 3430 traditioni
2323 3387 2408 3431 ad-

275 3468 374 3509 stas
394 3475 507 3521 opus
524 3465 589 3506 est
610 3475 681 3506 eos
689 3462 828 3519 probe
849 3463 1122 3520 intelliqere.
1135 3462 1170 3507 T
1168 3463 1303 3507 radi·
1386 3463 1577 3515 haerere,
1589 3461 1875 3519 siqnificant,
1891 3473 1936 3504 se
1951 3462 2131 3506 credere
2147 3467 2189 3506 et
2205 3463 2410 3521 operari,

280 3539 423 3585 tionis
444 3537 628 3582 nomine
644 3537 735 3594 ipsi
753 3538 1018 3595 siqnisicant
1034 3538 1303 3583 universum
1380 3541 1523 3597 prout
1558 3535 1809 3581 christiani
1836 3549 2009 3593 semper
2039 3538 2337 3583 crediderunt
2364 3540 2407 3581 et

278 3616 386 3673 fidei
421 3617 619 3672 systema
646 3626 700 3657 ac
728 3615 912 3671 requlas
929 3650 941 3671 ‚
981 3627 1096 3673 quas
1127 3628 1302 3674 recepe·
1385 3611 1565 3671 operati
1584 3617 1692 3657 sunt
1720 3610 1855 3676 (pag.
1885 3626 1946 3677 27
1968 3650 1979 3670 ‚
2014 3612 2126 3677 39).

277 3695 391 3735 rant
414 3702 443 3734 a
459 3688 752 3747 qeneratione
765 3691 1044 3746 praecedente
1055 3724 1066 3746 ,
1086 3689 1177 3736 hoee
1193 3703 1300 3735 vero
