2502 4134
378 116 533 163 mar.
575 117 640 160 ιτ.
689 117 811 161 cn.
856 114 936 161 w.
979 116 1048 158 ma
1091 115 1377 160 sempron.
1425 108 1582 161 sien.
1628 114 1790 160 vens,
2020 101 2135 161 177

35 279 120 339 Ad
142 297 437 338 summum
456 275 580 336 'dici
608 286 836 357 potest,
876 273 1196 335 editionem
1233 274 1537 354 Vulgatam
1574 273 1837 335 nondum
1864 294 1989 334 esse
2015 297 2134 335 nu·

35 373 206 433 meris
255 369 525 431 omnibus
556 368 880 429 absolutam
900 415 916 443 ‚
960 370 1040 428 ita
1068 381 1133 428 ut
1160 371 1221 428 in
1258 367 1430 428 rebus
1456 368 1688 429 levioris
1719 369 2001 429 momenti
2031 370 2141 429 ali·

33 478 175 549 quot
213 465 403 526 adhuc
454 465 638 526 naevis
683 475 1058 546 aspergatur,
1104 485 1233 546 quae
1279 462 1540 522 ulteriori
1582 464 1952 544 castigatione
1993 486 2139 547 opus

32 561 314 621 haberent
329 605 345 637 ,
373 571 546 640 prout
561 559 834 617 nonnulli
847 559 1024 618 etiam
1045 557 1200 618 docti
1224 555 1644 619 catholicisassi
1664 569 1802 616 sunt
1822 603 1838 632 ,
1862 559 1981 618 imo
2004 581 2136 639 eam

36 656 427 736 efflagitarunt
450 656 558 736 (1).
598 652 767 727 Quod
795 653 1031 735 quidem
1076 674 1109 711 a
1144 651 1265 712 sola
1289 649 1521 733 publica
1562 671 1628 710 ac
1660 650 1916 731 legitima
1942 664 2143 714 aucto-

33 749 235 824 ritate,
275 770 490 831 nempe
526 751 695 808 Rom.
728 749 1056 822 pontificis,
1092 747 1333 806 minime
1367 766 1507 806 vero
1535 766 1570 804 a
1603 745 1876 826 quopiam
1905 749 2136 830 privato

35 844 336 905 individuo
371 843 631 926 praestari
681 853 911 925 posset,
960 851 1026 902 ut
1070 842 1193 924 ipsa
1233 841 1349 915 rei,
1397 839 1480 923 de⁴
1511 860 1626 922 qua
1664 839 1888 920 agitur,
1927 853 2140 904 natura

37 939 311 1021 exposcit.
1481 942 1484 943 ⁷

118 1033 261 1091 264.
312 1031 402 1091 Ad
432 1031 546 1105 7¹³,
578 1033 736 1090 Dist.
778 1028 844 1088 Id
871 1040 994 1102 est,
1036 1049 1159 1087 non
1184 1029 1459 1089 convenit
1498 1028 1561 1085 in
1599 1026 1870 1088 omnibus
1900 1031 2140 1111 Vulgata

42 1126 221 1187 editio
244 1147 376 1186 cum
400 1123 658 1207 quolibet
682 1121 956 1204 peculiari
986 1121 1178 1181 codice
1195 1165 1213 1196 ,
1254 1122 1556 1181 autetiam
1579 1142 1712 1180 cum
1739 1123 1998 1204 qualibet
2017 1129 2139 1187 sin-

39 1221 278 1303 gillatim
318 1218 567 1290 familia,
595 1237 723 1298 quae
751 1216 1118 1297 primitivum
1153 1215 1408 1276 codicem
1443 1227 1858 1298 repraesentet,
1904 1230 2092 1280 trans.
2119 1243 2144 1291 ‚·

38 1338 158 1374 non
187 1312 458 1374 convenit
483 1332 615 1370 cum
643 1311 711 1368 iis
738 1310 912 1369 simul
930 1310 1176 1393 sumptis
1195 1354 1212 1386 7
1238 1322 1341 1370 aut
1366 1310 1573 1371 saltem
1597 1332 1730 1371 cum
1743 1312 1810 1370 iis
1830 1357 1847 1387 ,
1869 1335 2011 1395 quos
2024 1335 2143 1397 prae

37 1408 212 1469 oculis
257 1405 510 1467 habebat
545 1409 603 1465 S.
650 1405 1074 1486 Hieronymus‚
1134 1404 1346 1466 deinde
1391 1427 1530 1466 vero
1567 1406 1967 1485 Cassiodorm,
2014 1430 2141 1491 71qu

38 1503 279 1565 Difficile
311 1514 399 1562 est
439 1501 693 1583 reperire
727 1502 791 1559 in
829 1500 1067 1582 Vulgata
1104 1501 1414 1561 lectionem
1452 1501 1740 1583 aliquam,
1775 1503 1839 1561 in
1867 1525 1982 1586 qua
2015 1505 2140 1565 dis-

36 1610 230 1681 crepet
265 1620 298 1657 a
337 1609 502 1658 textu
540 1597 871 1672 communi,
920 1600 1078 1675 cujus
1122 1595 1575 1657 fundamentum
1619 1619 1741 1656 non
1777 1611 2040 1659 occurrat
2074 1600 2141 1660 in

39 1693 230 1775 aliquo
261 1705 362 1752 aut
385 1691 654 1774 pluribus
682 1691 857 1751 etiam
887 1689 1176 1751 codicibus
1196 1735 1212 1766 ,
1239 1701 1340 1750 aut
1358 1692 1423 1749 in
1450 1691 1888 1771 allegationibus
1907 1696 2146 1754 Patrum

19 1789 572 1871 *antiquissimorum
589 1832 608 1862 ‚
636 1799 737 1847 aut
760 1788 824 1847 in
847 1786 1109 1849 versione
1134 1786 1325 1868 aliqua
1352 1798 1691 1869 pervetusta
1716 1787 1826 1868 (2).
1865 1789 1990 1870 Ope
2011 1812 2149 1871 pro·

107 2074 171 2138 (l)
207 2074 333 2123 Inter
348 2091 462 2139 quos
473 2073 521 2123 J.
539 2073 798 2123 Bernardus
814 2073 883 2122 De
898 2073 1048 2135 Rossi‚

43 2156 123 2219 qui
152 2157 202 2202 in
230 2154 575 2203 Introduzione
605 2154 701 2203 alla
729 2171 866 2203 sacra
899 2154 1050 2203 Serit-

42 2242 176 2295 ἑυνα,
197 2235 362 2284 Parma
394 2233 518 2302 1817
535 2272 549 2295 ‚
577 2234 604 2301 §
629 2234 694 2301 78
711 2273 724 2296 ‚
757 2254 904 2302 quum
922 2236 1052 2302 plura

43 2318 300 2366 disseruerit
331 2318 389 2365 de
414 2317 597 2381 vulgata
621 2318 849 2378 editione,
881 2336 1019 2383 quam
1037 2354 1051 2377 ,

42 2409 179 2464 prout
206 2399 376 2464 prodiit
401 2415 479 2463 per
496 2397 679 2445 Sixtum
710 2416 738 2446 v
766 2408 809 2446 et
839 2397 1055 2446 Clemen-

42 2490 134 2529 tem
160 2496 240 2529 vm
262 2515 277 2543 ,
304 2481 386 2528 etsi
411 2478 772 2528 emendatiorem
805 2495 900 2527 esse
932 2479 1057 2526 affir-

41 2573 138 2612 met
177 2563 354 2611 cunctis
392 2562 696 2610 anterioribus
745 2561 1054 2624 editionibus,

44 2645 170 2694 haud
206 2655 362 2692 tamen
395 2643 653 2691 dissimulat
694 2659 849 2690 naevos
887 2642 1057 2706 quibus

45 2726 195 2775 adhuc
209 2726 375 2774 infecta
393 2735 483 2784 est,
503 2706 920 2789 concluditquexE'
931 2724 1055 2771 dan-

43 2825 129 2873 que
154 2808 217 2856 da
246 2808 555 2868 desiderarsi,
590 2825 615 2855 e
642 2809 909 2856 vivatne-nte
930 2808 1055 2855 desi-

44 2889 252 2939 deriamo
281 2906 371 2957 per
398 2889 562 2938 decoro
594 2907 618 2937 e
649 2888 893 2955 splendore
933 2888 1055 2937 della

43 2969 264 3036 reliqione
275 3006 293 3032 ‚
324 2988 349 3018 e
374 2970 495 3018 della
532 2968 588 3017 V
584 2969 739 3034 olqata
760 2969 1019 3018 medesima
1033 3004 1049 3031 ‚

44 3050 126 3099 che
148 3069 284 3116 sorqa
309 3069 376 3100 un
404 3069 559 3100 nuovo
581 3048 844 3114 Pontefice,
867 3051 904 3098 il
916 3050 1054 3116 quale

46 3148 97 3180 ce
123 3150 182 3182 ne
213 3134 295 3182 dia
323 3152 422 3184 una
451 3152 610 3183 nuova
633 3137 731 3201 piic
761 3143 991 3194 correcta,
1029 3151 1055 3182 e

42 3214 136 3277 piis
167 3224 387 3265 accurata
426 3217 680 3278 edizione,
720 3234 745 3264 e
784 3216 933 3264 renda
954 3216 1057 3281 piis

48 3295 246 3359 compito
273 3312 296 3342 e
322 3298 411 3362 piis
433 3300 632 3365 perfetta
666 3298 708 3346 il
734 3298 961 3362 benefizio
1002 3296 1056 3343 di

46 3371 256 3438 que'due
273 3379 379 3424 suo-i
393 3379 728 3444 predecessori.
751 3377 886 3446 Qual
897 3394 1052 3426 nuovo

15 3466 18 3472 ·
49 3453 178 3502 titolo
204 3453 260 3501 di
284 3454 436 3518 qloria
451 3476 548 3509 non
569 3461 758 3510 sarebbe
783 3467 940 3525 questo
965 3475 1055 3526 per

45 3530 153 3582 lui!
185 3534 337 3600 Hujus
367 3536 456 3587 loci
487 3545 629 3591 versio
657 3543 800 3592 latina
829 3541 966 3590 datur
993 3540 1052 3589 ad

45 3616 217 3666 calcem
246 3617 507 3670 voluminis.
534 3616 636 3674 Jam
653 3624 892 3675 retulimus
909 3659 923 3687 ,
953 3621 1049 3672 Lu-

126 3711 188 3768 T.
234 3711 329 3770 IX.

1134 2090 1236 2123 cam
1265 2073 1544 2139 Brugensem
1562 2074 1661 2123 loca
1677 2074 1936 2140 collegisse,
1955 2077 2008 2125 in
2035 2079 2144 2144 qui-

1134 2157 1222 2205 bus
1253 2157 1436 2222 optabat
1457 2157 1705 2223 Vulgatam
1737 2159 2007 2221 emendari,
2038 2177 2144 2228 quae

1135 2257 1230 2288 non
1258 2242 1411 2287 minus
1443 2257 1585 2304 quam
1615 2237 1715 2302 4ου
1742 2250 1867 2290 sunt.

1151 2327 1153 2329 ’
1205 2320 1268 2383 (2)
1305 2319 1372 2368 Ne
1416 2323 1519 2385 quis
1558 2324 1838 2384 suspicetur,
1882 2332 2144 2387 exaggerata

1137 2401 1235 2448 haec
1259 2419 1285 2448 a
1311 2401 1443 2448 nobis
1468 2418 1564 2449 csse
1580 2436 1594 2460 ,
1619 2411 1756 2449 testes
1784 2404 2044 2451 assertionis
2062 2403 2146 2452 da-

1136 2481 1291 2529 bimus
1338 2491 1541 2529 auctores
1593 2491 1890 2546 protestantes
1911 2520 1926 2544 ,
1974 2485 2148 2534 scilicet

1137 2561 1300 2611 Bezam
1315 2598 1328 2621 ‚
1347 2565 1427 2626 qui
1444 2564 1510 2610 sic
1521 2562 1760 2611 Erasmum
1778 2567 1958 2629 arguit:
1983 2565 2146 2632 Quam

1139 2645 1378 2692 immerito
1391 2642 1629 2693 Erasmus
1645 2644 1805 2692 ’nullis
1818 2644 1933 2693 locis
1949 2657 2145 2696 veterem

1136 2726 1438 2790 interpretem
1478 2724 1810 2791 reprehendit,
1855 2735 2084 2792 tanquam
2114 2746 2145 2778 a

1132 2808 1304 2871 qraecis
1344 2806 1699 2857 dissentientem
1715 2810 1738 2855 !
1779 2806 2100 2858 Dissentiebat
2121 2845 2140 2872 ,

1130 2889 1316 2953 fateor,
1362 2889 1422 2937 ab
1463 2891 1530 2937 iis
1568 2888 1921 2955 exemplaribus
1962 2891 2148 2954 (graecis

1137 2970 1253 3019 Novi
1270 2970 1391 3019 Test.
1410 2971 1448 3034 )‚
1467 2988 1573 3035 quae
1601 2973 1703 3036 ipse
1726 2979 1898 3019 nactus
1919 2980 2035 3020 erat.
2050 2969 2149 3024 Sed

1134 3068 1233 3099 non
1269 3068 1366 3100 uno
1414 3052 1510 3101 loco
1546 3054 1899 3117 comperimus,
1937 3053 2144 3103 aliorum

1135 3133 1352 3182 codicum
1397 3143 1440 3181 et
1482 3133 1672 3198 quidem
1718 3136 2144 3185 vetustissimorum

1135 3217 1414 3264 auctoritate
1439 3232 1541 3262 eam
1563 3216 1989 3280 interpretationem
2014 3219 2138 3277 niti,

1134 3312 1277 3360 quam
1302 3295 1380 3342 ille
1399 3294 1721 3360 reprehendit3
1744 3299 1865 3360 quin
1888 3298 2032 3346 etiam
2050 3297 2143 3347 ali-

1134 3384 1245 3441 quot
1260 3375 1375 3424 locis
1393 3375 1849 3437 animadvertimus,
1875 3383 2043 3427 veteris
2066 3380 2140 3428 in-

1136 3459 1351 3522 terpretis
1369 3457 1635 3515 lectionem,
1657 3460 1877 3522 quamvis
1893 3475 2001 3509 cam
2029 3477 2143 3509 nos-

1136 3540 1224 3587 tris
1233 3542 1403 3604 qroecis
1415 3538 1761 3605 exemplaribus
1777 3557 1876 3588 non
1889 3543 2142 3590 conveniat

1137 3621 1379 3672 interdum
1391 3657 1410 3687 ,
1426 3629 1585 3671 tamen
1599 3620 1744 3674 multo
1759 3621 1929 3673 melias
1939 3623 2150 3690 quadra-

1832 3715 1906 3773 12
