2502 4134
238 43 360 103 222
821 42 1039 100 ruer(
1062 63 1132 99 nn
1178 62 1329 100 Locis
1374 65 1758 106 Tnuotoclcts.

237 211 387 269 Sane
443 205 654 266 exinde
704 203 922 262 factum
975 213 1092 278 est,
1150 214 1217 261 ut
1267 215 1490 266 sutores
1517 252 1533 281 .,
1574 207 1752 285 lanii,
1806 212 2087 293 pistoreS,
2142 212 2355 292 bajuli,

240 315 516 388 apostatae
540 301 717 359 etiam
742 320 806 358 ac
838 298 1080 358 lenones
1108 298 1375 381 lenaeque
1409 303 1830 385 prophetarum
1857 320 2031 391 atque
2054 308 2361 371 doctorum

240 398 524 481 gesserint
550 406 742 477 partes
760 440 775 469 ,
804 416 1041 484 seseque
1066 394 1376 455 adversum
1406 400 1671 480 proprios
1697 423 1829 460 suos
1857 416 2117 486 pastores
2147 407 2363 487 erigere

237 494 396 555 haud
418 490 745 551 dubitarint
771 492 880 571 (l).

313 591 451 650 321.
501 591 814 670 Postquam
866 610 1004 648 vero
1050 588 1209 646 furor
1258 587 1358 648 ille
1400 590 1922 671 (Bibliomaniam
1965 599 2212 678 vocant)
2239 644 2254 672 ,
2293 596 2367 657 ab

236 685 517 745 haereticis
553 684 835 743 excitatus
856 729 871 756 ,
904 683 1120 742 sensim
1149 683 1473 760 deferbuit,
1502 707 1568 744 ac
1598 687 1792 746 minus
1829 690 2071 769 periculi
2099 692 2367 752 fidelibus

237 781 496 842 instabat
519 828 534 854 Ἴ
567 781 745 861 coepit
778 779 1024 839 Ecclesia
1056 779 1276 862 aliquid
1302 780 1373 840 de
1399 780 1571 860 hujus
1595 781 1915 864 disciplinae
1938 787 2247 848 severitate
2274 809 2370 848 re-

237 880 510 951 mittere,
559 876 785 959 ipsique
824 879 991 936 Rom.
1048 877 1354 936 Pontifices
1392 877 1920 954 commendarunt,
1965 893 2031 939 ut
2078 882 2369 960 vidimuS,

238 976 535 1037 versiones
567 972 904 1035 vernaculas
937 995 967 1032 a
1005 972 1114 1056 piis
1149 972 1655 1056 prudentibusque
1693 974 1987 1035 catholicis
2026 977 2166 1037 viris
2200 978 2375 1038 ador—-

238 1085 407 1133 natas
435 1084 614 1154 atque
656 1070 1003 1154 opportunis
1040 1068 1518 1129 adnotationibus
1549 1082 1745 1130 auctas
1780 1071 1854 1130 ad
1893 1072 2216 1133 difficiliora
2249 1074 2374 1135 loca

240 1168 624 1229 enucleanda.

325 1265 466 1324 322.
498 1266 651 1322 Dum
669 1262 846 1343 igitur
863 1263 1259 1320 protestantes
1281 1260 1472 1320 adhuc
1494 1263 1763 1322 sciscitari
1782 1263 1971 1323 solent
1990 1287 2020 1323 a
2038 1264 2337 1346 plebecula
2359 1289 2373 1327 ε

248 1370 374 1424 Cur
401 1363 670 1424 Ecclesia
707 1370 899 1420 vestra
945 1360 1255 1419 interdicit
1294 1381 1389 1418 vos
1429 1361 1898 1440 Scripturarum
1942 1363 2220 1422 lectione?
2261 1363 2378 1422 du-

243 1460 378 1544 plex
414 1479 645 1541 semper
680 1455 952 1515 omnibus
995 1456 1292 1537 responsio
1335 1456 1396 1513 in
1433 1468 1712 1539 promptu
1749 1479 1876 1517 esse
1914 1456 2091 1518 debet
2129 1481 2142 1516 ε
2186 1460 2378 1541 prima

242 1556 482 1640 quidem
526 1577 541 1614 ι
587 1554 682 1614 Ne
722 1554 1090 1612 seducamur
1120 1574 1160 1609 a
1197 1553 1397 1624 vobis,
1432 1573 1534 1611 seu
1576 1576 1648 1611 ne
1678 1558 1835 1632 forte
1874 1559 2218 1615 moriamur
2257 1556 2380 1636 (2);

242 1655 423 1714 altera
462 1673 599 1712 vero
627 1674 641 1709 ε
699 1650 808 1712 Vos
837 1652 1323 1708 calumniamini
1355 1650 1689 1708 Ecclesiam
1726 1662 2025 1719 nostram3
2060 1674 2379 1733 nunquam

243 1757 404 1811 enim
434 1750 706 1810 Ecclesia
735 1748 905 1806 nobis
933 1747 1197 1804 absolute
1227 1747 1523 1824 ejusmodi
1547 1748 1851 1805 lectionem
1879 1749 2214 1827 prohibuit.

326 1846 470 1906 3:23.
519 1844 747 1904 Juverit
780 1843 1059 1902 hactenus
1091 1841 1243 1900 dicta
1288 1842 1634 1901 confirmare
1675 1843 2033 1904 confessione
2061 1844 2214 1904 docti
2241 1867 2382 1928 pro-

244 1943 550 2016 testantiS,
593 1939 694 2022 qui
738 1938 897 1997 haud
945 1937 1241 1997 dubitavit
1287 1937 1597 1998 Ecclesiam
1648 1938 1995 1998 catholicam
2043 1940 2201 2020 apud
2248 1960 2381 2014 suos

248 2059 493 2122 purgare
514 2083 530 2113 7
563 2057 695 2095 eam
724 2036 1059 2093 incusantes
1082 2079 1097 2102 .,
1133 2032 1292 2115 quod
1316 2032 1497 2093 Biblia
1529 2055 1561 2091 a
1592 2035 1919 2113 cognitione
1952 2034 2210 2094 fidelium
2241 2034 2383 2093 sub-

248 2135 489 2195 traxerit
528 2156 542 2191 :
589 2131 716 2193 Nos
749 2132 992 2210 quidem
1025 2131 1441 2210 putabamus,
1482 2130 1675 2213 inquit
1711 2129 1991 2202 Abauzit,
2027 2133 2273 2211 plenam
2313 2131 2385 2190 de

247 2234 519 2294 Ecclesia
547 2231 833 2290 Romana
862 2229 1132 2285 retulisse
1167 2232 1514 2295 victoriam,
1543 2228 1687 2286 dum
1724 2228 1948 2306 ubique
1976 2229 2242 2287 locorum
2272 2229 2386 2287 Bi-

249 2331 375 2388 blia
421 2328 833 2407 dispersimus.
884 2326 1112 2403 Verum
1156 2324 1427 2383 Ecclesia
1475 2325 1620 2381 vicit
1633 2343 1652 2391 ,·
1701 2324 2031 2403 prohibitio
2088 2325 2387 2404 siquidem

249 2431 375 2503 ejus
417 2445 534 2482 non
576 2422 845 2480 absoluta
885 2430 998 2488 est,
1029 2420 1131 2477 scd
1165 2421 1436 2479 relativa.
1478 2419 1809 2497 Ejusmodi
1832 2441 2019 2499 porro
2059 2419 2384 2500 prohibitio

252 2524 504 2580 relativa
542 2519 655 2577 hac
692 2520 869 2576 unice
909 2517 978 2574 de
1015 2537 1202 2574 causa
1232 2517 1355 2573 lata
1385 2518 1546 2595 fuit,
1578 2526 1647 2574 ut
1688 2519 2021 2575 versionum
2055 2517 2387 2595 insidarum

252 2629 307 2676 et
356 2617 712 2675 arbitrariae
758 2616 1309 2692 interpretationis,
1355 2633 1490 2690 quoe
1531 2612 1811 2669 omnibus
1864 2612 2170 2670 erroribus
2222 2615 2389 2671 viam

242 2714 511 2795 pandit,
541 2711 890 2792 periculum
924 2718 1316 2787 proecaveret‚
1356 2708 1867 2787 proscriberetque
1901 2709 2389 2766 consuetudinem

254 2814 428 2871 illam
467 2813 594 2869 sine
636 2809 991 2867 discretione
1014 2806 1343 2882 objiciendi
1346 2808 1668 2884 juventuti
1695 2807 2049 2883 inea-perta»,
2099 2808 2394 2883 intempe-

256 2911 478 2967 rantioe
501 2915 802 2985 corruptae
834 2906 1298 2983 imayinationis
1310 2945 1330 2972 ,
1351 2923 1480 2980 quoe
1512 2904 1728 2978 quavis
1750 2921 1815 2957 re
1836 2901 2118 2959 abutitur
2132 2946 2148 2969 ,
2173 2901 2355 2958 libros
2369 2941 2391 2970 ,

259 3103 368 3133 rum
396 3101 651 3134 numerosa
681 3082 886 3142 soboles,
905 3084 992 3147 qui
1013 3097 1174 3129 omnes
1195 3097 1283 3128 un·
1366 3089 1411 3128 et
1424 3079 1658 3146 populum
1680 3080 1848 3127 misere
1872 3079 2115 3127 seductum
2132 3079 2187 3125 in
2203 3078 2392 3142 foveam

259 3167 401 3231 iquas
437 3167 639 3214 haereses
657 3172 975 3220 renovarunt,
995 3147 1048 3211 ‘et
1065 3161 1285 3227 plurima
1367 3162 1860 3226 secumproecipitant.
1875 3157 2020 3224 Proefi
2034 3162 2091 3208 in
2105 3155 2384 3224 Polyqlotta.

259 3249 547 3316 opinionum
556 3257 776 3313 portenta
795 3248 852 3294 de
865 3263 986 3294 novo
997 3244 1285 3302 intulerunt;
1438 3246 1510 3309 (1)
1541 3244 1638 3293 cfr.
1657 3242 1901 3291 Poncetius
1914 3281 1926 3303 ‚
1948 3242 2243 3292 Ord.Bcned.
2263 3243 2392 3308 apud

262 3348 321 3382 ea·
335 3347 540 3396 quorum
555 3347 663 3378 vero
677 3329 1287 3396 castrisprodierunt‚om-
1368 3328 1604 3386 Fontana,
1643 3344 1717 3390 op.
1751 3337 1794 3375 et
1826 3326 1917 3375 loc.
1954 3330 2034 3375 cit,
2072 3344 2174 3391 pag.
2206 3323 2308 3390 728
2350 3333 2393 3373 et

264 3416 412 3463 nibus
450 3424 632 3462 notum.
681 3414 758 3461 Hi
789 3423 904 3461 sunt
931 3414 1019 3478 qui
1043 3413 1287 3468 civitates,
1375 3428 1504 3477 seqq.

258 3514 411 3565 paqos
426 3533 440 3554 ‚
488 3504 646 3545 castra
663 3532 677 3551 ,
724 3495 892 3543 domus
936 3493 1258 3561 impleverunt
1275 3530 1290 3551 ,
1448 3493 1512 3557 (2)
1550 3490 1667 3541 Gen.
1698 3507 1746 3539 ιιι
1768 3528 1780 3551 ‚
1819 3491 1865 3538 3.

266 3583 365 3630 imo
403 3579 621 3629 ecclesias
658 3587 702 3627 et
723 3577 918 3645 pulpita
954 3585 1253 3643 occuparunt
1274 3612 1291 3639 ,
