2502 4134
299 91 418 152 398
914 111 1112 151 macr.
1162 115 1231 151 nn
1276 115 1425 153 Locis
1469 115 1826 158 maome-wls

297 264 577 338 exposcat
598 271 899 312 assensum
923 296 940 326 ,
967 264 1183 333 negant
1199 299 1215 328 a
1237 254 1362 314 sine
1384 253 1691 338 dispendio
1709 259 1842 321 fidei
1869 263 1942 323 de
1971 267 2211 327 veritate
2235 268 2415 329 chris-

295 351 475 410 tianae
513 346 884 408 revelationis
918 350 1122 407 confici
1149 368 1318 431 posse
1351 352 1946 428 demonstrationem:
1975 358 2110 422 licet
2134 363 2243 423 hoc
2274 363 2424 425 alte-

295 467 431 508 rum
461 490 478 520 ,
516 443 616 502 ubi
658 443 724 501 in
768 444 1025 504 secundo
1073 445 1263 528 capite
1313 467 1548 528 agemus
1612 446 1686 509 de
1733 444 1850 512 fide
1875 496 1892 526 ‚
1931 457 2205 535 peculiari
2246 460 2421 520 modo

295 537 649 599 refellamus,
699 580 701 583 -
2303 626 2305 628 q

381 633 479 693 93.
531 635 758 695 Interea
803 657 874 696 ex
919 635 1220 718 principiis
1266 639 1566 720 praejactis*
1592 660 1657 699 ac
1698 640 2004 702 vindicatis
2055 630 2138 705 ita*
2179 660 2422 732 progre-

294 731 494 792 dimur
535 753 548 789 ε
607 733 803 816 Potest
859 733 1006 791 ratio
1054 753 1161 815 per
1202 751 1263 794 se
1308 752 1650 815 cognoscere
1696 746 1824 795 tum
1867 738 2140 800 veritates
2178 741 2419 824 logicaS‚

295 827 755 911 metapliysicaS‚
795 829 1250 913 psycliologicaS‚
1286 831 1535 892 morales
1554 879 1570 908 .,
1602 832 1902 915 pliysica8‚
1927 846 2055 894 tum
2083 841 2426 902 earumdem

294 923 538 1007 plenam
587 944 739 1007 saepe
787 926 1202 986 certitudinem
1250 927 1515 1010 assequi,
1570 927 1786 990 diversi
1822 930 2103 991 nimirum
2151 936 2376 1013 generis
2405 982 2422 1012 ,

295 1030 475 1102 prout
504 1017 734 1081 diversa
764 1020 999 1083 illarum
1037 1034 1246 1082 natura
1281 1044 1345 1083 ac
1383 1024 1575 1085 varius·
1606 1026 1987 1106 cognoscendi
2039 1028 2172 1088 fons
2206 1030 2428 1111 patitur

298 1129 400 1175 aut
437 1118 793 1200 expostulat.'
833 1119 1009 1202 Atqui
1058 1119 1462 1180 credibilitatis
1509 1122 1726 1182 motiva
1774 1134 2047 1184 constant
2099 1127 2320 1208 partim
2353 1150 2425 1189 ex

299 1211 644 1274 veritatibus
685 1214 854 1291 facti,
909 1237 1038 1298 quae
1079 1217 1200 1277 sive
1246 1216 1355 1276 sub
1392 1236 1670 1291 sensuum
1710 1217 2131 1302 experientiam
2172 1222 2425 1301 cadunt,

299 1309 422 1370 sive
477 1330 549 1370 ex
614 1309 855 1370 indubio
907 1311 1174 1373 humanae
1234 1314 1590 1373 auctoritatis
1641 1316 1977 1376 testimonio
2032 1319 2429 1401 accipiuntur,

298 1406 515 1488 partim
552 1428 624 1467 ex
659 1407 956 1490 principiis
984 1408 1178 1489 logicis
1204 1430 1270 1468 ac
1300 1410 1741 1492 metaphysicis,
1785 1433 1911 1493 quae
1947 1413 2058 1472 illis
2095 1415 2227 1474 facti
2262 1417 2430 1478 veri-

300 1501 520 1561 tatibus
549 1501 806 1582 legitime
840 1504 1246 1587 applicantur3
1282 1507 1658 1587 consequitur
1690 1529 1825 1587 ergo
1845 1552 1860 1581 ‚
1898 1529 2099 1568 veram
2133 1531 2165 1569 a
2204 1511 2431 1571 ratione

301 1597 379 1677 de¹
416 1597 530 1656 illis
567 1599 803 1659 motivis
852 1599 1054 1660 haberi
1091 1601 1507 1661 certitudinem
1546 1623 1731 1683 posse.

384 1693 484 1752 94.
534 1694 684 1754 Sane
737 1715 868 1754 cum
910 1698 1063 1755 Deus
1116 1695 1451 1755 hominibus
1493 1696 1742 1758 voluerit
1789 1698 2212 1759 revelationem
2257 1722 2427 1762 suam

307 1788 619 1850 evidenter
660 1789 999 1851 credibilem
1032 1790 1259 1851 efficere
1280 1836 1295 1865 ,
1350 1801 1416 1849 ut
1457 1800 1585 1850 tuto
1610 1805 2053 1874 cognosceretur
2073 1841 2089 1869 ,
2141 1807 2201 1855 et
2233 1818 2265 1855 a
2293 1818 2434 1879 qua-

303 1884 390 1943 vis
417 1896 817 1944 secerneretur
841 1885 1148 1945 hominum
1178 1886 1382 1947 fraude
1403 1932 1418 1961 ,
1450 1886 1664 1947 talibus
1689 1887 1850 1947 illam
1884 1892 2204 1950 necessario
2228 1891 2432 1953 debuit

303 1981 662 2060 argumentis
704 1982 1066 2042 communire
1089 2028 1104 2055 ,
1159 2003 1285 2064 quae
1325 1981 1399 2041 ab
1443 1983 1715 2042 omnibus
1765 1995 1922 2044 recta
1949 1986 2175 2046 ratione
2213 1989 2431 2048 utenti·

305 2076 414 2136 bus
445 2076 608 2137 facile
662 2098 727 2136 ac
762 2089 891 2137 tuto
921 2090 1162 2160 possent
1192 2079 1457 2158 agnosci,
1498 2101 1562 2138 ac
1597 2080 1846 2140 firmiter
1882 2082 2070 2141 teneri
2118 2082 2424 2143 deberent.

305 2172 562 2232 Rursum
604 2195 617 2232 ε
663 2174 784 2233 Nisi
816 2176 969 2234 Deus
1013 2174 1303 2254 ejusmodi
1337 2175 1694 2255 argumentis
1723 2198 1887 2235 suam
1928 2177 2215 2238 firmasset
2261 2200 2432 2242 reve·

304 2266 587 2329 lationem
603 2314 619 2343 ,
654 2271 923 2351 quisnam
939 2281 1240 2330 teneretur
1264 2269 1426 2329 illam
1444 2271 1531 2330 uti
1559 2270 1820 2331 divinam
1841 2271 2198 2334 admittere?
2220 2271 2432 2349 Quam-

303 2386 444 2425 nam
495 2364 778 2425 moralem
829 2365 1135 2426 induceret
1179 2356 1634 2447 obligationem,
1683 2390 1749 2428 ac
1791 2370 2084 2451 quomodo
2134 2372 2233 2453 qui
2270 2371 2432 2432 illam

303 2473 639 2545 respueret,
679 2464 867 2542 gravis
905 2462 1086 2544 culpae
1123 2484 1254 2522 reus
1300 2473 1482 2533 esset,
1521 2474 1859 2546 aeternoque
1898 2464 2253 2526 addicendus
2289 2489 2434 2550 sup·

302 2557 476 2640 'plicio
498 2558 525 2615 P
1569 2570 1572 2573 ’

387 2653 486 2711 95.
537 2655 821 2714 Praeterea
855 2674 1124 2715 assensus
1151 2697 1167 2728 a
1196 2654 1295 2737 qui
1315 2653 1527 2715 divinae
1563 2654 1905 2716 revelationi
1930 2658 2194 2740 praestari
2227 2657 2425 2732 debet,

303 2748 565 2831 prudens
609 2772 674 2810 ac
721 2751 1079 2811 rationabilis
1127 2752 1201 2810 sit
1237 2762 1488 2834 oportet.
1531 2753 1742 2833 Atqui,
1793 2754 1840 2812 si
1891 2755 2064 2814 firma
2109 2753 2207 2813 illa
2252 2765 2428 2834 atque

302 2844 543 2905 indubia
589 2848 806 2909 motiva
849 2847 1126 2908 credendi
1171 2839 1523 2922 deficerent,
1566 2847 1911 2931 imprudens
1948 2849 2189 2908 omnino
2237 2848 2424 2923 foret3

303 2963 369 3001 ac
392 2940 635 3003 deberet
661 2942 933 3004 voluntas
957 2945 1203 3005 firmiter
1239 2943 1470 3004 veritati
1497 2942 1651 3002 illius
1690 2944 2022 3021 adhaerere,
2052 2943 2194 3003 dum
2227 2954 2429 3004 tamen

303 3038 632 3099 intellectus
651 3041 713 3100 in
742 3040 920 3100 dubio
947 3052 1048 3100 aut
1067 3041 1130 3099 in
1160 3062 1319 3100 mera
1344 3050 1576 3099 tantum
1601 3038 2012 3121 probabilitate
2033 3084 2049 3114 ‚
2094 3038 2252 3121 quod
2276 3042 2428 3100 Deus

305 3133 380 3191 sit
416 3156 616 3197 revera
640 3135 899 3211 locutus,
949 3149 1313 3210 versaretur3
1347 3133 1504 3218 quod
1529 3146 1729 3194 tamen
1749 3181 1765 3210 ,
1806 3146 1873 3194 ut
1903 3133 2153 3194 vidimus
2172 3181 2187 3209 ,
2216 3134 2429 3195 falsum

305 3227 770 3315 damnatumque
799 3244 888 3293 est
923 3233 1037 3311 (1).

376 3447 442 3511 (l)
483 3444 730 3498 Cercitudo
745 3451 891 3514 fidei,
912 3453 1102 3502 adnotat
1122 3443 1295 3503 Suarez
1310 3491 1323 3514 ‚
1412 3450 1576 3502 dinem
1593 3449 1931 3518 speculativam
1948 3453 2005 3502 de
2016 3450 2329 3501 credibilitate
2347 3453 2428 3500 sui

306 3551 404 3584 non
438 3544 507 3584 est
536 3545 725 3585 tamum
757 3542 977 3604 practica
995 3534 1019 3601 ,'
1047 3538 1131 3588 sed
1158 3555 1329 3607 specu·
1413 3533 1613 3602 obsecti,·
1641 3541 1757 3582 nam
1777 3535 2072 3601 impossibile
2099 3534 2313 3591 videtur,
2345 3534 2428 3583 ho-

299 3615 477 3669 lativa.
517 3628 560 3666 ee
590 3617 695 3667 ideo
717 3622 921 3684 requirit
949 3624 1097 3671 etiam
1139 3621 1333 3670 certitu·
1407 3619 1595 3677 *minem
1624 3618 1936 3668 determinari
1948 3619 2015 3669 ad
2031 3617 2317 3669 credendum
2336 3615 2425 3664 ali·
2486 3643 2495 3654 ·
