<?xml version="1.0" encoding="UTF-8"?>
<!DOCTYPE html PUBLIC "-//W3C//DTD XHTML 1.0 Transitional//EN"
    "http://www.w3.org/TR/xhtml1/DTD/xhtml1-transitional.dtd">
<html xmlns="http://www.w3.org/1999/xhtml" xml:lang="en" lang="en">
 <head>
  <title>
</title>
<meta http-equiv="Content-Type" content="text/html;charset=utf-8" />
  <meta name='ocr-system' content='tesseract 3.04.00' />
  <meta name='ocr-capabilities' content='ocr_page ocr_carea ocr_par ocr_line ocrx_word'/>
</head>
<body>
  <div class='ocr_page' id='page_1' title='image "a603693809perruoft_0266.png"; bbox 0 0 2502 4134; ppageno 0'>
   <div class='ocr_carea' id='block_1_1' title="bbox 291 111 412 174">
    <p class='ocr_par' dir='ltr' id='par_1_1' title="bbox 291 111 412 174">
     <span class='ocr_line' id='line_1_1' title="bbox 291 111 412 174; baseline 0.017 -2"><span class='ocrx_word' id='word_1_1' title='bbox 291 111 412 174; x_wconf 78' lang='lat'>258</span> 
     </span>
    </p>
   </div>
   <div class='ocr_carea' id='block_1_2' title="bbox 884 127 1821 174">
    <p class='ocr_par' dir='ltr' id='par_1_2' title="bbox 884 127 1821 174">
     <span class='ocr_line' id='line_1_2' title="bbox 884 127 1821 174; baseline 0.009 -8"><span class='ocrx_word' id='word_1_2' title='bbox 884 127 1084 166; x_wconf 65' lang='lat' dir='ltr'>&#39;macr-</span> <span class='ocrx_word' id='word_1_3' title='bbox 1133 130 1202 166; x_wconf 69' lang='grc' dir='ltr'>ΒΕ</span> <span class='ocrx_word' id='word_1_4' title='bbox 1246 129 1396 169; x_wconf 70' lang='lat' dir='ltr'>touls</span> <span class='ocrx_word' id='word_1_5' title='bbox 1440 132 1821 174; x_wconf 63' lang='lat' dir='ltr'>Tnnotocicls.</span> 
     </span>
    </p>
   </div>
   <div class='ocr_carea' id='block_1_3' title="bbox 295 270 2492 2083">
    <p class='ocr_par' dir='ltr' id='par_1_3' title="bbox 295 270 2492 454">
     <span class='ocr_line' id='line_1_3' title="bbox 295 270 2492 359; baseline 0.005 -25"><span class='ocrx_word' id='word_1_6' title='bbox 295 273 507 359; x_wconf 89' lang='lat' dir='ltr'>quibus</span> <span class='ocrx_word' id='word_1_7' title='bbox 538 270 706 332; x_wconf 89' lang='lat' dir='ltr'>nobis</span> <span class='ocrx_word' id='word_1_8' title='bbox 741 290 865 350; x_wconf 84' lang='lat' dir='ltr'>non</span> <span class='ocrx_word' id='word_1_9' title='bbox 901 279 1129 328; x_wconf 87' lang='lat' dir='ltr'>constat</span> <span class='ocrx_word' id='word_1_10' title='bbox 1170 270 1283 329; x_wconf 87' lang='lat' dir='ltr'>nisi</span> <span class='ocrx_word' id='word_1_11' title='bbox 1319 293 1427 352; x_wconf 91' lang='lat' dir='ltr'>per</span> <span class='ocrx_word' id='word_1_12' title='bbox 1465 274 1899 353; x_wconf 75' lang='lat' dir='ltr'>Traditionem‚</span> <span class='ocrx_word' id='word_1_13' title='bbox 1933 279 2257 340; x_wconf 83' lang='lat' dir='ltr'>Concilium</span> <span class='ocrx_word' id='word_1_14' title='bbox 2291 303 2432 343; x_wconf 85' lang='lat' dir='ltr'>vero</span> <span class='ocrx_word' id='word_1_15' title='bbox 2488 290 2492 297; x_wconf 87' lang='lat'><em>&#39;</em></span> 
     </span>
     <span class='ocr_line' id='line_1_4' title="bbox 297 365 2431 454; baseline 0.003 -23"><span class='ocrx_word' id='word_1_16' title='bbox 297 373 571 431; x_wconf 79' lang='lat' dir='ltr'><strong>dirimere</strong></span> <span class='ocrx_word' id='word_1_17' title='bbox 601 366 984 448; x_wconf 78' lang='lat' dir='ltr'>quaestionem</span> <span class='ocrx_word' id='word_1_18' title='bbox 1019 365 1291 425; x_wconf 90' lang='lat' dir='ltr'>noluisse.</span> <span class='ocrx_word' id='word_1_19' title='bbox 1333 367 1429 426; x_wconf 92' lang='lat' dir='ltr'>Nil</span> <span class='ocrx_word' id='word_1_20' title='bbox 1467 372 1755 445; x_wconf 85' lang='lat' dir='ltr'>ejusmodi</span> <span class='ocrx_word' id='word_1_21' title='bbox 1789 373 2000 454; x_wconf 84' lang='lat' dir='ltr'>legitur</span> <span class='ocrx_word' id='word_1_22' title='bbox 2035 378 2156 436; x_wconf 92' lang='lat' dir='ltr'>sive</span> <span class='ocrx_word' id='word_1_23' title='bbox 2191 378 2250 435; x_wconf 92' lang='lat' dir='ltr'>in</span> <span class='ocrx_word' id='word_1_24' title='bbox 2291 380 2431 438; x_wconf 89' lang='lat' dir='ltr'>actis</span> 
     </span>
    </p>

    <p class='ocr_par' dir='ltr' id='par_1_4' title="bbox 296 461 2430 548">
     <span class='ocr_line' id='line_1_5' title="bbox 296 461 2430 548; baseline 0.002 -20"><span class='ocrx_word' id='word_1_25' title='bbox 296 471 418 527; x_wconf 92' lang='lat' dir='ltr'>sive</span> <span class='ocrx_word' id='word_1_26' title='bbox 455 467 517 523; x_wconf 90' lang='lat' dir='ltr'>in</span> <span class='ocrx_word' id='word_1_27' title='bbox 556 462 795 522; x_wconf 87' lang='lat' dir='ltr'>historia</span> <span class='ocrx_word' id='word_1_28' title='bbox 835 461 1113 533; x_wconf 69' lang='lat' dir='ltr'>Concilii,</span> <span class='ocrx_word' id='word_1_29' title='bbox 1156 462 1234 520; x_wconf 86' lang='lat' dir='ltr'>ita</span> <span class='ocrx_word' id='word_1_30' title='bbox 1272 474 1338 521; x_wconf 92' lang='lat' dir='ltr'>ut</span> <span class='ocrx_word' id='word_1_31' title='bbox 1381 485 1572 545; x_wconf 88' lang='lat' dir='ltr'>neque</span> <span class='ocrx_word' id='word_1_32' title='bbox 1616 467 1850 548; x_wconf 83' lang='lat' dir='ltr'>Sarpius</span> <span class='ocrx_word' id='word_1_33' title='bbox 1897 469 1956 528; x_wconf 88' lang='lat' dir='ltr'>id</span> <span class='ocrx_word' id='word_1_34' title='bbox 1991 484 2430 533; x_wconf 85' lang='lat' dir='ltr'>commemoret.</span> 
     </span>
    </p>

    <p class='ocr_par' dir='ltr' id='par_1_5' title="bbox 297 556 2434 639">
     <span class='ocr_line' id='line_1_6' title="bbox 297 556 2434 639; baseline 0.002 -18"><span class='ocrx_word' id='word_1_35' title='bbox 297 561 583 622; x_wconf 87' lang='lat' dir='ltr'>Discimus</span> <span class='ocrx_word' id='word_1_36' title='bbox 637 559 831 639; x_wconf 89' lang='lat' dir='ltr'>potius</span> <span class='ocrx_word' id='word_1_37' title='bbox 877 580 950 618; x_wconf 79' lang='lat' dir='ltr'>ex</span> <span class='ocrx_word' id='word_1_38' title='bbox 990 557 1104 615; x_wconf 92' lang='lat' dir='ltr'>illis</span> <span class='ocrx_word' id='word_1_39' title='bbox 1163 556 1458 634; x_wconf 82' lang='lat' dir='ltr'>fontibuS‚</span> <span class='ocrx_word' id='word_1_40' title='bbox 1504 561 1826 620; x_wconf 80' lang='lat' dir='ltr'>Concilium</span> <span class='ocrx_word' id='word_1_41' title='bbox 1868 564 2281 626; x_wconf 89' lang='lat' dir='ltr'>Tridentinum</span> <span class='ocrx_word' id='word_1_42' title='bbox 2324 567 2434 626; x_wconf 87' lang='lat' dir='ltr'>sibi</span> 
     </span>
    </p>

    <p class='ocr_par' dir='ltr' id='par_1_6' title="bbox 295 654 2438 741">
     <span class='ocr_line' id='line_1_7' title="bbox 295 654 2438 741; baseline 0.003 -25"><span class='ocrx_word' id='word_1_43' title='bbox 295 657 666 741; x_wconf 83' lang='lat' dir='ltr'>proposuisse</span> <span class='ocrx_word' id='word_1_44' title='bbox 704 654 985 729; x_wconf 67' lang='lat' dir='ltr'>definire,</span> <span class='ocrx_word' id='word_1_45' title='bbox 1027 666 1155 712; x_wconf 85' lang='lat' dir='ltr'>tum</span> <span class='ocrx_word' id='word_1_46' title='bbox 1195 655 1522 735; x_wconf 80' lang='lat' dir='ltr'>Scripturas</span> <span class='ocrx_word' id='word_1_47' title='bbox 1550 668 1677 714; x_wconf 89' lang='lat' dir='ltr'>tum</span> <span class='ocrx_word' id='word_1_48' title='bbox 1714 657 2076 719; x_wconf 86' lang='lat' dir='ltr'>Traditiones</span> <span class='ocrx_word' id='word_1_49' title='bbox 2109 662 2336 722; x_wconf 86' lang='lat' dir='ltr'>divinas</span> <span class='ocrx_word' id='word_1_50' title='bbox 2375 675 2438 723; x_wconf 87' lang='lat' dir='ltr'>et</span> 
     </span>
    </p>

    <p class='ocr_par' dir='ltr' id='par_1_7' title="bbox 297 751 2440 929">
     <span class='ocr_line' id='line_1_8' title="bbox 299 751 2440 836; baseline 0.002 -23"><span class='ocrx_word' id='word_1_51' title='bbox 299 751 644 836; x_wconf 87' lang='lat' dir='ltr'>apostolicas</span> <span class='ocrx_word' id='word_1_52' title='bbox 682 751 1068 810; x_wconf 83' lang='lat' dir='ltr'>fundamenta</span> <span class='ocrx_word' id='word_1_53' title='bbox 1119 751 1474 809; x_wconf 84' lang='lat' dir='ltr'>constituere</span> <span class='ocrx_word' id='word_1_54' title='bbox 1512 751 1646 810; x_wconf 88' lang='lat' dir='ltr'>fidei</span> <span class='ocrx_word' id='word_1_55' title='bbox 1683 764 1893 811; x_wconf 82' lang='lat' dir='ltr'>nostrae</span> <span class='ocrx_word' id='word_1_56' title='bbox 1926 753 2203 814; x_wconf 88' lang='lat' dir='ltr'>adversus</span> <span class='ocrx_word' id='word_1_57' title='bbox 2250 757 2440 818; x_wconf 84' lang='lat' dir='ltr'>baere-</span> 
     </span>
     <span class='ocr_line' id='line_1_9' title="bbox 297 844 2438 929; baseline 0.001 -20"><span class='ocrx_word' id='word_1_58' title='bbox 297 851 481 923; x_wconf 67' lang='lat' dir='ltr'>ticos,</span> <span class='ocrx_word' id='word_1_59' title='bbox 532 847 630 929; x_wconf 88' lang='lat' dir='ltr'>qui</span> <span class='ocrx_word' id='word_1_60' title='bbox 682 847 1131 920; x_wconf 68' lang='lat' dir='ltr'>inficiabantur,</span> <span class='ocrx_word' id='word_1_61' title='bbox 1177 845 1294 904; x_wconf 86' lang='lat' dir='ltr'>tale</span> <span class='ocrx_word' id='word_1_62' title='bbox 1342 845 1797 906; x_wconf 85' lang='lat' dir='ltr'>fundamentum</span> <span class='ocrx_word' id='word_1_63' title='bbox 1851 849 2027 907; x_wconf 87' lang='lat' dir='ltr'>etiam</span> <span class='ocrx_word' id='word_1_64' title='bbox 2075 844 2438 913; x_wconf 87' lang='lat' dir='ltr'>Traditiones</span> 
     </span>
    </p>

    <p class='ocr_par' dir='ltr' id='par_1_8' title="bbox 298 941 2445 1604">
     <span class='ocr_line' id='line_1_10' title="bbox 299 941 2443 1026; baseline 0.001 -21"><span class='ocrx_word' id='word_1_65' title='bbox 299 946 651 1007; x_wconf 87' lang='lat' dir='ltr'>constituere</span> <span class='ocrx_word' id='word_1_66' title='bbox 678 945 805 1026; x_wconf 75' lang='lat'>(1);</span> <span class='ocrx_word' id='word_1_67' title='bbox 835 966 942 1003; x_wconf 92' lang='lat' dir='ltr'>nec</span> <span class='ocrx_word' id='word_1_68' title='bbox 972 941 1323 1024; x_wconf 78' lang='lat' dir='ltr'>ignorabant</span> <span class='ocrx_word' id='word_1_69' title='bbox 1353 946 1552 1003; x_wconf 87' lang='lat' dir='ltr'>Patres</span> <span class='ocrx_word' id='word_1_70' title='bbox 1579 944 1939 1020; x_wconf 85' lang='lat' dir='ltr'>Tridentini,</span> <span class='ocrx_word' id='word_1_71' title='bbox 1965 947 2280 1007; x_wconf 88' lang='lat' dir='ltr'>nonnullos</span> <span class='ocrx_word' id='word_1_72' title='bbox 2305 951 2443 1008; x_wconf 88' lang='lat' dir='ltr'>arti-</span> 
     </span>
     <span class='ocr_line' id='line_1_11' title="bbox 298 1038 2441 1120; baseline 0.001 -18"><span class='ocrx_word' id='word_1_73' title='bbox 298 1042 456 1102; x_wconf 86' lang='lat' dir='ltr'>culos</span> <span class='ocrx_word' id='word_1_74' title='bbox 483 1041 617 1100; x_wconf 79' lang='lat' dir='ltr'>fidei</span> <span class='ocrx_word' id='word_1_75' title='bbox 645 1041 939 1100; x_wconf 84' lang='lat' dir='ltr'>catholicae</span> <span class='ocrx_word' id='word_1_76' title='bbox 968 1039 1168 1098; x_wconf 87' lang='lat' dir='ltr'>haberi</span> <span class='ocrx_word' id='word_1_77' title='bbox 1191 1084 1206 1113; x_wconf 60' lang='lat'>7</span> <span class='ocrx_word' id='word_1_78' title='bbox 1241 1039 1341 1120; x_wconf 86' lang='lat' dir='ltr'>qui</span> <span class='ocrx_word' id='word_1_79' title='bbox 1381 1038 1485 1097; x_wconf 88' lang='lat' dir='ltr'>soli</span> <span class='ocrx_word' id='word_1_80' title='bbox 1522 1039 1859 1099; x_wconf 86' lang='lat' dir='ltr'>innituntur</span> <span class='ocrx_word' id='word_1_81' title='bbox 1899 1041 2241 1102; x_wconf 88' lang='lat' dir='ltr'>Traditioni.</span> <span class='ocrx_word' id='word_1_82' title='bbox 2270 1046 2441 1104; x_wconf 90' lang='lat' dir='ltr'>Nun-</span> 
     </span>
     <span class='ocr_line' id='line_1_12' title="bbox 300 1134 2442 1221; baseline 0.001 -24"><span class='ocrx_word' id='word_1_83' title='bbox 300 1160 481 1221; x_wconf 83' lang='lat' dir='ltr'>quam</span> <span class='ocrx_word' id='word_1_84' title='bbox 507 1139 683 1217; x_wconf 80' lang='lat' dir='ltr'>igitur</span> <span class='ocrx_word' id='word_1_85' title='bbox 708 1159 772 1197; x_wconf 87' lang='lat' dir='ltr'>ea</span> <span class='ocrx_word' id='word_1_86' title='bbox 800 1137 1156 1196; x_wconf 83' lang='lat' dir='ltr'>Tridentinis</span> <span class='ocrx_word' id='word_1_87' title='bbox 1188 1134 1454 1193; x_wconf 87' lang='lat' dir='ltr'>Patribus</span> <span class='ocrx_word' id='word_1_88' title='bbox 1488 1157 1654 1194; x_wconf 89' lang='lat' dir='ltr'>mens</span> <span class='ocrx_word' id='word_1_89' title='bbox 1687 1135 1900 1195; x_wconf 81' lang='lat' dir='ltr'>insedit</span> <span class='ocrx_word' id='word_1_90' title='bbox 1921 1182 1936 1207; x_wconf 62' lang='lat' dir='ltr'>a</span> <span class='ocrx_word' id='word_1_91' title='bbox 1970 1149 2146 1217; x_wconf 89' lang='lat' dir='ltr'>prout</span> <span class='ocrx_word' id='word_1_92' title='bbox 2174 1150 2442 1199; x_wconf 86' lang='lat' dir='ltr'>autumat</span> 
     </span>
     <span class='ocr_line' id='line_1_13' title="bbox 299 1231 2444 1307; baseline 0 -13"><span class='ocrx_word' id='word_1_93' title='bbox 299 1234 691 1307; x_wconf 68' lang='lat' dir='ltr'>adversarius,</span> <span class='ocrx_word' id='word_1_94' title='bbox 713 1244 775 1291; x_wconf 87' lang='lat' dir='ltr'>ut</span> <span class='ocrx_word' id='word_1_95' title='bbox 792 1233 940 1291; x_wconf 87' lang='lat' dir='ltr'>solas</span> <span class='ocrx_word' id='word_1_96' title='bbox 964 1231 1329 1291; x_wconf 87' lang='lat' dir='ltr'>Traditiones</span> <span class='ocrx_word' id='word_1_97' title='bbox 1347 1233 1669 1290; x_wconf 70' lang='lat' dir='ltr'>z&#39;rzlzoesivas</span> <span class='ocrx_word' id='word_1_98' title='bbox 1689 1243 1789 1290; x_wconf 91' lang='lat' dir='ltr'>aut</span> <span class='ocrx_word' id='word_1_99' title='bbox 1811 1234 2208 1292; x_wconf 74' lang='lat' dir='ltr'>declarativas</span> <span class='ocrx_word' id='word_1_100' title='bbox 2229 1246 2444 1295; x_wconf 88' lang='lat' dir='ltr'>statue-</span> 
     </span>
     <span class='ocr_line' id='line_1_14' title="bbox 298 1326 2445 1408; baseline 0 -20"><span class='ocrx_word' id='word_1_101' title='bbox 298 1332 456 1407; x_wconf 81' lang='lat' dir='ltr'>rint3</span> <span class='ocrx_word' id='word_1_102' title='bbox 494 1330 597 1389; x_wconf 90' lang='lat' dir='ltr'>sed</span> <span class='ocrx_word' id='word_1_103' title='bbox 631 1330 1011 1389; x_wconf 88' lang='lat' dir='ltr'>sanciverunt</span> <span class='ocrx_word' id='word_1_104' title='bbox 1042 1348 1178 1387; x_wconf 85' lang='lat' dir='ltr'>vere</span> <span class='ocrx_word' id='word_1_105' title='bbox 1211 1326 1575 1386; x_wconf 88' lang='lat' dir='ltr'>Traditiones</span> <span class='ocrx_word' id='word_1_106' title='bbox 1600 1328 1687 1386; x_wconf 91' lang='lat' dir='ltr'>uti</span> <span class='ocrx_word' id='word_1_107' title='bbox 1714 1328 1974 1408; x_wconf 86' lang='lat' dir='ltr'>regulam</span> <span class='ocrx_word' id='word_1_108' title='bbox 2000 1350 2065 1387; x_wconf 90' lang='lat' dir='ltr'>ac</span> <span class='ocrx_word' id='word_1_109' title='bbox 2096 1329 2445 1390; x_wconf 87' lang='lat' dir='ltr'>fundamen-</span> 
     </span>
     <span class='ocr_line' id='line_1_15' title="bbox 299 1421 2445 1507; baseline 0 -23"><span class='ocrx_word' id='word_1_110' title='bbox 299 1438 429 1484; x_wconf 88' lang='lat' dir='ltr'>tum</span> <span class='ocrx_word' id='word_1_111' title='bbox 475 1424 721 1507; x_wconf 84' lang='lat' dir='ltr'>partiale</span> <span class='ocrx_word' id='word_1_112' title='bbox 765 1423 901 1482; x_wconf 89' lang='lat' dir='ltr'>fidei</span> <span class='ocrx_word' id='word_1_113' title='bbox 940 1434 1155 1481; x_wconf 85' lang='lat' dir='ltr'>nostrae</span> <span class='ocrx_word' id='word_1_114' title='bbox 1203 1445 1235 1480; x_wconf 86' lang='lat' dir='ltr'>a</span> <span class='ocrx_word' id='word_1_115' title='bbox 1274 1421 1584 1503; x_wconf 89' lang='lat' dir='ltr'>Scripturis</span> <span class='ocrx_word' id='word_1_116' title='bbox 1625 1422 1801 1504; x_wconf 85' lang='lat' dir='ltr'>plane</span> <span class='ocrx_word' id='word_1_117' title='bbox 1843 1423 2200 1483; x_wconf 85' lang='lat' dir='ltr'>distinctum.</span> <span class='ocrx_word' id='word_1_118' title='bbox 2242 1427 2445 1507; x_wconf 90' lang='lat' dir='ltr'>Neque</span> 
     </span>
     <span class='ocr_line' id='line_1_16' title="bbox 298 1517 2440 1604; baseline -0.001 -23"><span class='ocrx_word' id='word_1_119' title='bbox 298 1522 412 1581; x_wconf 88' lang='lat' dir='ltr'>alio</span> <span class='ocrx_word' id='word_1_120' title='bbox 437 1520 685 1604; x_wconf 86' lang='lat' dir='ltr'>proinde</span> <span class='ocrx_word' id='word_1_121' title='bbox 710 1542 885 1580; x_wconf 91' lang='lat' dir='ltr'>sensu</span> <span class='ocrx_word' id='word_1_122' title='bbox 906 1518 1174 1578; x_wconf 85' lang='lat' dir='ltr'>catholici</span> <span class='ocrx_word' id='word_1_123' title='bbox 1197 1517 1452 1598; x_wconf 82' lang='lat' dir='ltr'>theologi</span> <span class='ocrx_word' id='word_1_124' title='bbox 1471 1518 1836 1578; x_wconf 88' lang='lat' dir='ltr'>Traditiones</span> <span class='ocrx_word' id='word_1_125' title='bbox 1859 1519 2089 1578; x_wconf 89' lang='lat' dir='ltr'>divinas</span> <span class='ocrx_word' id='word_1_126' title='bbox 2105 1519 2440 1580; x_wconf 85' lang='lat' dir='ltr'>adstruunt.</span> 
     </span>
    </p>

    <p class='ocr_par' dir='ltr' id='par_1_9' title="bbox 298 1612 2466 1886">
     <span class='ocr_line' id='line_1_17' title="bbox 299 1612 2446 1699; baseline -0.001 -22"><span class='ocrx_word' id='word_1_127' title='bbox 299 1619 358 1677; x_wconf 88' lang='lat' dir='ltr'>Si</span> <span class='ocrx_word' id='word_1_128' title='bbox 400 1619 500 1699; x_wconf 91' lang='lat' dir='ltr'>qui</span> <span class='ocrx_word' id='word_1_129' title='bbox 542 1638 679 1677; x_wconf 89' lang='lat' dir='ltr'>vero</span> <span class='ocrx_word' id='word_1_130' title='bbox 717 1615 1010 1674; x_wconf 84' lang='lat' dir='ltr'>affirmare</span> <span class='ocrx_word' id='word_1_131' title='bbox 1054 1612 1363 1686; x_wconf 70' lang='lat' dir='ltr'>videntur,</span> <span class='ocrx_word' id='word_1_132' title='bbox 1397 1634 1601 1672; x_wconf 89' lang='lat' dir='ltr'>omnes</span> <span class='ocrx_word' id='word_1_133' title='bbox 1646 1614 1783 1673; x_wconf 88' lang='lat' dir='ltr'>fidei</span> <span class='ocrx_word' id='word_1_134' title='bbox 1823 1626 2036 1673; x_wconf 85' lang='lat' dir='ltr'>nostrae</span> <span class='ocrx_word' id='word_1_135' title='bbox 2077 1615 2349 1674; x_wconf 86' lang='lat' dir='ltr'>articulos</span> <span class='ocrx_word' id='word_1_136' title='bbox 2380 1618 2446 1675; x_wconf 91' lang='lat' dir='ltr'>in</span> 
     </span>
     <span class='ocr_line' id='line_1_18' title="bbox 298 1708 2466 1794; baseline -0 -22"><span class='ocrx_word' id='word_1_137' title='bbox 298 1713 614 1794; x_wconf 88' lang='lat' dir='ltr'>Scripturis</span> <span class='ocrx_word' id='word_1_138' title='bbox 647 1711 972 1784; x_wconf 67' lang='lat' dir='ltr'>contineri,</span> <span class='ocrx_word' id='word_1_139' title='bbox 1009 1730 1076 1768; x_wconf 93' lang='lat' dir='ltr'>eo</span> <span class='ocrx_word' id='word_1_140' title='bbox 1100 1709 1161 1767; x_wconf 82' lang='lat' dir='ltr'>id</span> <span class='ocrx_word' id='word_1_141' title='bbox 1190 1729 1363 1766; x_wconf 90' lang='lat' dir='ltr'>sensu</span> <span class='ocrx_word' id='word_1_142' title='bbox 1386 1708 1685 1767; x_wconf 86' lang='lat' dir='ltr'>affirmant</span> <span class='ocrx_word' id='word_1_143' title='bbox 1705 1753 1720 1782; x_wconf 65' lang='lat'>,</span> <span class='ocrx_word' id='word_1_144' title='bbox 1749 1731 1927 1790; x_wconf 87' lang='lat' dir='ltr'>quem</span> <span class='ocrx_word' id='word_1_145' title='bbox 1958 1709 2130 1789; x_wconf 87' lang='lat' dir='ltr'>paulo</span> <span class='ocrx_word' id='word_1_146' title='bbox 2165 1722 2302 1769; x_wconf 88' lang='lat' dir='ltr'>ante</span> <span class='ocrx_word' id='word_1_147' title='bbox 2336 1710 2466 1771; x_wconf 67' lang='lat' dir='ltr'>de-&#39;</span> 
     </span>
     <span class='ocr_line' id='line_1_19' title="bbox 298 1802 2441 1886; baseline -0.001 -19"><span class='ocrx_word' id='word_1_148' title='bbox 298 1808 647 1867; x_wconf 87' lang='lat' dir='ltr'>claravimus</span> <span class='ocrx_word' id='word_1_149' title='bbox 666 1851 680 1879; x_wconf 65' lang='lat' dir='ltr'>a</span> <span class='ocrx_word' id='word_1_150' title='bbox 703 1806 762 1863; x_wconf 90' lang='lat' dir='ltr'>in</span> <span class='ocrx_word' id='word_1_151' title='bbox 791 1804 1102 1885; x_wconf 85' lang='lat' dir='ltr'>Scripturis</span> <span class='ocrx_word' id='word_1_152' title='bbox 1125 1802 1396 1863; x_wconf 88' lang='lat' dir='ltr'>videlicet</span> <span class='ocrx_word' id='word_1_153' title='bbox 1417 1804 1610 1862; x_wconf 86' lang='lat' dir='ltr'>omnia</span> <span class='ocrx_word' id='word_1_154' title='bbox 1629 1850 1644 1877; x_wconf 76' lang='lat'>‚</span> <span class='ocrx_word' id='word_1_155' title='bbox 1672 1825 1800 1884; x_wconf 84' lang='lat' dir='ltr'>quae</span> <span class='ocrx_word' id='word_1_156' title='bbox 1820 1803 1895 1862; x_wconf 87' lang='lat' dir='ltr'>ad</span> <span class='ocrx_word' id='word_1_157' title='bbox 1915 1803 2092 1863; x_wconf 84' lang='lat' dir='ltr'>fidem</span> <span class='ocrx_word' id='word_1_158' title='bbox 2116 1806 2441 1886; x_wconf 71' lang='lat' dir='ltr'>pertinent,</span> 
     </span>
    </p>

    <p class='ocr_par' dir='ltr' id='par_1_10' title="bbox 296 1885 2443 2083">
     <span class='ocr_line' id='line_1_20' title="bbox 296 1885 2443 1986; baseline -0 -24"><span class='ocrx_word' id='word_1_159' title='bbox 296 1885 548 1986; x_wconf 73' lang='lat' dir='ltr'>reperiri</span> <span class='ocrx_word' id='word_1_160' title='bbox 582 1902 705 1961; x_wconf 88' lang='lat' dir='ltr'>sive.</span> <span class='ocrx_word' id='word_1_161' title='bbox 735 1899 1075 1959; x_wconf 77' lang='lat' dir='ltr'>immediate</span> <span class='ocrx_word' id='word_1_162' title='bbox 1115 1900 1238 1959; x_wconf 87' lang='lat' dir='ltr'>sive</span> <span class='ocrx_word' id='word_1_163' title='bbox 1278 1898 1530 1959; x_wconf 87' lang='lat' dir='ltr'>mediate</span> <span class='ocrx_word' id='word_1_164' title='bbox 1551 1944 1567 1975; x_wconf 64' lang='lat'>7</span> <span class='ocrx_word' id='word_1_165' title='bbox 1594 1911 1771 1983; x_wconf 90' lang='lat' dir='ltr'>prout</span> <span class='ocrx_word' id='word_1_166' title='bbox 1798 1910 1857 1959; x_wconf 90' lang='lat' dir='ltr'>et</span> <span class='ocrx_word' id='word_1_167' title='bbox 1883 1921 1988 1959; x_wconf 89' lang='lat' dir='ltr'>nos</span> <span class='ocrx_word' id='word_1_168' title='bbox 2022 1901 2131 1982; x_wconf 88' lang='lat' dir='ltr'>ipsi</span> <span class='ocrx_word' id='word_1_169' title='bbox 2155 1902 2443 1961; x_wconf 87' lang='lat' dir='ltr'>sentimus</span> 
     </span>
     <span class='ocr_line' id='line_1_21' title="bbox 298 1996 891 2083; baseline -0.01 -23"><span class='ocrx_word' id='word_1_170' title='bbox 298 2021 367 2060; x_wconf 85' lang='lat' dir='ltr'>ac</span> <span class='ocrx_word' id='word_1_171' title='bbox 399 1999 748 2083; x_wconf 89' lang='lat' dir='ltr'>profitemur</span> <span class='ocrx_word' id='word_1_172' title='bbox 779 1996 891 2076; x_wconf 78' lang='lat'>(2).</span> 
     </span>
    </p>
   </div>
   <div class='ocr_carea' id='block_1_4' title="bbox 279 2217 1337 3444">
    <p class='ocr_par' dir='ltr' id='par_1_11' title="bbox 279 2217 1337 3444">
     <span class='ocr_line' id='line_1_22' title="bbox 365 2217 1333 2286; baseline -0.002 -18"><span class='ocrx_word' id='word_1_173' title='bbox 365 2220 436 2286; x_wconf 78' lang='lat' dir='ltr'>(l)</span> <span class='ocrx_word' id='word_1_174' title='bbox 474 2218 593 2269; x_wconf 83' lang='lat' dir='ltr'>Satis</span> <span class='ocrx_word' id='word_1_175' title='bbox 616 2230 682 2269; x_wconf 81' lang='lat' dir='ltr'>est</span> <span class='ocrx_word' id='word_1_176' title='bbox 702 2220 853 2285; x_wconf 87' lang='lat' dir='ltr'>legere</span> <span class='ocrx_word' id='word_1_177' title='bbox 871 2219 1107 2268; x_wconf 83' lang='lat' dir='ltr'>historiam</span> <span class='ocrx_word' id='word_1_178' title='bbox 1137 2217 1333 2267; x_wconf 87' lang='lat' dir='ltr'>Concilii</span> 
     </span>
     <span class='ocr_line' id='line_1_23' title="bbox 299 2302 1329 2364; baseline -0.004 -11"><span class='ocrx_word' id='word_1_179' title='bbox 299 2303 513 2353; x_wconf 87' lang='lat' dir='ltr'>Trident.</span> <span class='ocrx_word' id='word_1_180' title='bbox 530 2303 669 2351; x_wconf 84' lang='lat' dir='ltr'>Card.</span> <span class='ocrx_word' id='word_1_181' title='bbox 691 2303 979 2364; x_wconf 76' lang='lat' dir='ltr'>pallavicini,</span> <span class='ocrx_word' id='word_1_182' title='bbox 1000 2312 1050 2349; x_wconf 84' lang='lat' dir='ltr'>ut</span> <span class='ocrx_word' id='word_1_183' title='bbox 1071 2302 1329 2350; x_wconf 82' lang='lat' dir='ltr'>luculenter</span> 
     </span>
     <span class='ocr_line' id='line_1_24' title="bbox 299 2383 1330 2452; baseline -0.004 -17"><span class='ocrx_word' id='word_1_184' title='bbox 299 2396 486 2452; x_wconf 83' lang='lat' dir='ltr'>pateat,</span> <span class='ocrx_word' id='word_1_185' title='bbox 522 2385 636 2451; x_wconf 87' lang='lat' dir='ltr'>quid</span> <span class='ocrx_word' id='word_1_186' title='bbox 664 2387 889 2433; x_wconf 82' lang='lat' dir='ltr'>senserint</span> <span class='ocrx_word' id='word_1_187' title='bbox 907 2384 1060 2432; x_wconf 80' lang='lat' dir='ltr'>Patres</span> <span class='ocrx_word' id='word_1_188' title='bbox 1086 2384 1143 2432; x_wconf 91' lang='lat' dir='ltr'>de</span> <span class='ocrx_word' id='word_1_189' title='bbox 1165 2383 1330 2432; x_wconf 80' lang='lat' dir='ltr'>Tradi-</span> 
     </span>
     <span class='ocr_line' id='line_1_25' title="bbox 299 2467 1325 2533; baseline -0.003 -15"><span class='ocrx_word' id='word_1_190' title='bbox 299 2469 528 2518; x_wconf 82' lang='lat' dir='ltr'>tionibus.</span> <span class='ocrx_word' id='word_1_191' title='bbox 555 2468 660 2517; x_wconf 90' lang='lat' dir='ltr'>Huc</span> <span class='ocrx_word' id='word_1_192' title='bbox 690 2486 838 2533; x_wconf 86' lang='lat' dir='ltr'>pauca</span> <span class='ocrx_word' id='word_1_193' title='bbox 871 2467 1005 2516; x_wconf 77' lang='lat' dir='ltr'>verba</span> <span class='ocrx_word' id='word_1_194' title='bbox 1034 2468 1325 2527; x_wconf 84' lang='lat' dir='ltr'>describam,</span> 
     </span>
     <span class='ocr_line' id='line_1_26' title="bbox 279 2548 1328 2618; baseline -0.003 -17"><span class='ocrx_word' id='word_1_195' title='bbox 279 2570 360 2618; x_wconf 26' lang='lat' dir='ltr'>‘ex</span> <span class='ocrx_word' id='word_1_196' title='bbox 392 2553 479 2601; x_wconf 86' lang='lat' dir='ltr'>lib.</span> <span class='ocrx_word' id='word_1_197' title='bbox 521 2569 591 2614; x_wconf 87' lang='lat' dir='ltr'>v1‚</span> <span class='ocrx_word' id='word_1_198' title='bbox 625 2569 728 2617; x_wconf 88' lang='lat' dir='ltr'>cap.</span> <span class='ocrx_word' id='word_1_199' title='bbox 760 2548 851 2614; x_wconf 66' lang='grc'>14,</span> <span class='ocrx_word' id='word_1_200' title='bbox 884 2569 934 2600; x_wconf 90' lang='lat' dir='ltr'>n.</span> <span class='ocrx_word' id='word_1_201' title='bbox 971 2567 1036 2610; x_wconf 83' lang='lat'>2,</span> <span class='ocrx_word' id='word_1_202' title='bbox 1071 2550 1152 2598; x_wconf 90' lang='lat' dir='ltr'>ubi</span> <span class='ocrx_word' id='word_1_203' title='bbox 1175 2588 1187 2610; x_wconf 91' lang='lat'><em>‚</em></span> <span class='ocrx_word' id='word_1_204' title='bbox 1222 2568 1328 2598; x_wconf 87' lang='lat' dir='ltr'>cum</span> 
     </span>
     <span class='ocr_line' id='line_1_27' title="bbox 301 2633 1331 2697; baseline -0.003 -14"><span class='ocrx_word' id='word_1_205' title='bbox 301 2636 527 2683; x_wconf 79' lang='lat' dir='ltr'>retulisset</span> <span class='ocrx_word' id='word_1_206' title='bbox 556 2634 810 2682; x_wconf 84' lang='lat' dir='ltr'>nonnullas</span> <span class='ocrx_word' id='word_1_207' title='bbox 839 2633 1135 2682; x_wconf 79' lang='lat' dir='ltr'>difficultates</span> <span class='ocrx_word' id='word_1_208' title='bbox 1162 2650 1331 2697; x_wconf 87' lang='lat' dir='ltr'>propo-</span> 
     </span>
     <span class='ocr_line' id='line_1_28' title="bbox 300 2716 1328 2775; baseline -0.002 -11"><span class='ocrx_word' id='word_1_209' title='bbox 300 2719 408 2766; x_wconf 79' lang='lat' dir='ltr'>sitas</span> <span class='ocrx_word' id='word_1_210' title='bbox 452 2717 669 2766; x_wconf 84' lang='lat' dir='ltr'>adversus</span> <span class='ocrx_word' id='word_1_211' title='bbox 714 2717 951 2765; x_wconf 86' lang='lat' dir='ltr'>decretum</span> <span class='ocrx_word' id='word_1_212' title='bbox 991 2716 1328 2775; x_wconf 86' lang='lat' dir='ltr'>sanciendum,</span> 
     </span>
     <span class='ocr_line' id='line_1_29' title="bbox 301 2799 1332 2865; baseline -0.004 -17"><span class='ocrx_word' id='word_1_213' title='bbox 301 2800 490 2848; x_wconf 85' lang='lat' dir='ltr'>scribit:</span> <span class='ocrx_word' id='word_1_214' title='bbox 518 2800 695 2865; x_wconf 77' lang='lat' dir='ltr'>Queste</span> <span class='ocrx_word' id='word_1_215' title='bbox 714 2799 957 2861; x_wconf 82' lang='lat' dir='ltr'>objezioni</span> <span class='ocrx_word' id='word_1_216' title='bbox 966 2799 1085 2864; x_wconf 70' lang='lat' dir='ltr'>pero</span> <span class='ocrx_word' id='word_1_217' title='bbox 1102 2814 1201 2846; x_wconf 80' lang='lat' dir='ltr'>non</span> <span class='ocrx_word' id='word_1_218' title='bbox 1217 2802 1332 2845; x_wconf 81' lang='lat' dir='ltr'>vin-</span> 
     </span>
     <span class='ocr_line' id='line_1_30' title="bbox 299 2881 1333 2952; baseline -0.002 -21"><span class='ocrx_word' id='word_1_219' title='bbox 299 2901 404 2934; x_wconf 71' lang='lat' dir='ltr'>sero</span> <span class='ocrx_word' id='word_1_220' title='bbox 432 2887 451 2932; x_wconf 83' lang='grc' dir='ltr'><em>ἰ</em></span> <span class='ocrx_word' id='word_1_221' title='bbox 473 2884 569 2952; x_wconf 76' lang='grc' dir='ltr'>ρὶἰι</span> <span class='ocrx_word' id='word_1_222' title='bbox 597 2886 670 2933; x_wconf 84' lang='lat' dir='ltr'>de’</span> <span class='ocrx_word' id='word_1_223' title='bbox 700 2887 816 2933; x_wconf 84' lang='lat' dir='ltr'>voti.</span> <span class='ocrx_word' id='word_1_224' title='bbox 841 2883 1019 2933; x_wconf 79' lang='lat' dir='ltr'>Contra</span> <span class='ocrx_word' id='word_1_225' title='bbox 1044 2881 1139 2931; x_wconf 85' lang='lat' dir='ltr'>alla</span> <span class='ocrx_word' id='word_1_226' title='bbox 1168 2885 1333 2946; x_wconf 84' lang='lat' dir='ltr'>prima</span> 
     </span>
     <span class='ocr_line' id='line_1_31' title="bbox 297 2964 1337 3030; baseline -0.003 -15"><span class='ocrx_word' id='word_1_227' title='bbox 297 2984 449 3015; x_wconf 78' lang='lat' dir='ltr'>venne</span> <span class='ocrx_word' id='word_1_228' title='bbox 479 2967 815 3030; x_wconf 76' lang='lat' dir='ltr'>considerato,</span> <span class='ocrx_word' id='word_1_229' title='bbox 860 2965 946 3014; x_wconf 77' lang='lat' dir='ltr'>che</span> <span class='ocrx_word' id='word_1_230' title='bbox 985 2964 1028 3013; x_wconf 87' lang='lat' dir='ltr'>le</span> <span class='ocrx_word' id='word_1_231' title='bbox 1067 2965 1337 3014; x_wconf 75' lang='lat' dir='ltr'>tradizioni</span> 
     </span>
     <span class='ocr_line' id='line_1_32' title="bbox 299 3047 1337 3114; baseline 0 -18"><span class='ocrx_word' id='word_1_232' title='bbox 299 3051 359 3097; x_wconf 80' lang='lat' dir='ltr'>in</span> <span class='ocrx_word' id='word_1_233' title='bbox 404 3049 514 3114; x_wconf 81' lang='lat' dir='ltr'>quel</span> <span class='ocrx_word' id='word_1_234' title='bbox 559 3050 744 3099; x_wconf 77' lang='lat' dir='ltr'>decreta</span> <span class='ocrx_word' id='word_1_235' title='bbox 789 3050 1206 3114; x_wconf 74' lang='lat' dir='ltr'>conqiunqevansi</span> <span class='ocrx_word' id='word_1_236' title='bbox 1246 3047 1337 3096; x_wconf 83' lang='lat' dir='ltr'>alle</span> 
     </span>
     <span class='ocr_line' id='line_1_33' title="bbox 301 3128 1336 3198; baseline 0 -19"><span class='ocrx_word' id='word_1_237' title='bbox 301 3128 545 3180; x_wconf 78' lang='lat' dir='ltr'>Scritture</span> <span class='ocrx_word' id='word_1_238' title='bbox 576 3150 664 3198; x_wconf 84' lang='lat' dir='ltr'>per</span> <span class='ocrx_word' id='word_1_239' title='bbox 699 3148 826 3180; x_wconf 73' lang='lat' dir='ltr'>esser</span> <span class='ocrx_word' id='word_1_240' title='bbox 860 3131 990 3179; x_wconf 81' lang='lat' dir='ltr'>l’ane</span> <span class='ocrx_word' id='word_1_241' title='bbox 1021 3147 1150 3179; x_wconf 83' lang='lat' dir='ltr'>come</span> <span class='ocrx_word' id='word_1_242' title='bbox 1184 3129 1336 3179; x_wconf 82' lang='lat' dir='ltr'>l&#39;altre</span> 
     </span>
     <span class='ocr_line' id='line_1_34' title="bbox 301 3213 1337 3280; baseline 0.003 -21"><span class='ocrx_word' id='word_1_243' title='bbox 301 3213 609 3278; x_wconf 74' lang='lat' dir='ltr'>sbndavnenti</span> <span class='ocrx_word' id='word_1_244' title='bbox 622 3214 745 3263; x_wconf 84' lang='lat' dir='ltr'>della</span> <span class='ocrx_word' id='word_1_245' title='bbox 755 3214 865 3279; x_wconf 83' lang='lat' dir='ltr'>fede</span> <span class='ocrx_word' id='word_1_246' title='bbox 883 3231 908 3262; x_wconf 90' lang='lat' dir='ltr'>e</span> <span class='ocrx_word' id='word_1_247' title='bbox 915 3231 1007 3280; x_wconf 82' lang='lat' dir='ltr'>per</span> <span class='ocrx_word' id='word_1_248' title='bbox 1026 3222 1337 3277; x_wconf 77' lang='lat' dir='ltr'>consequente</span> 
     </span>
     <span class='ocr_line' id='line_1_35' title="bbox 308 3295 1330 3360; baseline 0.003 -19"><span class='ocrx_word' id='word_1_249' title='bbox 308 3295 599 3343; x_wconf 76' lang='lat' dir='ltr'>rivelazioni</span> <span class='ocrx_word' id='word_1_250' title='bbox 617 3297 670 3343; x_wconf 79' lang='lat' dir='ltr'>di</span> <span class='ocrx_word' id='word_1_251' title='bbox 695 3298 811 3345; x_wconf 80' lang='lat' dir='ltr'>Dio.</span> <span class='ocrx_word' id='word_1_252' title='bbox 830 3296 1004 3344; x_wconf 87' lang='lat' dir='ltr'>Eadem</span> <span class='ocrx_word' id='word_1_253' title='bbox 1022 3298 1184 3360; x_wconf 84' lang='lat' dir='ltr'>repetit</span> <span class='ocrx_word' id='word_1_254' title='bbox 1201 3313 1250 3344; x_wconf 88' lang='lat' dir='ltr'>n.</span> <span class='ocrx_word' id='word_1_255' title='bbox 1269 3296 1297 3344; x_wconf 85' lang='lat'>3</span> <span class='ocrx_word' id='word_1_256' title='bbox 1314 3312 1330 3358; x_wconf 71' lang='grc' dir='ltr'><strong>ς</strong></span> 
     </span>
     <span class='ocr_line' id='line_1_36' title="bbox 310 3377 1336 3444; baseline 0.002 -18"><span class='ocrx_word' id='word_1_257' title='bbox 310 3387 356 3426; x_wconf 82' lang='lat' dir='ltr'>et</span> <span class='ocrx_word' id='word_1_258' title='bbox 382 3395 486 3443; x_wconf 87' lang='lat' dir='ltr'>cap.</span> <span class='ocrx_word' id='word_1_259' title='bbox 521 3377 615 3444; x_wconf 78' lang='lat'>183</span> <span class='ocrx_word' id='word_1_260' title='bbox 647 3380 861 3430; x_wconf 85' lang='lat' dir='ltr'>refellens</span> <span class='ocrx_word' id='word_1_261' title='bbox 880 3380 1103 3430; x_wconf 82' lang='lat' dir='ltr'>Suavium</span> <span class='ocrx_word' id='word_1_262' title='bbox 1121 3397 1201 3428; x_wconf 85' lang='lat' dir='ltr'>seu</span> <span class='ocrx_word' id='word_1_263' title='bbox 1216 3378 1336 3428; x_wconf 87' lang='lat' dir='ltr'>Pau-</span> 
     </span>
    </p>
   </div>
   <div class='ocr_carea' id='block_1_5' title="bbox 1408 2217 2444 3259">
    <p class='ocr_par' dir='ltr' id='par_1_12' title="bbox 1408 2217 2444 3259">
     <span class='ocr_line' id='line_1_37' title="bbox 1417 2217 2440 2286; baseline 0.002 -20"><span class='ocrx_word' id='word_1_264' title='bbox 1417 2217 1515 2267; x_wconf 90' lang='lat' dir='ltr'>lum</span> <span class='ocrx_word' id='word_1_265' title='bbox 1551 2218 1766 2284; x_wconf 83' lang='lat' dir='ltr'>Sarpium</span> <span class='ocrx_word' id='word_1_266' title='bbox 1789 2256 1802 2277; x_wconf 93' lang='lat'>‚</span> <span class='ocrx_word' id='word_1_267' title='bbox 1845 2237 1894 2267; x_wconf 87' lang='lat' dir='ltr'>n.</span> <span class='ocrx_word' id='word_1_268' title='bbox 1931 2235 1985 2286; x_wconf 72' lang='lat'>7,</span> <span class='ocrx_word' id='word_1_269' title='bbox 2025 2222 2193 2268; x_wconf 86' lang='lat' dir='ltr'>iterum</span> <span class='ocrx_word' id='word_1_270' title='bbox 2231 2218 2392 2268; x_wconf 82' lang='lat' dir='ltr'>scribit</span> <span class='ocrx_word' id='word_1_271' title='bbox 2422 2235 2440 2268; x_wconf 75' lang='grc' dir='ltr'><strong><em>ε</em></strong></span> 
     </span>
     <span class='ocr_line' id='line_1_38' title="bbox 1418 2301 2442 2366; baseline 0.001 -17"><span class='ocrx_word' id='word_1_272' title='bbox 1418 2301 1533 2349; x_wconf 81' lang='lat' dir='ltr'>Due</span> <span class='ocrx_word' id='word_1_273' title='bbox 1562 2318 1665 2350; x_wconf 74' lang='lat' dir='ltr'>cose</span> <span class='ocrx_word' id='word_1_274' title='bbox 1695 2304 1843 2350; x_wconf 76' lang='lat' dir='ltr'>imese</span> <span class='ocrx_word' id='word_1_275' title='bbox 1870 2302 1922 2348; x_wconf 78' lang='lat' dir='ltr'>di</span> <span class='ocrx_word' id='word_1_276' title='bbox 1948 2302 2032 2366; x_wconf 83' lang='lat' dir='ltr'>far</span> <span class='ocrx_word' id='word_1_277' title='bbox 2056 2301 2096 2349; x_wconf 83' lang='lat' dir='ltr'>il</span> <span class='ocrx_word' id='word_1_278' title='bbox 2119 2301 2335 2350; x_wconf 80' lang='lat' dir='ltr'>Concilio</span> <span class='ocrx_word' id='word_1_279' title='bbox 2352 2318 2442 2350; x_wconf 77' lang='lat' dir='ltr'>con</span> 
     </span>
     <span class='ocr_line' id='line_1_39' title="bbox 1415 2383 2444 2448; baseline 0 -18"><span class='ocrx_word' id='word_1_280' title='bbox 1415 2384 1523 2448; x_wconf 76' lang='lat' dir='ltr'>quel</span> <span class='ocrx_word' id='word_1_281' title='bbox 1553 2383 1752 2434; x_wconf 79' lang='lat' dir='ltr'>decreto.</span> <span class='ocrx_word' id='word_1_282' title='bbox 1787 2383 1971 2443; x_wconf 83' lang='lat' dir='ltr'>L’wna,</span> <span class='ocrx_word' id='word_1_283' title='bbox 2008 2383 2319 2443; x_wconf 80' lang='lat' dir='ltr'>dichiarare,</span> <span class='ocrx_word' id='word_1_284' title='bbox 2358 2383 2444 2432; x_wconf 78' lang='lat' dir='ltr'>che</span> 
     </span>
     <span class='ocr_line' id='line_1_40' title="bbox 1417 2465 2438 2531; baseline 0 -19"><span class='ocrx_word' id='word_1_285' title='bbox 1417 2467 1439 2512; x_wconf 82' lang='lat' dir='ltr'>i</span> <span class='ocrx_word' id='word_1_286' title='bbox 1458 2465 1763 2531; x_wconf 65' lang='lat' dir='ltr'>fondamento?</span> <span class='ocrx_word' id='word_1_287' title='bbox 1799 2466 1919 2514; x_wconf 88' lang='lat' dir='ltr'>della</span> <span class='ocrx_word' id='word_1_288' title='bbox 1949 2466 2056 2530; x_wconf 65' lang='lat' dir='ltr'>slede</span> <span class='ocrx_word' id='word_1_289' title='bbox 2086 2465 2306 2514; x_wconf 76' lang='lat' dir='ltr'>cattolica</span> <span class='ocrx_word' id='word_1_290' title='bbox 2336 2482 2438 2513; x_wconf 79' lang='lat' dir='ltr'>non</span> 
     </span>
     <span class='ocr_line' id='line_1_41' title="bbox 1408 2547 2436 2613; baseline 0 -19"><span class='ocrx_word' id='word_1_291' title='bbox 1408 2564 1511 2613; x_wconf 79' lang='lat' dir='ltr'>par</span> <span class='ocrx_word' id='word_1_292' title='bbox 1543 2564 1688 2595; x_wconf 82' lang='lat' dir='ltr'>erano</span> <span class='ocrx_word' id='word_1_293' title='bbox 1712 2547 1753 2595; x_wconf 91' lang='lat' dir='ltr'>le</span> <span class='ocrx_word' id='word_1_294' title='bbox 1787 2548 2022 2596; x_wconf 80' lang='lat' dir='ltr'>Scrittare</span> <span class='ocrx_word' id='word_1_295' title='bbox 2042 2582 2057 2607; x_wconf 92' lang='lat'>,</span> <span class='ocrx_word' id='word_1_296' title='bbox 2087 2564 2215 2595; x_wconf 87' lang='lat' dir='ltr'>come</span> <span class='ocrx_word' id='word_1_297' title='bbox 2244 2547 2436 2595; x_wconf 68' lang='lat' dir='ltr'>iomovi</span> 
     </span>
     <span class='ocr_line' id='line_1_42' title="bbox 1417 2628 2437 2697; baseline 0 -20"><span class='ocrx_word' id='word_1_298' title='bbox 1417 2631 1585 2678; x_wconf 79' lang='lat' dir='ltr'>eretici</span> <span class='ocrx_word' id='word_1_299' title='bbox 1607 2630 1978 2697; x_wconf 80' lang='lat' dir='ltr'>perfidiavano;</span> <span class='ocrx_word' id='word_1_300' title='bbox 2002 2647 2082 2678; x_wconf 85' lang='lat' dir='ltr'>ma</span> <span class='ocrx_word' id='word_1_301' title='bbox 2105 2646 2204 2677; x_wconf 78' lang='lat' dir='ltr'>non</span> <span class='ocrx_word' id='word_1_302' title='bbox 2234 2645 2368 2677; x_wconf 80' lang='lat' dir='ltr'>meno</span> <span class='ocrx_word' id='word_1_303' title='bbox 2396 2628 2437 2677; x_wconf 82' lang='lat' dir='ltr'>le</span> 
     </span>
     <span class='ocr_line' id='line_1_43' title="bbox 1427 2710 2439 2777; baseline -0.001 -18"><span class='ocrx_word' id='word_1_304' title='bbox 1427 2712 1747 2771; x_wconf 79' lang='lat' dir='ltr'>Tradiziom&#39;,</span> <span class='ocrx_word' id='word_1_305' title='bbox 1784 2711 1905 2760; x_wconf 83' lang='lat' dir='ltr'>dalle</span> <span class='ocrx_word' id='word_1_306' title='bbox 1921 2711 2058 2777; x_wconf 70' lang='lat' dir='ltr'>quali</span> <span class='ocrx_word' id='word_1_307' title='bbox 2073 2711 2124 2759; x_wconf 89' lang='lat' dir='ltr'>al</span> <span class='ocrx_word' id='word_1_308' title='bbox 2140 2712 2216 2775; x_wconf 81' lang='lat' dir='ltr'>fin</span> <span class='ocrx_word' id='word_1_309' title='bbox 2235 2710 2439 2777; x_wconf 80' lang='lat' dir='ltr'>dipende</span> 
     </span>
     <span class='ocr_line' id='line_1_44' title="bbox 1419 2793 2434 2862; baseline -0.004 -18"><span class='ocrx_word' id='word_1_310' title='bbox 1419 2803 1600 2862; x_wconf 78' lang='lat' dir='ltr'>quanto</span> <span class='ocrx_word' id='word_1_311' title='bbox 1635 2795 1856 2844; x_wconf 79' lang='lat' dir='ltr'>abbiamo</span> <span class='ocrx_word' id='word_1_312' title='bbox 1888 2795 1942 2842; x_wconf 77' lang='lat' dir='ltr'>di</span> <span class='ocrx_word' id='word_1_313' title='bbox 1974 2804 2096 2842; x_wconf 81' lang='lat' dir='ltr'>certo</span> <span class='ocrx_word' id='word_1_314' title='bbox 2130 2811 2270 2860; x_wconf 77' lang='lat' dir='ltr'>sopra</span> <span class='ocrx_word' id='word_1_315' title='bbox 2301 2793 2349 2841; x_wconf 85' lang='lat' dir='ltr'>la</span> <span class='ocrx_word' id='word_1_316' title='bbox 2369 2793 2434 2840; x_wconf 83' lang='lat' dir='ltr'>le-</span> 
     </span>
     <span class='ocr_line' id='line_1_45' title="bbox 1417 2875 2436 2943; baseline 0.001 -20"><span class='ocrx_word' id='word_1_317' title='bbox 1417 2878 1651 2943; x_wconf 76' lang='lat' dir='ltr'>9itcimita</span> <span class='ocrx_word' id='word_1_318' title='bbox 1702 2877 1820 2925; x_wconf 78' lang='lat' dir='ltr'>delle</span> <span class='ocrx_word' id='word_1_319' title='bbox 1868 2875 2110 2925; x_wconf 76' lang='lat' dir='ltr'>Seritcare</span> <span class='ocrx_word' id='word_1_320' title='bbox 2163 2876 2436 2924; x_wconf 71' lang='lat' dir='ltr'>vnedeeime.</span> 
     </span>
     <span class='ocr_line' id='line_1_46' title="bbox 1423 2960 2438 3009; baseline -0.004 0"><span class='ocrx_word' id='word_1_321' title='bbox 1423 2960 1575 3009; x_wconf 86' lang='lat' dir='ltr'>Habes</span> <span class='ocrx_word' id='word_1_322' title='bbox 1609 2961 1667 3008; x_wconf 83' lang='lat' dir='ltr'>ad</span> <span class='ocrx_word' id='word_1_323' title='bbox 1703 2962 1876 3009; x_wconf 85' lang='lat' dir='ltr'>calcem</span> <span class='ocrx_word' id='word_1_324' title='bbox 1905 2960 2153 3009; x_wconf 83' lang='lat' dir='ltr'>voluminis</span> <span class='ocrx_word' id='word_1_325' title='bbox 2181 2961 2438 3007; x_wconf 84' lang='lat' dir='ltr'>versionem</span> 
     </span>
     <span class='ocr_line' id='line_1_47' title="bbox 1419 3041 2442 3105; baseline -0.004 -12"><span class='ocrx_word' id='word_1_326' title='bbox 1419 3044 1617 3093; x_wconf 83' lang='lat' dir='ltr'>latinam</span> <span class='ocrx_word' id='word_1_327' title='bbox 1652 3043 1818 3091; x_wconf 88' lang='lat' dir='ltr'>horum</span> <span class='ocrx_word' id='word_1_328' title='bbox 1858 3044 2087 3092; x_wconf 88' lang='lat' dir='ltr'>locorum.</span> <span class='ocrx_word' id='word_1_329' title='bbox 2120 3041 2256 3089; x_wconf 89' lang='lat' dir='ltr'>Nunc</span> <span class='ocrx_word' id='word_1_330' title='bbox 2289 3050 2442 3105; x_wconf 80' lang='lat' dir='ltr'>surgat</span> 
     </span>
     <span class='ocr_line' id='line_1_48' title="bbox 1422 3122 2443 3189; baseline -0.006 -13"><span class='ocrx_word' id='word_1_331' title='bbox 1422 3126 1628 3186; x_wconf 88' lang='lat' dir='ltr'>Palmer‚</span> <span class='ocrx_word' id='word_1_332' title='bbox 1659 3135 1705 3174; x_wconf 89' lang='lat' dir='ltr'>et</span> <span class='ocrx_word' id='word_1_333' title='bbox 1730 3143 1811 3173; x_wconf 86' lang='lat' dir='ltr'>nos</span> <span class='ocrx_word' id='word_1_334' title='bbox 1841 3126 2025 3183; x_wconf 84' lang='lat' dir='ltr'>doceat,</span> <span class='ocrx_word' id='word_1_335' title='bbox 2055 3123 2168 3189; x_wconf 89' lang='lat' dir='ltr'>quid</span> <span class='ocrx_word' id='word_1_336' title='bbox 2195 3122 2443 3171; x_wconf 86' lang='lat' dir='ltr'>intenderit</span> 
     </span>
     <span class='ocr_line' id='line_1_49' title="bbox 1423 3206 2179 3259; baseline -0.008 0"><span class='ocrx_word' id='word_1_337' title='bbox 1423 3210 1753 3259; x_wconf 81' lang='lat' dir='ltr'>Tridentinum</span> <span class='ocrx_word' id='word_1_338' title='bbox 1784 3210 1834 3255; x_wconf 89' lang='lat' dir='ltr'>in</span> <span class='ocrx_word' id='word_1_339' title='bbox 1861 3225 1944 3255; x_wconf 87' lang='lat' dir='ltr'>suo</span> <span class='ocrx_word' id='word_1_340' title='bbox 1972 3206 2179 3254; x_wconf 85' lang='lat' dir='ltr'>decreto.</span> 
     </span>
    </p>
   </div>
   <div class='ocr_carea' id='block_1_6' title="bbox 1422 3287 2440 3443">
    <p class='ocr_par' dir='ltr' id='par_1_13' title="bbox 1422 3287 2440 3443">
     <span class='ocr_line' id='line_1_50' title="bbox 1491 3287 2440 3356; baseline -0.006 -16"><span class='ocrx_word' id='word_1_341' title='bbox 1491 3292 1559 3356; x_wconf 79' lang='lat'>(2)</span> <span class='ocrx_word' id='word_1_342' title='bbox 1598 3290 1697 3339; x_wconf 86' lang='lat' dir='ltr'>Csr.</span> <span class='ocrx_word' id='word_1_343' title='bbox 1725 3289 1862 3338; x_wconf 85' lang='lat' dir='ltr'>Card.</span> <span class='ocrx_word' id='word_1_344' title='bbox 1899 3289 1974 3337; x_wconf 90' lang='lat' dir='ltr'>Du</span> <span class='ocrx_word' id='word_1_345' title='bbox 2005 3288 2177 3336; x_wconf 87' lang='lat' dir='ltr'>Perron</span> <span class='ocrx_word' id='word_1_346' title='bbox 2199 3322 2213 3345; x_wconf 87' lang='lat'><strong>‚</strong></span> <span class='ocrx_word' id='word_1_347' title='bbox 2251 3304 2329 3352; x_wconf 92' lang='lat' dir='ltr'>op.</span> <span class='ocrx_word' id='word_1_348' title='bbox 2359 3287 2440 3334; x_wconf 80' lang='lat' dir='ltr'>cit.</span> 
     </span>
     <span class='ocr_line' id='line_1_51' title="bbox 1422 3369 2304 3443; baseline -0.01 -16"><span class='ocrx_word' id='word_1_349' title='bbox 1422 3375 1659 3443; x_wconf 70' lang='lat' dir='ltr'>Replique</span> <span class='ocrx_word' id='word_1_350' title='bbox 1675 3410 1692 3439; x_wconf 86' lang='lat'>,</span> <span class='ocrx_word' id='word_1_351' title='bbox 1727 3385 1813 3423; x_wconf 84' lang='lat' dir='ltr'>etc.</span> <span class='ocrx_word' id='word_1_352' title='bbox 1849 3391 1954 3438; x_wconf 85' lang='lat' dir='ltr'>pag.</span> <span class='ocrx_word' id='word_1_353' title='bbox 1980 3369 2080 3439; x_wconf 77' lang='lat'>576</span> <span class='ocrx_word' id='word_1_354' title='bbox 2105 3382 2150 3420; x_wconf 86' lang='lat' dir='ltr'>et</span> <span class='ocrx_word' id='word_1_355' title='bbox 2174 3388 2304 3437; x_wconf 82' lang='lat' dir='ltr'>seqq.</span> 
     </span>
    </p>
   </div>
  </div>
 </body>
</html>
