2502 4134
521 186 681 225 mur.
728 185 794 221 11.
845 183 972 220 cu».
1020 181 1060 219 1.
1107 181 1175 218 nn
1218 178 1376 216 saca.
1423 178 1564 217 unu.
1612 179 1745 217 cm.
1795 179 1860 217 m·
1904 177 2141 220 accron.
2279 160 2354 217 15

218 343 381 391 tuere
415 350 621 392 verum
662 325 1094 408 Scripturarum
1133 342 1437 383 canonem.
1470 322 1600 381 Ista
1631 343 1820 402 qaam
1844 324 2002 402 felia·
2035 323 2349 394 Ecclesia,

217 426 411 507 inquit
436 422 824 484 Tertullianus
843 466 858 494 ,
894 423 1000 479 cui
1026 430 1207 479 totam
1235 419 1576 477 doctrinam
1599 418 1870 495 Apostoli
1887 440 2027 477 cum
2057 421 2355 499 sanquine

217 543 324 581 suc
351 521 769 601 profuderunt
782 543 808 591 ,-
845 538 976 598 quae
1022 526 1372 598 propterea,
1412 525 1480 572 ut
1519 512 1743 572 ibidem
1786 512 2020 587 subdit,
2061 513 2270 594 Lcyem
2300 523 2357 572 ct

216 618 547 695 Prophetas
584 636 724 674 cum
759 614 1112 693 cvanyelz'cz's
1144 622 1198 669 ct
1232 611 1563 689 apostolicis
1605 610 1822 666 litteras
1862 612 2092 679 miscet,
2127 620 2182 669 ct
2213 610 2354 668 inde

210 722 383 794 potat
406 712 588 790 fidem
638 710 764 789 (1);
814 720 872 767 et
910 707 984 767 ad
1030 728 1207 789 quam
1246 705 1451 787 quovis
1503 715 1770 784 tempore
1811 702 2071 762 Ecclesiae
2114 703 2354 785 reliquae

220 828 422 866 omnes
445 806 507 864 in
539 806 680 864 orbe
711 804 1040 863 constitutae
1070 801 1491 881 confugerunt,
1526 810 1593 857 ut
1630 797 1806 857 dubia
1837 819 1939 856 sua
1976 810 2350 875 excuterent,

219 923 349 961 cum
387 925 532 983 opus
564 911 746 973 esset,
780 901 927 958 circa
962 898 1396 979 Scripturarum
1431 917 1749 970 canonem,
1779 894 1879 976 qui
1917 893 2169 977 proinde
2195 918 2351 979 prae-

218 997 403 1058 valuit
436 998 498 1054 in
529 994 774 1054 Ecclesia
809 994 1082 1051 universa
1120 992 1230 1070 (2).

298 1092 397 1152 24.
447 1091 551 1150 Ad.
590 1092 701 1162 2¹¹²,
733 1087 882 1166 Ncq.
919 1086 1188 1157 Etenim,
1238 1085 1508 1165 quamvis
1547 1085 1846 1163 Eugenius'
1879 1086 1953 1144 IV
1992 1096 2161 1146 extra
2195 1086 2354 1145 Con-

219 1188 414 1247 cilium
443 1184 845 1243 Florentinum
887 1180 1190 1240 decretum
1226 1179 1375 1247 illud
1417 1179 1704 1253 ediderit,
1744 1182 2017 1263 exposuit
2052 1192 2252 1242 tamen
2290 1184 2353 1243 in

219 1279 323 1338 illo
355 1299 641 1337 canonem
674 1275 933 1335 Ecclesiae
971 1277 1283 1350 Romanae,
1320 1276 1649 1358 praesertim
1685 1296 1819 1334 cum
1854 1275 2156 1337 decretum
2182 1300 2353 1337 suum

216 1375 278 1433 in
318 1373 548 1455 publica
590 1373 879 1446 sessione,
917 1394 1095 1453 quam
1132 1370 1342 1430 habuit
1376 1372 1438 1430 in
1475 1371 1721 1431 Ecclesia
1762 1374 2172 1448 Lateranensi,
2205 1395 2347 1433 con-

218 1470 421 1530 fecerit
459 1469 567 1549 (3).
604 1469 878 1528 Ceterum
901 1513 918 1541 ,
960 1488 1093 1526 cum
1129 1467 1314 1526 Graeci
1344 1467 1623 1526 eumdem
1651 1488 1940 1527 canonem
1968 1467 2349 1543 admiserint,

215 1565 363 1624 nihil
407 1564 638 1623 illorum
688 1563 948 1624 absentia
1002 1563 1330 1622 auctoritati
1382 1562 1620 1622 canonis
1672 1561 1746 1621 ab
1800 1564 2058 1643 Eugenio
2106 1564 2353 1624 exhibiti

217 1661 470 1720 detraxit
505 1659 612 1742 (4).

295 1757 397 1815 25.
447 1758 532 1816 Ne
583 1778 736 1815 unus
785 1754 1024 1839 quidem
1075 1755 1410 1815 criticorum
1466 1767 1732 1837 superest
1762 1802 1777 1831 ,
1828 1756 1926 1839 qui
1983 1756 2046 1815 in
2105 1755 2353 1817 dubium

213 1863 448 1913 revocet
482 1860 770 1931 γνησιότητα
810 1874 913 1913 seu
969 1852 1395 1932 genuinitatem
1457 1850 1717 1933 epistolae
1775 1854 1832 1911 S.
1896 1853 2223 1912 Innocentii
2275 1852 2352 1912 ad

216 1948 561 2007 Decentium
607 1948 721 2028 (5),
770 1947 843 2007 de
891 1970 1004 2030 qua
1049 1949 1264 2007 iterum
1308 1947 1484 2030 paulo
1532 1959 1665 2029 post
1708 1947 2077 2008 disseremuS.

296 2043 397 2101 26.
447 2042 562 2102 Sed
596 2064 787 2125 neque
822 2043 1015 2102 dubiae
1053 2043 1189 2103 fidei
1229 2054 1317 2102 est
1356 2064 1568 2102 canon.
1609 2044 1810 2103 XLVII
1851 2044 2028 2102 Conc.
2082 2044 2162 2102 III
2206 2044 2352 2103 Car-

217 2138 624 2219 thaginiensis3
671 2163 794 2199 non
834 2141 995 2200 enim
1043 2142 1219 2200 Conc.
1258 2141 1377 2206 ΙΙΙ..
1417 2140 1518 2199 sed
1562 2141 1634 2199 VI
1674 2139 2151 2220 Carthaginiense
2199 2140 2350 2200 illud

218 2242 341 2307 est,
379 2236 438 2291 in
484 2257 599 2317 quo
643 2235 744 2294 illa
779 2246 1025 2317 apparet
1061 2235 1410 2317 subscriptio
1434 2281 1450 2312 ,
1487 2259 1599 2318 qua
1637 2237 1899 2319 petitur,
1942 2248 2009 2296 ut
2051 2236 2127 2296 ad
2171 2237 2351 2296 Boni-

217 2327 428 2386 facium
466 2341 590 2388 acta
627 2330 726 2388 illa
770 2333 1086 2390 mittantur
1133 2354 1266 2390 cum
1312 2331 1631 2391 canonibus
1670 2333 2105 2414 praeteritorum
2140 2332 2349 2391 Conci·
2398 2395 2402 2400 ,

215 2421 425 2482 liorum
469 2425 1054 2506 Carthaginiensium.
1097 2426 1421 2503 Concilium
1456 2449 1633 2508 porro
1673 2426 1945 2506 Carthag.
1986 2428 2055 2485 VI
2082 2427 2349 2487 celebra—

216 2527 346 2575 tum
369 2518 556 2598 reipsa
581 2530 668 2577 est
691 2541 787 2578 an.
818 2520 935 2579 419
960 2519 1069 2578 sub
1095 2520 1373 2579 Bonifacii
1397 2521 1739 2603 pontificatu
1764 2521 1878 2600 (6)
1911 2524 2072 2582 Inter
2097 2544 2348 2583 canones

216 2633 356 2672 vero
380 2612 771 2672 Conciliorum
794 2625 1196 2674 anteactorum
1218 2661 1234 2689 ,
1263 2617 1365 2697 qui
1390 2615 1733 2676 solemniter
1764 2615 1837 2675 ab
1861 2617 1971 2676 hoc
1994 2618 2250 2678 Concilio
2273 2621 2345 2679 VI

218 2707 680 2787 Carthaginiensi
730 2710 1059 2768 confirmati
1107 2721 1282 2785 sunt,
1332 2711 1622 2793 reperitur
1673 2733 1802 2770 can.
1853 2713 2058 2772 XLVII
2103 2714 2343 2774 Concilii

219 2802 488 2883 Carthag.
531 2805 609 2862 III
634 2849 649 2879 .,
689 2804 966 2864 celebrati
1002 2827 1098 2864 an.
1139 2804 1278 2865 397.

289 2965 352 3029 (l)
393 2965 473 3014 Dc
491 2969 766 3033 praescript.
803 2967 966 3020 haeret.
997 2987 1102 3036 cap.
1135 2967 1231 3030 36,
1320 2971 1719 3030 adversariorum,
1760 2983 1805 3022 et
1850 2990 1906 3022 ex
1951 2973 2160 3023 dicendis
2199 2977 2346 3039 magis

216 3047 329 3096 edit.
341 3048 550 3113 Rigaltii.
1320 3055 1524 3118 patefiet.

289 3129 354 3193 (2)
393 3129 490 3179 Cfr.
531 3128 580 3180 S.
624 3131 821 3198 August.
861 3133 946 3182 lib.
988 3151 1054 3196 n,
1093 3133 1234 3185 Cont.
1390 3138 1457 3202 (5)
1494 3138 1593 3188 cfr.
1632 3138 1884 3199 Constant,
1922 3143 1973 3189 in
2018 3141 2241 3191 adnotatt.
2283 3144 2342 3193 ad

220 3209 408 3261 advers.
436 3212 551 3276 leqis
569 3220 614 3260 el
627 3212 849 3279 prophet.
868 3232 972 3279 cap.
992 3214 1052 3279 4,
1071 3234 1122 3265 n.
1147 3217 1235 3277 13;
1320 3219 1444 3268 hanc
1471 3221 1730 3285 epistolam.

223 3303 266 3339 et
299 3296 348 3340 in
386 3294 471 3342 lib.
509 3294 647 3343 Com.
682 3298 822 3361 epist.
861 3295 916 3344 F
917 3297 1236 3359 undamenti,
1389 3302 1453 3367 (6)
1492 3303 1637 3354 Conc.
1672 3305 1890 3371 Carthag.
1924 3324 1996 3367 vt,
2032 3319 2100 3357 est
2124 3326 2238 3357 xvm
2263 3327 2341 3358 ce-

226 3388 326 3438 cap.
357 3372 391 3437 4
417 3386 460 3423 et
490 3376 546 3440 55
571 3394 656 3425 nec
684 3395 781 3425 non
800 3377 878 3426 De
901 3379 1049 3430 doctr.
1071 3379 1239 3431 christ.
1319 3383 1549 3433 lebratum
1583 3386 1669 3435 sub
1702 3386 1888 3436 Aurelio
1924 3406 1997 3437 an.
2030 3387 2133 3457 4¹9
2153 3427 2167 3451 ‚
2203 3401 2247 3439 et
2281 3392 2341 3440 ad

227 3451 310 3501 lib.
340 3468 407 3515 ιι,
442 3474 546 3521 cap.
581 3455 644 3517 8,
678 3476 727 3506 n.
770 3475 848 3508 12.
928 3482 961 3497 ·‘
1321 3465 1479 3531 ipsum
1504 3479 1676 3532 spectat
1699 3470 1930 3530 clausula,
1962 3471 2020 3519 de
2050 3490 2142 3538 qua
2161 3475 2336 3536 agitur,

299 3534 362 3597 (3)
377 3536 474 3588 cfr.
491 3539 854 3592 Harduin.Acta
869 3541 1017 3592 Conc.
1037 3554 1149 3593 tom.
1166 3561 1239 3605 lx,
1322 3553 1389 3598 uti
1408 3550 1646 3600 adnotavit
1661 3552 1934 3602 Harduinus
1947 3592 1961 3614 ,
1980 3565 2016 3604 t.
2038 3568 2081 3614 1,
2101 3555 2194 3604 col.
2209 3552 2310 3622 968
2323 3593 2338 3617 ,

230 3617 321 3666 col.
361 3633 511 3670 1021.
1325 3632 1385 3680 ad
1418 3650 1523 3682 can.
1553 3651 1671 3683 xtvn
1697 3633 1895 3684 Concilii
1923 3635 2139 3702 Carthag.
2169 3654 2236 3685 ιιι.

302 3699 366 3765 (k)
387 3699 440 3749 ld
458 3714 636 3754 constat
656 3723 711 3756 ex
730 3708 1016 3759 consessione
1032 3711 1237 3776 ipsorum
