2502 4134
277 62 396 123 456

887 86 956 123 ΤΒ
963 85 1092 125 Ac'r.
1134 87 1206 124 DE
1249 86 1399 125 Locis

1443 88 1818 129 rnuommcls.

279 229 357 290 de
376 227 946 308 objecte‘vitatereali
966 227 1335 290 conscientias
1355 249 1423 288 ac
1446 227 1521 290 de
1544 233 1864 312 principio
1886 254 2087 294 eausoe
2121 232 2420 317 probavit,

241 330 247 340 ’
280 326 342 385 in
382 325 515 405 Eyo
560 344 721 382 mere
753 322 1210 403 phoenomene'eo
1257 322 1559 385 fundatur.
1593 325 1664 384 Et
1695 328 1991 408 quomodo
2025 331 2154 412 Eyo
2176 333 2424 410 phoeno-

279 423 590 479 monicum
635 429 833 499 potest
875 417 953 478 ad
991 417 1356 502 quidquam,

282 537 403 577 non
418 559 440 586 ,
462 519 598 593 jure
625 513 973 576 concludere
996 514 1139 598 (l)‘?

1401 419 1563 502 quod
1611 441 1735 480 non
1776 421 1852 480 sit
1889 444 2051 484 mere
2079 427 2424 505 phoenome-

367 610 506 671 170.
559 612 654 670 IV.
705 611 1066 694 Principium
1089 618 1331 672 causale
1360 610 1835 686 hermesianum‚
1863 610 1940 673 de
1962 617 2124 693 cujus
2152 619 2426 677 realitate

282 718 487 766 contra
507 707 790 767 Kantium
817 706 1046 768 detecta
1078 708 1337 767 maxime
1365 706 1649 790 gloriatur
1683 709 2020 769 Hermesius
2040 754 2056 785 ,
2075 709 2186 770 sibi
2208 712 2318 794 ipsi
2339 735 2427 773 re—

276 815 524 886 pugnat.
568 804 720 863 Nam
765 805 828 862 10
867 814 957 864 est
997 803 1286 882 judicium
1327 805 1730 891 synthetioum
1769 827 1809 864 a
1841 809 2052 885 priori
2059 831 2086 881 ,·
2133 806 2427 889 siquidem

281 901 595 976 asseritur,
633 921 756 960 esse
788 899 1155 960 functionem
1183 899 1363 983 plane
1395 900 1824 980 synthetioam,
1860 922 1976 983 qua
2025 901 2176 960 ratio
2206 900 2429 983 produ-

284 995 398 1071 cit,
440 1017 506 1055 ac
549 1018 621 1056 ex
659 996 786 1078 ipsa
827 1007 1060 1056 natura
1092 1019 1209 1056 sua
1245 1008 1411 1056 creat
1438 998 1962 1077 fundamentum,
1997 997 2154 1079 quod
2181 998 2306 1081 ipsa
2333 1020 2432 1058 su-

272 1092 573 1171 peraddit
613 1092 740 1152 enti
767 1103 1052 1173 percepto
1081 1097 1415 1152 necessario
1459 1091 1539 1151 ab
1571 1091 1913 1167 intellectu,
1953 1091 2132 1176 idque
2158 1095 2283 1153 sine
2313 1092 2433 1153 ulla

283 1186 498 1268 obJecti
529 1191 902 1269 coquitione;
938 1210 1077 1269 ergo
1122 1187 1538 1271 superadditur
1560 1211 1593 1247 a
1618 1188 1846 1250 ratione
1883 1210 2033 1248 coeco
2054 1191 2254 1258 mode,
2288 1190 2433 1273 quin

280 1295 628 1366 cognoscat7
670 1296 872 1345 utrum
903 1285 1312 1364 praedicatum
1356 1283 1505 1343 illud
1540 1286 1949 1364 fundamenti
1985 1283 2250 1364 subJecto
2288 1308 2435 1347 con-

282 1381 483 1441 veniat
503 1402 715 1440 necne.
746 1382 894 1462 Ergo
915 1382 1239 1460 syntlzetiee
1257 1381 1502 1440 omnino
1529 1392 1590 1440 et
1616 1402 1649 1439 a
1675 1381 1857 1462 priori
1888 1381 2212 1441 Kantiano
2235 1382 2427 1443 modo.

283 1478 353 1535 20
385 1478 484 1537 Est
509 1475 687 1536 simul
722 1477 1011 1556 judicium
1051 1479 1437 1556 analyticum
1466 1499 1506 1535 a
1525 1479 1738 1555 priori
1752 1500 1772 1543 ,·
1796 1476 2090 1558 siquidem
2118 1478 2430 1552 asseritur,

283 1573 576 1633 rationem
622 1571 1018 1656 superaddere
1056 1571 1516 1632 fundamentum
1555 1593 1626 1632 ex
1666 1573 2015 1633 necessitate
2044 1573 2431 1656 eomprehen-

282 1670 475 1729 dendi
486 1716 501 1736 ,
532 1671 823 1749 quomodo
850 1690 944 1727 res
959 1712 980 1740 ,
1023 1673 1285 1749 cogitata
1315 1672 1648 1727 necessario
1685 1679 1759 1726 ut
1783 1670 1966 1728 realis
1993 1670 2073 1728 ab
2097 1671 2397 1730 intellectu
2411 1712 2434 1741 ,

272 1767 588 1847 possibilis
612 1769 709 1824 sit.
740 1766 890 1846 Ergo
916 1764 1068 1824 ratio
1093 1765 1389 1845 cognoscit
1415 1765 1963 1842 impossibilitatem
1981 1768 2239 1844 oppositi
2250 1785 2272 1834 ‚·
2297 1786 2434 1846 ergo

282 1860 483 1938 videt,
536 1859 697 1944 quod
746 1860 1103 1943 principium
1127 1905 1144 1935 .,
1189 1861 1288 1920 nil
1326 1870 1414 1919 est
1459 1862 1592 1918 sine
1630 1859 2081 1939 fundamento,
2129 1871 2438 1923 revocatur

283 2178 569 2235 illusionem,
593 2183 685 2225 etc.
721 2188 826 2237 pag.
857 2168 957 2220 280
978 2207 993 2232 ,
1027 2168 1147 2220 281.
1181 2169 1322 2220 Plura

283 2257 396 2305 inde
431 2265 592 2322 patent
623 2272 637 2304 ε
677 2263 723 2304 1⁰
759 2255 1030 2303 Hermesius
1063 2255 1199 2320 exigit
1234 2252 1319 2302 de-

282 2341 671 2388 monstrationem
689 2355 771 2403 pro
790 2340 891 2403 ipsa
909 2336 1194 2385 immediata
1207 2353 1323 2385 con-

282 2422 511 2470 scientia.
555 2429 608 2468 2⁰
643 2417 935 2469 Illusv'onem
970 2421 1234 2481 existimat,
1267 2435 1322 2467 ex

281 2503 506 2553 realitate
545 2505 817 2571 affectionis
844 2505 990 2552 nostri
1025 2488 1134 2568 E9o
1161 2505 1321 2552 statim

283 2584 570 2636 concludere
615 2586 674 2635 ad
718 2585 894 2634 realem
935 2594 1150 2633 nostram
1187 2587 1320 2634 exis-

284 2674 506 2718 tentiam.
537 2667 593 2717 30
620 2669 818 2718 Nullum
847 2685 1044 2717 sensum
1076 2671 1148 2717 sui
1176 2671 1321 2735 ipsius

283 2756 444 2803 animo
489 2754 785 2803 essentialem
830 2755 1061 2821 agnoscit.
1107 2751 1161 2817 4⁰
1210 2750 1321 2802 Duo

285 2834 341 2884 E
338 2853 400 2901 qo
425 2836 658 2897 admittit,
680 2835 1106 2902 phoenomeuicum
1135 2853 1288 2884 unum
1306 2873 1320 2898 ‚

288 2919 486 2969 alterum
519 2918 860 2969 substantiale.
895 2916 950 2968 5⁰
983 2918 1045 2968 Ut
1065 2919 1146 2967 fiat
1168 2919 1322 2986 legiti-

284 3018 392 3049 mus
424 3017 479 3050 ex
519 3004 671 3067 primo
715 3001 775 3050 ad
814 3002 1016 3051 alterum
1061 3004 1281 3050 transitus
1305 3038 1320 3063 ,

285 3082 475 3148 longam
520 3102 575 3134 ac
620 3085 872 3150 implexam
919 3086 1321 3135 ratiocinationem

287 3169 526 3231 exposcit,
558 3168 805 3218 deductam
835 3186 890 3217 ex
913 3170 1197 3217 successivis
1206 3185 1322 3233 per-

290 3247 643 3297 mutationibus
668 3252 814 3299 nostri
843 3250 939 3316 Ego
962 3288 974 3311 ‚
1007 3268 1060 3299 ex
1093 3252 1323 3316 principio

285 3330 603 3391 substantioe,
639 3349 692 3380 ac
723 3351 778 3382 ex
800 3336 1030 3399 principio
1057 3332 1322 3381 causalita-

287 3414 384 3476 tis‚
417 3429 523 3480 quae
549 3411 649 3478 jam
678 3415 861 3464 admitti
891 3416 1065 3465 debent
1092 3419 1161 3465 uti
1189 3419 1321 3482 prin-

289 3498 410 3562 cipia
453 3512 552 3544 non
594 3497 830 3561 formalia
879 3500 960 3548 sed
1010 3486 1165 3549 realia
1215 3507 1323 3550 ante

290 3577 557 3628 realitatem
588 3582 732 3646 ipsius
764 3579 903 3645 qu,
944 3585 1025 3649 qui
1060 3583 1138 3632 illa
1175 3585 1322 3648 perci-

1405 2171 1492 2234 pit.
1524 2167 1674 2218 Istane
1696 2178 1764 2217 est
1783 2164 2082 2234 philosophia
2102 2203 2117 2228 ‚
2146 2183 2246 2234 quae
2278 2167 2442 2233 incipit

1406 2270 1431 2299 a
1463 2249 1719 2309 realitate;
1753 2260 1832 2298 aut
1866 2268 1964 2298 non
1988 2251 2142 2316 potius
2180 2247 2442 2311 (Philoso-

1397 2332 1519 2399 phie
1551 2332 1633 2381 des
1667 2330 1728 2381 V
1721 2331 1968 2381 erstandes
1988 2333 2004 2397 )
2026 2331 2337 2399 philosophia
2356 2330 2443 2382 illa

1404 2415 1637 2464 abstracti
1663 2413 1956 2476 intellectus,
1983 2433 2126 2481 quam
2149 2425 2308 2464 tamen
2325 2414 2443 2464 Her-

1406 2501 1578 2547 mesius
1622 2516 1669 2546 se
1714 2500 1920 2562 primum
1956 2497 2109 2547 valide
2152 2514 2444 2564 oppugnasse

1406 2598 1502 2646 prae
1532 2598 1580 2630 se
1610 2575 1740 2629 fert?

1475 2663 1543 2729 (1)
1583 2663 1777 2713 Videtur
1795 2665 1887 2712 hoe
1903 2663 2186 2713 Baltzerium
2210 2680 2305 2712 non
2323 2661 2438 2710 effu-

1404 2748 1523 2813 gisse
1540 2784 1552 2807 ‚
1585 2747 1623 2795 si
1655 2757 1862 2796 mentem
1883 2749 1982 2814 ejus
2005 2748 2092 2795 rite
2119 2746 2437 2811 assequimur,

1406 2830 1522 2878 dum
1570 2830 1634 2875 ait
1677 2845 1691 2875 ε
1730 2828 1805 2873 Ita
1836 2828 2101 2875 Hermes-ius
2131 2828 2185 2871 iu
2214 2826 2442 2884 coquitio-

1407 2926 1509 2959 uem
1531 2913 1691 2958 venire
1705 2913 1954 2971 potuisset,
1978 2910 2101 2971 quod
2122 2909 2241 2955 illud
2261 2908 2385 2967 E90‚
2408 2921 2440 2954 a

1406 3003 1451 3035 se
1488 2990 1884 3048 proesuppositum
1925 2989 1978 3032 in
2026 2985 2249 3032 interiori
2293 2985 2439 3031 veluti

1408 3066 1559 3110 animi
1578 3066 1748 3122 fundo,
1768 3078 1862 3110 non
1884 3063 2031 3108 solum
2053 3060 2212 3105 debeat
2234 3073 2324 3105 esse
2339 3059 2439 3119 Eyo

1406 3142 1603 3198 formale
1635 3155 1714 3186 seu
1735 3138 2110 3200 Eyo—subjeetum
2125 3172 2139 3191 ‚
2178 3137 2256 3180 sed
2297 3137 2439 3181 etiam

1406 3217 1504 3276 Eyo
1530 3218 1655 3262 reale
1678 3230 1757 3262 seu
1781 3213 2152 3274 Ego-objectum;
2176 3212 2291 3269 quia
2314 3224 2439 3257 secus

1408 3295 1462 3338 iu
1482 3306 1527 3337 se
1548 3306 1642 3338 ‘non
1658 3295 1810 3350 posset
1836 3289 2002 3335 habere
2025 3290 2287 3347 potentiam
2316 3288 2438 3333 dete-

1390 3370 1546 3428 ‚yendi
1559 3369 1914 3425 fundamentum
1932 3366 2125 3423 aliquod
2141 3365 2266 3410 reale
2281 3368 2325 3409 et
2338 3364 2437 3419 for-

1407 3445 1527 3490 male
1540 3479 1553 3501 ,
1574 3444 1627 3488 id
1649 3446 1738 3498 est,
1763 3443 1957 3500 aliquod
1978 3440 2203 3499 Non-qu
2224 3439 2437 3486 substau-

1411 3520 1541 3573 tiale,
1567 3518 1789 3576 objectum
1817 3519 2022 3565 simulet
2043 3517 2319 3575 subjeetum,
2345 3515 2434 3564 loc.

1408 3597 1487 3644 cit.
1521 3612 1626 3659 pag.
1660 3591 1777 3643 236.
