2502 4134
2083 140 2196 200 187

443 173 600 211 PART.
647 170 709 207 11.
755 167 874 207 GAP.
918 167 997 206 lv.
1043 167 1109 202 DE
1148 166 1306 204 SACR·
1355 163 1639 203 SCRIPTUR.
1686 163 1844 203 VERS.

99 316 311 399 quique
347 326 408 374 et
434 313 543 373 alia
570 313 883 371 immutata
909 307 1174 368 consulto
1204 306 1400 366 relicta
1436 326 1558 365 esse
1593 304 1887 364 admonet.
1914 304 2079 361 Patet
2103 302 2200 361 in-

98 433 307 493 super,
351 410 418 468 40
459 408 696 467 nomine
741 409 803 468 V
799 407 1013 485 alyatte
1062 405 1269 461 veteris
1309 412 1363 458 et
1404 404 1737 459 communis
1786 397 2199 485 Bellarminum

100 506 442 586 significasse
472 503 659 585 reipsa
686 499 1196 580 Hieronymianam
1226 495 1551 557 versionem
1576 516 1640 554 ac
1673 494 2066 554 recensionem
2086 538 2102 568 7
2134 503 2202 551 ut

100 610 325 660 constat
357 621 426 658 ex
467 596 742 658 orationis
784 595 963 668 serie,
1005 614 1164 652 secus
1201 611 1266 650 ac
1314 589 1572 648 insinuat
1618 593 1774 672 Hug3
1814 610 2015 649 omnes
2044 589 2202 648 enim

99 706 445 754 correctores
469 705 596 751 tum
642 691 878 750 Sixtinae
905 701 1032 747 tum
1064 686 1431 768 Gregoridanae
1462 685 1917 764 congregationis
1947 685 2203 744 codicem

99 790 398 871 gothicum
440 790 721 848 Boeticum
749 830 764 860 .,
810 804 927 866 prae
955 805 1016 843 se
1050 781 1336 840 ferentem
1366 781 1661 861 puriorem
1687 779 2204 860 Hieronymianum

101 896 328 945 textum
351 930 367 958 ,
408 884 496 943 uti
532 863 989 941 instrumentum
1034 878 1396 959 praecipuum
1433 875 1827 934 adhibuerunt
1854 876 1960 956 (1).
2001 878 2202 950 Patet,

103 980 170 1037 50
208 980 658 1052 Bellarminum.,
695 998 816 1034 non
855 985 921 1032 ut
945 971 1276 1031 consuleret
1303 971 1514 1029 honori
1549 969 1694 1029 sixti
1726 970 1769 1027 V
1791 1015 1806 1044 .,
1849 970 2032 1029 multo
2066 991 2205 1031 vero

104 1075 297 1133 minus
326 1074 632 1156 pontificias
655 1069 1094 1149 infallibilitate·
1102 1112 1119 1134 ,
1142 1065 1229 1122 uti
1253 1064 1524 1122 nonnulli
1549 1068 1941 1124 protestantes
1959 1065 2206 1144 adjicere

103 1168 320 1243 solent,
347 1166 756 1249 permiscentes
774 1183 916 1243 opus
939 1162 1221 1219 criticum
1243 1179 1375 1216 cum
1398 1157 1529 1218 fidei
1544 1159 1882 1218 definitione
1897 1161 1985 1240 (2)
2004 1204 2020 1235 ,
2041 1160 2206 1219 illam

103 1261 497 1344 praefationem
532 1257 874 1329 confecisse,
903 1248 1022 1313 ‚sed
1054 1264 1118 1311 ut
1145 1253 1430 1312 rationem
1475 1253 1750 1319 redderet
1785 1254 1963 1336 ipsius
2002 1255 2207 1314 editio-

102 1356 191 1414 nis
212 1354 324 1433 (3).
356 1357 523 1413 Patet
549 1397 565 1426 ,
593 1353 659 1410 60
687 1362 918 1410 tantum
954 1347 1152 1407 abesse
1174 1391 1189 1421 ,
1230 1359 1295 1406 ut
1326 1347 1447 1408 haec
1470 1349 1733 1430 praefatio
1765 1370 1932 1408 causa
1954 1349 2208 1409 extiterit

101 1597 331 1646 mediocre
369 1597 586 1646 studium
620 1596 889 1645 adhibitum
917 1595 1104 1660 suerit,-

100 1682 156 1728 in
187 1680 276 1728 hac
305 1688 464 1728 tamen
487 1678 765 1745 pervulqata
793 1677 1018 1733 lectione,
1038 1677 1105 1723 si·

100 1770 181 1810 out
212 1761 446 1810 nonnulla
477 1760 685 1810 consulto
718 1761 1002 1820 immutata,
1035 1759 1105 1806 ita

101 1845 246 1892 etiam
265 1842 366 1892 alia
378 1880 395 1906 ,
414 1860 521 1908 quw
539 1842 769 1891 mutanda
794 1841 1104 1901 videbamur,

102 1925 317 1974 consulto
343 1927 598 1973 immutata
622 1923 784 1988 relicto
813 1916 944 1972 sunt.

173 2007 236 2071 (l)
273 2006 343 2057 De
357 2010 524 2073 insigni
542 2005 627 2055 hoc
643 2007 922 2055 documento
938 2041 952 2066 ,
982 2004 1107 2071 quod

100 2087 304 2153 primum
331 2093 455 2158 typis
473 2090 675 2154 vulgavit
690 2089 764 2138 Cl.
782 2087 1104 2145 Blanchinius,

103 2170 189 2219 cfr.
221 2187 322 2234 quae
355 2172 647 2219 doctissimus
681 2171 758 2219 hic
794 2173 863 2219 vir
896 2171 1106 2234 scripsit,

104 2268 194 2299 una
219 2268 327 2298 cum
355 2251 622 2315 praefatione
646 2251 961 2315 Christophori
981 2250 1110 2298 Palo-

104 2348 251 2379 mares
268 2367 282 2391 ,
317 2348 371 2379 ex
394 2349 483 2397 qua
501 2332 671 2391 disces,
691 2331 807 2379 illud
828 2334 1107 2396 exscriptum

103 2429 198 2461 esse
228 2430 282 2460 ex
310 2413 467 2461 codice
491 2412 670 2460 Lucinii
694 2412 863 2461 Boetici
879 2449 892 2472 ,
927 2414 1008 2478 qui
1033 2428 1109 2460 sex

101 2493 159 2541 ad
203 2491 541 2560 Hieronymum
586 2495 790 2542 notarios
831 2481 1011 2542 miserat
1052 2493 1110 2542 ad

102 2575 398 2624 scribendum
412 2612 425 2635 ,
441 2577 667 2642 quidquid
680 2575 992 2643 Hieronymus
1002 2577 1111 2624 hac-

102 2665 235 2705 tenus
265 2659 315 2705 in
349 2654 497 2706 sacras
520 2658 708 2706 Litteras
732 2667 999 2706 exaraverat
1017 2692 1032 2715 ‚
1067 2667 1113 2705 et

103 2738 264 2787 eodem
300 2737 349 2786 S.
389 2739 586 2787 Doctore
632 2739 831 2788 dictante
854 2776 867 2799 ‚
917 2739 1111 2787 fideliter

105 2823 401 2886 scripserunt.
425 2821 579 2870 Habet
609 2822 685 2869 hic
708 2822 848 2870 codex
879 2822 936 2869 ad
959 2825 1113 2870 minus

104 2919 247 2952 annos
274 2919 371 2969 9⁰0
400 2905 684 2969 antiquitatis
702 2914 745 2953 et
762 2906 1014 2969 genuinum
1036 2921 1115 2952 ex-

103 2983 232 3032 hibet
261 2986 476 3033 versionis
511 2985 881 3051 Hieronymianae
911 2994 1110 3033 textum.

105 3059 297 3112 Romam
330 3063 468 3113 Rom.
509 3063 782 3113 Pontificum
825 3082 933 3112 cura
973 3065 1110 3113 adve-

109 3151 206 3191 ctus
221 3180 236 3204 ,
250 3163 303 3194 eo
316 3146 550 3212 deinceps,
570 3157 789 3214 tanquam
808 3150 1114 3196 instrumento

111 3228 333 3290 praecipuo
358 3228 416 3276 ad
451 3246 602 3278 veram
636 3230 880 3279 lectionem
911 3230 1116 3295 Vulgatae

113 3304 431 3356 restituendam
450 3346 466 3370 ,
493 3312 564 3358 usi
595 3320 702 3358 sunt
723 3321 821 3359 tum
845 3322 1115 3361 correctores

115 3380 307 3445 Sixtini,
333 3396 432 3437 tum
463 3389 757 3441 Clementini.
791 3392 1006 3442 Attamen
1037 3396 1114 3442 vix

113 3477 317 3525 uuquam
331 3466 387 3515 de
399 3468 486 3518 hoe
500 3473 655 3522 codice
665 3473 966 3524 protestantes
985 3493 1116 3524 men-

112 3546 284 3593 tionem
304 3547 504 3616 facinnt3
526 3557 639 3604 ratio
659 3567 749 3615 est,
772 3560 882 3623 quia
910 3560 1116 3607 continet

112 3623 292 3675 celebre
320 3644 499 3680 comma
525 3637 542 3680 ι’
566 3634 700 3686 Joan.
730 3656 758 3686 v
778 3673 794 3698 ,
829 3637 878 3704 7'.

1258 1594 1325 1658 (ἃ)
1359 1594 1438 1642 Sic
1464 1595 1700 1643 Michaelis
1718 1632 1732 1655 ‚
1758 1595 1990 1644 fanaticus
2014 1595 2211 1644 admira-

1189 1687 1258 1724 tor
1296 1677 1468 1741 maqni
1507 1677 1698 1726 Lutberi
1721 1714 1734 1737 ,
1778 1681 1858 1744 qni
1892 1696 2085 1743 magnus
2117 1694 2210 1726 non

1187 1760 1274 1807 fuit
1307 1762 1396 1806 nisi
1430 1778 1482 1807 ea
1510 1763 1721 1821 ratione,
1755 1779 1847 1826 qua
1872 1777 2078 1825 maynus
2119 1759 2213 1808 fuit

1189 1840 1325 1888 Arius
1348 1878 1361 1899 ,
1413 1844 1645 1908 ceterique
1695 1842 1997 1891 heresiarchae
2045 1842 2215 1905 maqni

1191 1923 1397 1972 fuerunt.
1442 1922 1659 1971 Ceterum
1698 1923 1975 1983 Michaelis,
2009 1941 2087 1988 op.
2128 1925 2211 1972 eit.

1191 2014 1304 2052 tom.
1335 2021 1405 2067 11,
1444 2015 1552 2053 sect.
1588 2022 1686 2071 29,
1728 2022 1833 2071 pag.
1875 2007 1933 2056 31
1958 2043 1971 2066 ,
2007 2004 2163 2054 scribit
2195 2019 2210 2054 ε

1192 2088 1336 2134 Mais
1350 2122 1365 2147 ,
1404 2088 1504 2150 ofin
1526 2086 1583 2135 de
1603 2098 1835 2154 respector
1857 2087 2215 2154 l'insaillibilite

1191 2167 1258 2215 du
1302 2168 1828 2235 Souverain-Pontise,
1870 2188 1932 2219 on
1974 2169 2216 2236 pretendit

1191 2266 1282 2313 que
1303 2260 1403 2298 tout
1424 2250 1522 2298 cela
1546 2253 1679 2299 avait
1694 2256 1764 2299 ἐίό
1775 2252 1875 2316 fait
1889 2253 1919 2299 ὰ
1937 2269 2077 2300 cause
2092 2249 2214 2298 d’tm

1193 2328 1330 2376 ordre
1354 2329 1509 2376 donne
1533 2347 1630 2395 par
1645 2331 1783 2378 Sixto
1796 2350 1844 2380 v.
1861 2332 1918 2379 Et
1934 2341 2039 2380 ante
2059 2333 2214 2396 ipsum

1195 2408 1374 2457 Hodius
1390 2446 1403 2469 ‚
1422 2428 1499 2474 op.
1520 2414 1599 2459 cit.
1617 2412 1773 2460 liban
1788 2450 1800 2472 ‚
1819 2429 1921 2477 cap.
1949 2409 2035 2476 14,
2054 2430 2107 2461 n.
2128 2427 2213 2475 10,

1196 2500 1247 2538 ut
1271 2491 1464 2540 insultet
1490 2491 1737 2541 Catholicis
1760 2511 1775 2543 t
1798 2493 1876 2543 Ne
1899 2495 2113 2554 nescius,
2141 2496 2215 2542 in-

1196 2578 1299 2638 quit
1321 2610 1334 2632 ‚
1367 2574 1432 2621 sit
1457 2573 1599 2622 lector
1621 2574 1832 2639 diliqem
1850 2612 1866 2637 ,
1898 2575 2037 2641 quale
2061 2576 2216 2640 suerit

1201 2655 1325 2703 illud
1350 2659 1480 2705 inter
1497 2658 1615 2706 duos
1646 2659 1905 2724 Pontifices
1933 2659 2215 2725 infallibiles

1195 2737 1400 2797 bellum,
1434 2749 1515 2788 etc.
1546 2740 1601 2787 Et
1634 2742 1697 2788 ita
1727 2758 1861 2806 porro
1891 2744 2030 2791 ceteri
2065 2743 2217 2790 mino-

1198 2837 1301 2868 rum
1322 2823 1530 2885 gentium
1553 2824 1791 2887 scriptores
1811 2861 1824 2884 ‚
1856 2826 1973 2890 quin
2001 2823 2215 2872 animad-

1197 2906 1438 2965 verterint,
1457 2901 1637 2952 Sixtum
1651 2908 1800 2970 ipsum
1819 2906 2074 2971 professum
2088 2922 2184 2954 esse
2198 2942 2212 2965 ‚

1198 3003 1245 3034 se
1279 2986 1492 3051 evulgare
1530 2986 1720 3036 latinam
1761 2989 2043 3049 editionem,
2069 2995 2219 3054 prout

1198 3069 1372 3134 optime
1409 3069 1522 3133 fieri
1559 3072 1754 3135 potuit,
1801 3071 2091 3121 emendatam
2114 3107 2127 3132 ‚
2164 3086 2217 3118 ac

1198 3152 1389 3214 proinde
1429 3169 1668 3217 nunquam
1712 3151 1797 3201 sibi
1843 3155 1895 3201 in
1933 3154 2090 3202 critico
2126 3152 2217 3200 hoc

1199 3250 1334 3299 opere
1360 3233 1738 3284 infallibilitatem
1764 3235 1997 3286 tribuisse.

1271 3314 1336 3381 (3)
1372 3315 1400 3364 J
1407 3321 1551 3365 uverit
1582 3320 1809 3382 integrum
1838 3328 2013 3368 textum
2045 3320 2096 3366 in
2117 3335 2216 3366 me-

1199 3398 1329 3446 dium
1344 3398 1505 3447 afferre
1518 3398 1657 3448 Card.
1676 3399 1971 3461 Belbrmini,
2002 3418 2056 3449 ex
2081 3417 2214 3448 com-

1199 3480 1469 3529 mentariolo
1495 3483 1600 3529 vitae
1628 3499 1721 3530 suae
1750 3485 1936 3547 privatae
1955 3520 1967 3543 ‚
1993 3481 2118 3548 quod
2142 3483 2215 3549 ip-

1200 3569 1344 3608 semet
1360 3563 1632 3626 conscripsit
1641 3599 1654 3622 ‚
1669 3563 1843 3629 diuque
1854 3563 2215 3626 manuscriptum

1200 3640 1415 3701 delituit,
1442 3642 1590 3692 donec
1615 3644 1814 3710 publicis
1831 3646 1950 3711 typis
1964 3641 2210 3707 vulgatum
