2502 4134
313 87 429 147 416

901 109 1097 146 mac-‘r-
1143 110 1212 146 DB
1257 111 1404 150 Locis
1447 115 1823 155 THEOLOGICIS·

397 254 533 314 127.
583 250 986 312 Pantheismus
1044 253 1331 330 mysticus
1368 252 1644 314 innititur
1681 277 1826 335 vago
1867 271 1926 318 et
1969 259 2273 320 indefinito
2310 262 2428 320 cui-

312 350 450 410 dam
474 347 740 408 interiori
763 346 958 406 sensui
981 346 1443 427 (aemimonto),
1469 370 1582 430 quo
1612 350 1839 410 animus
1859 353 2196 416 immediate
2224 379 2429 439 appre-

310 443 519 505 hendit
540 444 725 504 vitam
745 464 909 501 suam
926 443 1495 513 consubstantiale-m
1522 445 1585 502 in
1601 446 1722 505 Deo
1742 490 1758 519 .,
1784 446 1883 527 qui
1896 489 1922 519 ,
1947 459 2147 531 utpote
2164 452 2428 511 infinitus

312 562 508 614 amor,
541 561 601 598 se
635 538 969 598 manifestat
1002 539 1062 596 in
1090 538 1296 620 spiritu
1334 550 1393 598 et
1415 550 1647 599 natura.
1685 540 1900 602 Idcirco
1918 541 2053 634 „haec
2076 547 2431 627 pantheismi

309 636 528 719 species
553 658 673 695 non
714 636 776 693 in
797 634 1191 716 speculatione
1216 646 1451 694 tantum
1481 635 1876 718 metaphysica
1901 638 2053 697 sistit
2073 684 2088 712 .,
2122 643 2208 700 uti
2233 647 2427 703 ratio-

309 734 668 804 nalistz'ous,
718 729 821 790 sed
870 750 994 789 sese
1052 729 1303 790 effundit
1357 730 1420 789 in
1480 732 1694 790 mentis
1754 732 2220 794 enthusiasmum
2255 750 2430 820 atque

300 831 501 908 jugem
542 827 724 886 animi
775 825 1137 886 activitatem
1183 826 1295 906 (1).
1349 826 1644 904 Ejusmodi
1679 827 2084 910 pantheismus
2129 834 2430 892 constituit

314 923 642 983 doctrinam
672 919 1044 981 essentialem
1070 921 1604 981 sansimonianismi
1624 968 1639 992 „
1666 924 1768 1005 qui
1795 926 1859 983 in
1891 946 1957 983 ea
1981 924 2191 985 fundat
2214 947 2428 988 novam

307 1018 469 1079 illam
516 1010 1083 1078 reconstructz‘onem-
1119 1038 1220 1076 seu
1258 1019 1771 1079 reordinationem
1806 1021 2091 1081 societatis
2122 1021 2429 1098 humanas,

301 1114 588 1197 illumque
624 1112 1268 1173 neo-christianismum
1289 1159 1305 1189 ‚
1337 1115 1430 1172 cui
1452 1114 1670 1196 jugiter
1704 1115 2008 1177 adlaborat
2034 1116 2145 1198 (2).
2182 1119 2264 1176 Ex
2294 1141 2432 1178 san·

307 1210 728 1273 simonianismi
767 1209 901 1268 sinu
952 1208 1061 1267 alia
1104 1208 1362 1291 prodivit
1403 1210 1637 1287 schola,
1692 1210 1766 1270 ad
1812 1211 2252 1293 pantheismum
2282 1214 2425 1273 item

308 1307 641 1381 declinanS,
673 1311 841 1386 juxta
874 1327 1052 1387 quam
1097 1306 1216 1365 vita
1257 1305 1549 1382 hominiS,
1592 1307 1966 1367 constituitur
2006 1309 2081 1367 in⁴
2111 1294 2434 1369 trodite‘ona

307 1408 535 1465 vivente
571 1414 626 1462 et
668 1403 904 1462 actuali
944 1402 1353 1461 humanitatis
1370 1444 1391 1473 ,
1426 1413 1485 1462 et
1520 1402 1582 1460 in
1644 1402 1752 1461 hac
1792 1403 2105 1464 traditione
2146 1394 2431 1464 ‘fundatur

309 1523 589 1582 magnum
629 1520 965 1583 progressus
1010 1510 1070 1558 et
1115 1497 1598 1580 perfectibilitatis
1651 1499 1939 1559 continuae
1968 1500 2177 1581 dogma
2206 1500 2319 1581 (3).

306 1706 410 1756 Cfr.
437 1705 618 1766 Maret,
653 1706 742 1754 loc.
774 1707 854 1754 cit.
886 1720 986 1769 pag.
1021 1702 1086 1768 43
1106 1740 1120 1764 ,
1152 1705 1234 1769 qui
1265 1704 1327 1752 cl.

307 1799 470 1838 auctor
495 1798 712 1853 praeterea
732 1788 1026 1852 persequitur
1047 1785 1112 1833 ibi
1133 1785 1330 1833 theorias

307 1872 547 1921 historicas
567 1908 580 1930 ‚
617 1871 676 1920 ab
715 1871 959 1919 eclectismi
994 1868 1324 1929 sectatoribus,

308 1974 336 2005 a
361 1955 580 2005 Michelet
601 1948 796 2021 aliisque
820 1954 997 2020 gallicis
1027 1953 1329 2019 scriptoribus

309 2038 581 2096 adornatas,
610 2055 665 2085 ac
692 2036 924 2095 ostendit,
965 2054 1038 2084 eas
1069 2053 1230 2085 omnes
1268 2035 1328 2083 ab

308 2120 570 2187 Hegelianis
588 2119 794 2168 fontibus
808 2136 1101 2184 promanasse
1115 2156 1128 2179 ‚
1144 2135 1197 2167 ac
1210 2135 1327 2183 pan-

307 2204 519 2253 theistica
546 2202 650 2251 labe
677 2213 913 2267 corruptas
938 2219 1052 2251 esse.

376 2287 446 2350 (l)
485 2286 585 2335 Hoc
616 2286 908 2351 pantheismo
943 2286 1141 2353 mystico
1169 2284 1328 2333 infecti

306 2371 497 2418 fuerunt
523 2368 676 2418 medio
701 2384 796 2418 aevo
825 2386 918 2417 non
949 2369 1083 2433 pauci
1113 2369 1323 2428 sectarii,

307 2453 375 2501 uti
419 2450 648 2500 Amaurus
693 2450 991 2500 Carnotensis
1011 2488 1024 2509 ,
1072 2449 1222 2499 David
1269 2449 1326 2498 de

275 2533 553 2593 'Dinando,
590 2533 817 2598 Beguardi
837 2570 851 2593 ‚
883 2532 1086 2581 Lollardi
1106 2570 1119 2593 ‚
1162 2532 1325 2581 fratres

307 2634 361 2665 ac
382 2634 556 2664 sorores
573 2618 777 2682 spiritus
802 2614 972 2676 liberi,
1005 2615 1195 2681 aliique.
1223 2615 1322 2664 Cfr.

308 2697 531 2747 Mechler.
547 2697 851 2763 Symbolique
863 2732 879 2760 ‚
898 2707 1009 2746 tom.
1027 2714 1043 2745 1
1058 2732 1072 2757 ,
1091 2715 1192 2763 pag.
1210 2695 1324 2764 2743

307 2799 492 2831 necnon
523 2780 681 2829 seculo
721 2797 832 2839 xm,
870 2779 1149 2844 ZwingliuS‚
1193 2783 1326 2847 cujus

307 2867 357 2914 in
373 2864 497 2912 hanc
512 2881 608 2912 rem
624 2864 756 2928 plura
771 2863 942 2928 profert
962 2862 1327 2913 luculentissima

309 2948 567 2996 testimonia
588 2946 666 2994 hic
694 2946 817 2994 idem
838 2955 997 2994 auctor
1013 2983 1026 3004 ‚
1060 2963 1137 3011 op.
1169 2956 1213 2994 et
1232 2946 1324 2995 loc.

308 3034 385 3079 cit.
413 3031 578 3080 Eidem
607 3031 830 3079 doctrinae
861 3030 1091 3079 adhaerere
1115 3033 1241 3079 visus
1262 3041 1327 3079 est

308 3129 467 3160 recens
479 3111 870 3161 Schleiermacher
882 3150 895 3173 ,
912 3114 1159 3178 praesertim
1175 3116 1212 3160 si
1231 3112 1326 3177 ejus

308 3194 526 3242 doctrinae
542 3212 649 3242 cum
671 3197 728 3242 iis
743 3231 756 3255 ‚
773 3212 874 3260 quae
899 3194 956 3242 de
979 3194 1176 3260 Spinoza
1212 3211 1328 3259 prae-

308 3276 505 3335 dicavit,
532 3287 885 3325 connectantur.
902 3275 1000 3326 Csr.
1019 3275 1197 3326 Saintes
1211 3314 1225 3338 ,
1246 3295 1323 3342 op.

307 3361 387 3409 cit.
430 3358 567 3407 Hist.
617 3361 819 3424 critique
837 3395 853 3420 ‚
910 3369 998 3409 etc.
1051 3377 1155 3425 pag.
1205 3357 1321 3410 362.

308 3438 515 3490 Mochler
532 3479 544 3501 ‚
571 3452 814 3507 postquam
841 3443 1040 3492 ostendit
1064 3443 1323 3492 Lutherum

308 3525 367 3572 ad
399 3539 575 3572 errores
597 3522 921 3573 Gnosticorum
942 3562 954 3585 ‚
977 3524 1250 3590 Zwinglium
1267 3525 1327 3574 ad

308 3604 474 3671 placita
519 3605 887 3671 pantheistarum
935 3606 1186 3656 declinasse
1207 3644 1220 3669 ‚
1272 3624 1326 3656 ac

1410 1704 1605 1770 proinde
1622 1715 1873 1773 systemata
1895 1705 2210 1774 philosophica
2227 1713 2429 1775 gnostica

1410 1791 1458 1835 et
1503 1787 1807 1851 pantheistica
1854 1792 2084 1838 recentius
2122 1792 2298 1856 prolata
2333 1810 2430 1841 non

1409 1884 1508 1917 esse
1536 1870 1625 1917 nisi
1655 1870 1862 1936 sequelas
1885 1874 2161 1922 necessarias
2181 1875 2430 1939 principio·
2481 1902 2491 1912 ·

1409 1968 1514 1999 rum
1536 1991 1550 2012 ,
1584 1970 1683 2018 quae
1713 1954 1772 2002 ab
1800 1954 1891 2002 illis
1919 1955 2295 2004 reformatoribus
2320 1973 2430 2005 con-

1410 2035 1570 2082 stituta
1610 2044 1749 2095 sunt,
1792 2036 2029 2085 concludit
2063 2054 2077 2086 :
2115 2037 2428 2087 Schleierma-

1409 2113 1543 2177 cher,
1563 2115 1743 2181 malqre
1760 2134 1832 2165 ses
1848 2119 2149 2167 nombreuses
2165 2121 2429 2169 deviatione

1408 2196 1466 2245 de
1495 2197 1542 2245 la
1576 2198 1791 2248 doctrine
1823 2200 1882 2248 de
1915 2217 1987 2248 ses
2026 2203 2222 2250 maures
2236 2239 2252 2265 ,
2290 2211 2358 2251 est
2397 2203 2429 2252 ὰ

1408 2289 1543 2328 notre
1560 2284 1668 2330 avis
1691 2281 1733 2330 Ie
1752 2283 1858 2331 seul
1869 2286 1979 2332 vrai
1998 2284 2200 2351 disciple
2221 2286 2301 2334 des
2317 2284 2429 2352 apo-

1409 2371 1501 2412 tres
1526 2363 1584 2412 de
1609 2363 1658 2413 la
1684 2365 1902 2430 reforma.
1929 2367 2051 2417 ibid.
2082 2385 2187 2434 pag.
2217 2366 2337 2418 282.

1478 2446 1547 2512 (2)
1584 2446 1684 2497 Cfr.
1704 2467 1804 2515 quae
1829 2452 2095 2515 scripsimus
2119 2451 2176 2499 de
2190 2448 2428 2500 Sansimo-

1413 2533 1643 2580 nianismo
1661 2569 1675 2596 ,
1706 2536 1756 2581 in
1785 2543 1921 2583 tract.
1949 2534 2028 2582 De
2053 2533 2188 2594 Deo,
2220 2544 2336 2600 part.
2355 2551 2421 2592 ιι,

1407 2631 1511 2680 cap.
1545 2632 1594 2675 1,
1631 2633 1765 2680 prop.
1804 2631 1875 2666 ιη.
1919 2616 2018 2665 Cfr.
2060 2619 2196 2666 etiam
2238 2617 2420 2676 Maret‚

1409 2715 1485 2762 op.
1512 2699 1590 2745 cit.
1624 2715 1724 2762 pag.
1755 2696 1821 2762 54
1849 2709 1893 2747 et
1919 2714 2055 2765 seqq.

1479 2777 1542 2843 (3)
1581 2778 1703 2827 Talis
1729 2791 1794 2828 est
1819 2781 2134 2846 philosophica
2149 2791 2196 2830 et
2212 2782 2422 2830 historica

1410 2861 1616 2910 doctrina
1634 2898 1648 2923 ‚
1677 2878 1779 2928 quae
1807 2863 1981 2911 dicitur
2008 2863 2074 2910 du
2094 2864 2292 2928 proqres
2311 2879 2423 2911 con-

1408 2943 1545 3006 tinu,
1579 2961 1682 3010 quae
1712 2947 1837 3010 prius
1869 2963 1916 2995 se
1947 2945 2170 3010 prodebat
2194 2948 2245 2993 in
2277 2946 2419 3011 ephe-

1410 3027 1664 3076 meridibus
1681 3030 2032 3077 sansimonianis
2044 3064 2058 3087 ,
2078 3027 2153 3075 La
2164 3027 2323 3075 Revue
2338 3043 2424 3074 en-

1407 3108 1759 3175 cyclopedique;
1782 3112 1859 3160 sed
1882 3112 2108 3159 recentius
2135 3112 2424 3175 systematice

1409 3193 1633 3241 evolvitur
1663 3195 1713 3239 in
1741 3211 1859 3241 nova
1893 3192 2216 3257 encyclopedia
2234 3229 2248 3252 ‚
2275 3191 2421 3240 I‘En-

1407 3273 1669 3341 cyclopedie
1680 3273 1909 3334 nouvelle,
1931 3292 1957 3322 a
1971 3274 2170 3335 Leroux,
2188 3274 2420 3342 Reynaud

1405 3358 1599 3424 aliisque
1636 3358 1815 3407 redacta
1834 3396 1847 3418 ‚
1881 3359 2045 3407 veteris
2075 3358 2423 3424 Encyclopedioe

1405 3431 1640 3490 Gallorum
1664 3441 2007 3490 incredulorum
2026 3442 2308 3491 emulatrice.
2323 3439 2423 3487 Hoc

1408 3541 1543 3590 porro
1576 3541 1690 3589 opus
1730 3534 1799 3572 est
1841 3525 2094 3590 indigestus
2135 3524 2325 3590 quidam
2368 3540 2421 3572 ac
2491 3585 2497 3590 ·

1406 3607 1618 3656 informis
1650 3610 1975 3673 syncretismus
2005 3625 2030 3658 e
2063 3607 2240 3674 placitis
2271 3604 2422 3671 philo·
