2502 4134
299 142 418 200 550
892 162 1104 202 maor.
1150 164 1220 200 1111
1263 164 1415 202 16618
1457 165 1862 209 rnnozooicffi..

298 311 454 392 gitur
473 357 490 384 ,
527 321 723 370 36111111
757 329 996 391 prorsus
1020 307 1095 386 de
1119 308 1235 371 fide
1259 308 1546 390 objectiva
1568 333 1634 372 ac
1667 313 1939 377 historica
1967 339 2122 396 6886,
2163 318 2263 379 ubi
2281 321 2430 380 ratio

298 427 360 466 se
388 407 579 488 ipsam
621 405 857 463 unicam
892 404 1027 465 fidei
1065 404 1332 487 regulam
1367 407 1550 468 semel
1595 410 1995 488 constituerit,
2047 435 2180 475 cum
2221 437 2438 476 munus

299 506 420 579 ejus
476 500 552 559 sit
604 521 665 562 se
720 512 1007 583 tanquam
1059 501 1471 586 pedissequam
1526 505 1865 566 auctoritati
1917 505 2203 587 subjicere
2267 514 2439 596 eique

297 595 580 656 ancillari.

1132 738 1626 781 DlFFlcULTATES.

386 888 530 949 310.
582 887 717 968 Obj.
761 891 824 948 10
867 891 1390 950 Protestantismus
1431 913 1598 951 suam
1637 891 1830 952 adhuc
1867 892 2193 973 religiosam
2231 895 2447 956 retinet

301 986 591 1060 formam,
628 986 749 1047 vita
791 986 988 1047 adhuc
1019 996 1079 1047 et
1116 987 1314 1067 vigore
1352 985 1574 1070 pollet,
1620 988 1824 1048 crescit
1869 988 1933 1047 in
1971 988 2093 1049 dies
2117 1035 2134 1065 ,
2172 989 2445 1074 viresque

300 1081 486 1140 exerit
517 1081 830 1143 validiores
850 1127 867 1156 ,
921 1103 1031 1142 1166
1054 1082 1327 1164 desperat
1346 1128 1363 1157 ,
1400 1104 1461 1143 86
1491 1083 1606 1143 cito
1613 1088 1795 1164 justa
1849 1105 2075 1165 mayno
2101 1087 2303 1145 cultui
2322 1107 2445 1147 esse

300 1175 746 1259 persoluturum
778 1178 893 1260 (1).
938 1178 1007 1237 20
1039 1179 1273 1269 Etenim
1305 1195 1427 1238 non
1469 1178 1645 1239 aliam
1680 1179 1990 1263 profitetur
2041 1179 2254 1257 fidem,
2294 1201 2446 1264 prae-

299 1285 392 1336 ter
418 1296 549 1334 eam
589 1296 769 1356 quam
803 1273 1017 1334 biblica
1057 1274 1361 1338 volumina
1393 1273 1712 1348 exhibent„
1748 1274 2062 1336 hominum
2097 1278 2446 1338 commentis

298 1371 548 1449 reiectis,
607 1370 673 1430 30
708 1372 828 1431 Nec
860 1381 1063 1431 tamen
1088 1371 1424 1454 putandum
1471 1382 1591 1447 681,
1613 1376 1784 1451 juxta
1818 1373 2291 1434 Protestantismi
2326 1395 2445 1456 sys-

299 1478 496 1544 161113,
523 1467 795 1527 homines
820 1489 891 1527 ex
916 1489 976 1528 se
999 1468 1121 1526 sola
1148 1468 1402 1528 naturali
1423 1470 1652 1527 ratione
1674 1468 1947 1528 veritates
1971 1470 2446 1551 supernaturales

303 1564 579 1646 promere
606 1585 677 1623 ex
708 1562 908 1623 Bibliis
932 1610 949 1639 ,
1004 1564 1106 1623 86(1
1144 1565 1425 1623 interiore
1463 1563 1664 1624 divina
1699 1564 1947 1645 Spiritus
1973 1566 2160 1624 sancti
2193 1565 2448 1648 inspira-

308 1659 467 1720 tione
499 1660 633 1721 freti
651 1664 821 1740 juxta
857 1658 1057 1722 divina
1096 1661 1383 1742 promissa
1411 1659 1526 1741 (2).
1555 1660 1623 1718 40
1646 1661 1850 1740 Neque
1876 1658 1950 1718 ad
1985 1659 2258 1722 divinum
2286 1660 2447 1721 1111116

306 1756 618 1837 spiritum⁷
661 1755 908 1815 interius
955 1755 1272 1815 veritatum
1317 1755 1588 1814 omnium
1625 1755 2026 1835 magisterium
2052 1753 2447 1817 obtinendum

302 1850 567 1910 humano
619 1861 865 1925 conatu,
919 1860 1021 1909 aut
1073 1850 1372 1924 oratione,
1441 1849 1645 1911 aliisve
1708 1849 2077 1911 adminiculis
2123 1873 2270 1933 opus
2319 1863 2441 1927 est;

304 1945 598 2029 siquidem
636 1949 789 2006 Deus
830 1946 1137 2005 hominem
1173 1944 1440 2022 invadit,
1483 1946 1654 2028 eique
1690 1944 2153 2007 substantialiter
2195 1952 2447 2028 conjun—

294 2045 480 2124 Jitur3
540 2065 672 2103 cum
723 2042 1031 2104 individuo
1084 2042 1348 2125 quolibet
1398 2064 1556 2105 nova
1610 2041 1881 2125 quae'dam
1931 2043 2000 2102 fit
2039 2042 2227 2105 divini
2273 2043 2447 2105 Verbi

303 2140 670 2214 incarnati03
734 2150 797 2200 et
821 2139 1348 2222 „quemadmodum
1404 2141 1587 2221 Loyos
1643 2138 2077 2200 humanitatem
2128 2140 2444 2203 Salvatoris

306 2236 622 2319 assumpsit
649 2234 872 2319 absque
911 2235 1083 2315 hujus
1122 2235 1565 2319 cooperatione,
1601 2235 1705 2296 sed
1735 2241 1974 2318 passive
1996 2246 2230 2297 tantum
2251 2258 2313 2298 86
2341 2237 2444 2298 113-

304 2332 533 2409 11611118,
593 2333 672 2392 sic
723 2332 1029 2396 individua
1087 2332 1314 2415 singula
1365 2333 1641 2410 assumit,
1696 2327 1970 2416 pervadit
2030 2355 2096 2393 36
2136 2345 2442 2415 penetrat,

306 2432 427 2490 imo
469 2452 602 2489 cum
628 2431 767 2512 ipsis
803 2430 1201 2490 identificatur
1220 2476 1237 2506 ,
1262 2451 1329 2490 63
1359 2441 1591 2506 movet,
1632 2430 1780 2510 regit
1804 2451 1869 2489 ac
1897 2428 2224 2490 infallibilia
2240 2430 2438 2493 efficit.

302 2529 388 2604 Ex
432 2549 549 2611 quo
588 2540 781 2610 patet,
830 2527 1005 2610 longe
1063 2528 1342 2587 tutiorem
1397 2529 1830 2587 Protestantem
1882 2548 2007 2587 esse
2042 2527 2108 2586 in
2142 2526 2258 2588 fide
2303 2549 2446 2604 sua,

307 2647 486 2708 quam
521 2623 770 2707 quilibet
814 2623 1144 2685 Catholicus
1171 2624 1360 2707 possit
1380 2668 1396 2700 ,
1438 2623 1536 2706 qui
1586 2623 1822 2683 nonnisi
1850 2625 2280 2685 accidentalem
2306 2645 2442 2684 cum

308 2723 431 2782 Deo
475 2722 760 2782 unionem
808 2721 1118 2803 profitetur
1153 2743 1271 2780 una
1311 2742 1447 2780 cum
1485 2719 1708 2780 incerto
1733 2723 2103 2801 synerqismo
2126 2719 2441 2782 seu'libera

311 2817 526 2880 divinae
549 2803 795 2877 motioni
831 2818 1237 2900 cooperatione
1261 2816 1369 2898 (3).
1405 2816 1474 2875 50
1505 2817 1761 2876 Tantum
1789 2816 1964 2897 igitur
1988 2816 2185 2891 abest,
2223 2827 2288 2876 ut
2302 2812 2436 2898 pro—

309 2915 714 2978 testantismus
750 2914 1159 2975 auctoritatem
1198 2911 1512 2994 rejiciendo
1552 2913 1787 2972 amittat
1813 2912 2027 2989 fidem,
2067 2924 2133 2972 ut
2165 2932 2439 2994 supremo

310 3011 505 3093 potius
531 3011 720 3095 gradu
747 3010 909 3071 illam
937 3010 1247 3094 possideat.
1283 3011 1452 3092 Ergo,

378 3204 443 3267 (1)
481 3203 547 3252 113
578 3206 750 3270 passim
772 3206 822 3252 in
848 3201 1050 3269 puhlicis
1077 3205 1335 3269 ephemeri·
1416 3211 1595 3251 semem
1611 3202 1729 3251 d'un
1748 3220 1878 3252 coeur
1905 3199 2200 3265 callidaque,
2233 3215 2341 3268 pag.
2367 3217 2427 3266 7¹

310 3285 472 3346 dibus,
497 3304 612 3352 quas
642 3288 729 3351 ipsi
754 3286 993 3352 evulgant.
1020 3285 1139 3334 Vide
1158 3284 1334 3335 l’Uni-
1417 3295 1461 3333 et
1489 3302 1587 3350 seq.

308 3383 413 3415 vers
448 3386 483 3435 9
518 3367 634 3417 Julii
677 3366 836 3431 1842,
878 3368 959 3417 ubi
996 3367 1330 3427 protestantes,
1488 3366 1557 3430 (3)
1593 3366 1663 3415 lta
1703 3368 1797 3415 fere
1826 3369 2033 3413 recentes
2076 3363 2433 3428 protestantismi

310 3450 584 3499 disserentes
623 3451 680 3498 de
715 3450 919 3499 Ecclesia
955 3450 1211 3510 catholica,
1246 3451 1334 3499 1136
1415 3451 1598 3514 mystici
1629 3457 1896 3506 sectatore5‚
1922 3448 2002 3512 qui
2024 3445 2227 3495 Berolini
2249 3450 2435 3511 praeser-

308 3533 464 3598 phrasi
502 3542 697 3580 utuntur
731 3549 745 3580 ε
787 3532 915 3581 Cette
953 3530 1090 3581 Ilion
1122 3533 1329 3581 winone
1414 3535 1496 3581 tim
1539 3548 1671 3580 suam
1714 3530 1887 3579 habent
1930 3530 2085 3580 sedem
2105 3568 2121 3596 ‚
2163 3527 2429 3595 Hengsten-

308 3617 450 3681 qu'on
480 3613 660 3681 appelle
688 3612 905 3679 I’quise.
1408 3615 1546 3681 bergo
1573 3614 1708 3662 duce.

377 3699 440 3760 (2)
477 3697 578 3748 Cfr.
598 3695 809 3765 Baudry,
840 3700 890 3748 iu
920 3715 996 3763 op.
1024 3700 1106 3747 cit.
1132 3695 1325 3746 Gemis-
