2502 4134
279 193 436 249 mar.
484 193 571 228 111.
617 191 764 227 sacr.
814 191 852 225 1.
899 188 1022 226 cu».
1071 191 1108 225 1.
1156 188 1222 225 DE
1266 187 1395 223 aar.
1445 185 1574 224 Aur.
1627 184 1732 222 mn.
1785 183 1974 222 arnor—v
2051 162 2170 221 42⁸7

68 360 491 425 quamcumque
537 337 860 396 doctrinam
911 335 1319 409 scientificam,
1371 354 1498 415 quae
1549 332 1714 392 illam
1763 329 2181 413 quoquomodo-

67 436 369 496 labefactet
390 481 405 508 a
434 434 611 493 fidem
636 432 894 511 divinam
919 429 1338 512 impossibilem
1365 429 1612 488 efficere.
1644 428 1757 488 Sed
1778 428 1840 486 in
1867 426 1976 485 hoc
2005 445 2165 485 accu-

67 544 190 592 rate
242 530 686 590 attendendum.
731 530 988 608 Systema
1043 526 1202 584 enim
1243 524 1424 598 illud
1468 523 1625 605 quod
1678 522 1837 582 fatali
1875 521 2174 582 hominem

66 626 391 686 necessitati
440 624 670 698 subdit
713 622 986 705 quodque
1038 641 1281 679 crassus
1315 621 1670 698 fatalzsmus
1719 617 1915 690 audit
1971 626 2182 698 utpote

65 722 252 780 nimis
292 720 646 792 absurdum,
699 715 860 775 haud
912 715 1106 797 plures
1156 715 1342 781 forte
1387 714 1714 794 praesertim
1753 710 2181 771 recentioribus

67 815 328 875 aetatibus
349 861 364 890 ‚
419 826 653 873 nactum
687 823 775 871 est
820 820 1147 869 sectatores,
1193 811 1293 869 Ast
1328 808 1484 870 aliud
1520 820 1609 867 est
1660 807 1933 866 fatalismi
1958 827 2178 886 geum,

70 910 335 969 subtilius
372 909 609 991 quidem
662 928 726 965 ac
774 905 1089 978 latentiusa
1132 904 1290 985 quod
1332 906 1752 964 determz'm'stae
1789 903 2140 984 profitentur
2158 944 2182 971 ,.

72 1006 167 1086 qui
214 1026 426 1086 nempe
471 1003 737 1062 animum
782 1001 1106 1058 immunem
1153 1010 1385 1057 tantum
1422 1001 1786 1057 a-coaotione
1822 1005 2176 1075 agnoscunt,
2225 1054 2230 1058 ,

70 1100 171 1159 sed
213 1121 347 1158 cum
375 1092 704 1156 'rationibus
742 1095 988 1154 internis
1010 1138 1026 1168 .,
1053 1095 1214 1174 queis
1239 1092 1425 1151 resisti
1456 1114 1577 1151 non
1608 1093 1790 1173 possit
1810 1136 1826 1164 .,
1869 1110 2099 1171 semper
2121 1098 2182 1148 et

70 1194 387 1260 necessario
423 1190 801 1251 determinari
834 1187 1063 1247 volunt.
1106 1186 1311 1245 In'hoc
1337 1186 1496 1245 haud
1521 1187 1688 1267 pauci
1723 1183 2063 1266 philosophi
2087 1181 2183 1242 vel

70 1288 246 1346 animi
292 1285 667 1367 perversitate
715 1282 812 1342 vel
847 1281 1177 1340 inconsulto
1229 1281 1564 1340 inciderunt
1597 1281 1706 1360 (l).
1751 1279 1846 1339 Nil
1887 1299 2063 1360 porro
2109 1276 2191 1336 de.

70 1379 316 1439 absurda
342 1378 598 1438 dicemus
626 1377 824 1436 Kantii
849 1387 909 1435 et
942 1376 1370 1435 Kantianorum
1399 1375 1688 1434 sententia·
1710 1419 1726 1449 ,
1764 1374 1863 1455 qui
1900 1373 2042 1432 dum
2065 1373 2191 1433 ani-

71 1497 271 1548 mum,
332 1484 398 1531 ut
433 1474 866 1552 phoenomenon
916 1481 1278 1552 spectatum,
1336 1469 1588 1533 liberum
1644 1470 1894 1551 practice
1943 1468 2185 1541 dicunt,

70 1580 269 1628 utrum
297 1579 495 1627 tamen
521 1578 589 1625 ut
616 1587 953 1625 ‘noumenon
978 1564 1410 1624 consideratum
1436 1586 1538 1624 seu
1557 1564 1876 1625 theoretice
1899 1562 2047 1622 liber
2073 1563 2147 1621 sit
2164 1608 2181 1636 ‚

69 1663 330 1743 ignotum
355 1661 528 1744 plane
548 1662 711 1720 aiunt
726 1686 742 1735 ς
760 1681 876 1742 quo
897 1661 963 1719 fit
980 1672 1046 1718 ut
1066 1658 1398 1720 libertatem
1417 1662 1887 1741 metaphys-icam
1902 1681 1967 1719 ac
1982 1670 2190 1717 tram-

71 1760 501 1828 oendentalem,
534 1779 709 1839 quam
752 1757 862 1839 ipsi
897 1767 1139 1830 vocant,
1181 1778 1399 1830 ·veram
1442 1778 1656 1839 nempe
1682 1756 2048 1829 libertatem⁷
2079 1754 2188 1813 nisi

74 1852 429 1912 subtrahunt
474 1854 716 1924 animae,
744 1853 1247 1930 problematz‘cam
1291 1851 1499 1911 saltem
1532 1851 1872 1933 relinquant
1911 1849 2022 1928 (2).

160 1946 294 2006 138.
339 1947 522 2005 Nimis
549 1947 720 2026 igitur
743 1947 991 2004 interest
1016 1967 1149 2004 cum
1178 1945 1441 2004 catholici
1470 1945 1724 2005 hominis
1749 1958 1876 2004 tum
1902 1944 2193 2026 praecipue·

76 2040 359 2119 theologi,
414 2052 480 2098 ut
518 2041 580 2098 in
613 2041 815 2122 quavis
854 2060 982 2119 quae
1020 2041 1318 2121 profertur
1348 2040 1746 2123 philosophica
1789 2041 2051 2099 doctrina
2090 2060 2189 2118 ap-

74 2135 265 2218 prime
295 2134 630 2217 dispiciatur
647 2180 662 2208 ,
695 2145 894 2194 utrum
925 2147 1135 2195 natura
1159 2135 1431 2195 humanae
1455 2134 1738 2195 libertatis
1764 2145 1921 2195 recte
1949 2134 2024 2192 sit
2045 2133 2193 2193 defi-

77 2229 200 2288 nita
215 2250 280 2288 ac
306 2240 520 2288 statuta
537 2274 553 2305 ‚
576 2240 775 2289 utrum
798 2251 934 2292 vera
961 2231 1211 2312 eligendi
1240 2231 1324 2292 vis
1352 2252 1417 2290 ac
1437 2234 1733 2301 αὐτοεξουσια
1756 2230 1816 2288 in
1842 2240 1969 2287 tuto
1984 2229 2192 2311 posita.

147 2447 214 2511 (l)
251 2446 512 2496 Essentialis
531 2449 581 2496 in
598 2448 687 2497 hoc
703 2458 795 2507 est,
820 2459 871 2496 ut
885 2434 1087 2498 suoloco
1173 2450 1453 2521 terministas
1477 2449 1572 2496 fuit
1600 2449 1889 2514 germanicus
1919 2447 2161 2496 Basedow.

81 2531 399 2597 probavimus,
421 2530 653 2580 distinctio
670 2533 789 2579 inter
805 2541 932 2580 actus
951 2548 1097 2598 spon-.
1167 2521 1174 2532 ⁵

81 2622 269 2672 taneos,
304 2612 586 2660 voluntarios
623 2630 678 2661 ac
714 2613 911 2675 liberos,
947 2631 1089 2680 quam

79 2696 160 2760 qui
188 2692 517 2758 neglexerunt,
534 2693 754 2742 libertatis
775 2694 993 2742 humanoe
1008 2712 1093 2742 na-

79 2783 232 2823 turam
259 2775 468 2823 funditus
486 2776 766 2824 everterunt‘.
785 2775 907 2824 Hinc
928 2779 1091 2826 merito

81 2856 337 2922 improbata
361 2866 428 2906 est
456 2858 661 2906 definitio
678 2858 901 2908 libertatis
925 2860 1091 2908 tradita

84 2949 289 2987 recenter
313 2939 372 2986 ab
400 2939 508 2987 italo
529 2939 835 3005 Romagnesio
855 2977 869 3000 ,
900 2939 1092 2989 Introd-

81 3020 132 3070 αἱ
167 3021 332 3070 diriuo
356 3021 613 3088 pubblico,
655 3034 775 3088 part.
817 3039 866 3073 2.
905 3041 1010 3089 cap.
1043 3042 1089 3086 1,

84 3102 111 3169 ἓ
154 3121 170 3151 ι
190 3103 246 3152 15
288 3122 303 3153 ε
346 3105 590 3154 Aceivitas
626 3108 747 3154 entia
785 3106 1095 3172 intelliqentis

84 3193 319 3249 qua-tenus
341 3189 395 3234 in
419 3188 605 3236 actibus
624 3190 726 3236 suis
752 3188 812 3237 ab
842 3189 1095 3238 obstaculis

87 3268 321 3314 immunis
346 3277 429 3319 est.
443 3269 546 3318 Hoc
565 3273 689 3319 enim
715 3271 934 3320 libertatis
951 3289 1094 3337 genus

87 3349 408 3397 necessitatem
439 3352 683 3401 internam
718 3356 910 3403 minime
935 3355 1094 3403 exclu-

86 3429 186 3487 dit,
224 3432 486 3497 optimeque
520 3438 662 3499 aptari
693 3447 841 3500 posset
870 3436 1095 3485 voluntati

86 3511 137 3558 in
164 3510 342 3560 bonum
371 3515 618 3563 universim
635 3554 649 3576 ‚
678 3535 758 3567 seu
785 3520 835 3566 in
862 3522 1094 3584 propriam

88 3591 350 3640 felicitatem
380 3595 623 3657 tendenti,
649 3616 752 3664 quae
782 3611 901 3650 certe
930 3603 979 3649 in
1007 3601 1099 3649 hoc

93 3689 200 3721 vere
221 3673 361 3722 libera
384 3674 743 3744 haudquaquam
766 3692 851 3731 est.
874 3682 998 3732 Inter
1018 3683 1097 3731 de-

1245 2530 1312 2592 (2)
1348 2529 1669 2596 Dietjnquere
1699 2531 1947 2589 animam,
1971 2532 2035 2578 ait
2055 2547 2197 2594 appo-

1175 2613 1264 2660 site
1298 2611 1421 2660 lmre
1438 2648 1452 2671 ‚
1485 2613 1539 2658 in
1553 2610 1905 2676 phaenomenon
1937 2597 1981 2659 et
2002 2627 2197 2659 nonme-

1173 2712 1272 2745 non
1292 2734 1305 2756 ‚
1342 2712 1399 2744 ac
1423 2696 1494 2744 ita
1509 2704 1563 2742 ut
1584 2711 1735 2761 supra
1759 2695 1816 2743 de
1838 2697 1943 2761 ejus
1981 2694 2196 2742 libertate

1174 2786 1381 2827 statuere
1409 2777 1532 2826 mihi
1564 2777 1692 2826 idem
1724 2776 1947 2836 videtur,
1995 2794 2052 2824 ac
2088 2779 2199 2824 ani-

1174 2877 1266 2909 ’κω
1286 2895 1302 2922 ,
1338 2861 1395 2908 in
1416 2868 1649 2924 quantum
1668 2861 1914 2921 noscitur,
1935 2858 2199 2907 libertatem
2238 2853 2240 2856 ¹

1177 2944 1447 3008 deneqare,
1486 2944 1747 2991 attribuere
1781 2960 1913 3003 vero,
1956 2945 2011 2990 in
2041 2958 2199 3007 quan·-

1176 3035 1279 3074 ωηο
1310 3042 1416 3074 non
1444 3030 1695 3087 noscitu&
1728 3028 1898 3073 anima
1925 3027 2079 3086 enim3
2103 3039 2199 3088 qua

1178 3126 1454 3158 noumenon
1471 3147 1484 3166 ‚
1516 3117 1584 3156 est
1599 3125 1696 3157 =x
1717 3126 1730 3169 ;
1761 3118 1828 3156 est
1853 3108 2043 3174 aliquid
2064 3107 2201 3156 inde-

1179 3192 1498 3239 terminatum
1517 3229 1528 3250 ‚
1550 3190 1675 3255 quod
1693 3199 1880 3238 tantum
1898 3192 2102 3256 coyitari
2109 3206 2202 3255 per

1179 3289 1285 3339 proe
1293 3273 1454 3320 dicata
1471 3274 1696 3338 neqativa
1708 3308 1725 3334 ‚
1742 3272 1824 3321 sed
1838 3274 2058 3335 coqnowi
2068 3288 2201 3340 niqu-

1182 3370 1328 3419 quam
1349 3363 1505 3419 potest
1525 3371 1546 3415 ,-
1576 3363 1619 3402 et
1650 3363 1809 3402 tamen
1834 3363 1888 3402 ut
1910 3355 2202 3402 substratum

1182 3453 1269 3485 mo
1297 3436 1623 3502 phoenomeno
1641 3472 1658 3499 ,
1698 3437 1824 3502 quod
1858 3437 2060 3486 liberum
2099 3451 2199 3484 non

1178 3527 1268 3577 est,
1287 3521 1553 3571 invenitur.
1586 3521 1642 3571 P.
1670 3537 1738 3570 m.
1768 3519 1981 3588 Metaph.
2013 3518 2196 3586 applic.

1179 3621 1281 3669 pag.
1310 3601 1431 3653 236.
