2502 4134
315 66 435 126 410

917 95 1118 132 TRAGT.
1169 97 1236 134 DE
1280 99 1431 138 bools
1475 103 1851 146 THROLOGICIS·

315 229 691 291 christianam
734 244 794 292 et
835 233 1179 295 catholicam
1228 238 1585 319 Religionem
1634 264 1764 306 eam
1822 260 2054 310 tantum
2103 274 2261 326 esse,
2309 277 2433 335 quae

312 325 568 385 hominis
591 326 981 411 humanaeque
1010 331 1297 392 societatis
1322 335 1606 398 universae
1629 342 1954 404 necessitati
1971 367 2038 406 ac
2060 347 2433 409 destinationi

312 421 649 504 plenissime
690 443 754 481 ac
797 423 1218 504 perfectissime
1248 431 1603 511 respondeat
1629 433 1740 514 (1).

400 517 535 576 120.
586 516 653 576 4⁰
682 520 901 581 Omnes
939 533 1140 582 tamen
1173 525 1494 603 ejusmodi,
1521 526 1657 588 licet
1689 529 2088 611 validissimas,
2113 539 2235 599 sive
2254 540 2432 619 magis

310 611 506 690 logicae
559 613 682 675 sive
741 617 922 696 magis
991 617 1277 680 historicae
1333 620 1706 703 probationes
1749 626 1905 700 sint„
1959 628 2321 694 voluntatem
2371 636 2431 694 in

312 706 622 786 Religionis
664 711 909 771 veritate
960 713 1311 796 inquirenda
1356 715 1510 778 bene
1554 721 1879 782 acsincere
1915 739 2310 807 comparatam
2342 753 2430 791 re—

308 802 571 883 quirunt.
617 806 806 879 Quare
843 807 930 866 nil
966 810 1145 890 magis
1193 817 1370 892 quam
1413 824 1588 875 rectae
1632 800 1919 895 ejusmodi
1957 821 2140 880 animi
2179 822 2432 906 disposi—

309 898 498 958 tiones
530 911 669 959 sunt
694 902 876 963 cuivis
920 925 954 962 a
1005 903 1274 986 theologo
1315 908 1709 986 inculcandae,
1763 924 1829 971 ut
1868 914 2234 999 philosophia
2257 965 2273 993 .‚
2307 939 2432 999 quae

309 993 529 1054 donum
569 998 747 1057 etiam
788 999 892 1059 Dei
920 1011 1042 1076 est,
1077 1023 1250 1062 suum
1274 1015 1430 1065 recte
1470 1027 1684 1067 munus
1727 1030 1873 1070 verae
1906 1009 2117 1073 divinae
2141 1013 2278 1074 fidei
2299 1032 2435 1093 cog-

309 1092 622 1155 noscendae
651 1104 926 1176 praestare
949 1109 1126 1179 queat
1164 1097 1281 1178 (2).

1117 1317 1511 1375 ARTICULUS
1553 1324 1618 1375 11.

851 1462 942 1521 De
985 1462 1183 1523 abusu
1227 1467 1489 1548 rationis
1532 1476 1666 1526 ante
1699 1468 1894 1546 fidem.

392 1666 525 1725 121.
574 1665 827 1727 Abunde
856 1668 996 1726 satis
1033 1667 1107 1727 de
1142 1678 1303 1733 recto,
1340 1669 1580 1728 rationis
1619 1691 1729 1729 usu
1754 1682 1893 1732 ante
1924 1674 2103 1734 fidem
2149 1677 2428 1739 hactenus

304 1760 715 1839 disseruimus3
752 1773 1052 1844 superest,
1111 1773 1178 1821 ut
1203 1767 1372 1841 juxta
1425 1758 1822 1845 praestitutum
1849 1766 2016 1827 nobis
2060 1771 2328 1832 ordinem
2356 1775 2429 1835 de

303 1855 564 1935 ejusdem
587 1866 724 1917 ante
748 1857 926 1918 fidem
955 1858 1198 1917 rationis
1231 1857 1418 1919 abusu
1440 1859 1725 1920 nonnulla
1754 1860 1962 1922 saltem
1997 1862 2257 1926 breviter
2283 1868 2430 1948 adji-

303 1953 541 2013 ciamus·
585 1953 847 2013 Rationis
887 1976 1063 2036 porro
1095 1965 1232 2014 ante
1267 1954 1446 2014 fidem
1471 1954 1684 2015 abusus
1717 1958 1956 2017 nomine
1988 1960 2297 2021 scientifica
2331 1963 2427 2023 illa

301 2048 518 2133 placita
548 2070 651 2110 seu
697 2060 1015 2131 systemata
1055 2050 1459 2134 philosophica
1496 2052 1887 2132 significamus
1909 2099 1924 2127 ‚
1966 2076 2095 2136 quae
2129 2077 2262 2117 cum
2290 2079 2427 2119 sus-

367 2274 437 2338 (l)
474 2272 613 2339 Digni
661 2281 770 2321 sunt
811 2275 894 2338 qui
942 2271 1186 2339 legantur,
1237 2273 1327 2322 hac
1410 2273 1631 2321 fensionis
1660 2275 1932 2325 methodum
1967 2280 2111 2343 magis
2148 2278 2426 2329 historicam

298 2374 436 2423 super
475 2373 553 2417 re,
593 2355 687 2404 duo
721 2355 906 2404 articuli
937 2356 989 2403 in
1021 2353 1240 2404 Annales
1268 2354 1326 2404 de

298 2438 614 2506 Philosophia
661 2437 935 2487 chretienne
957 2473 975 2500 ,
1032 2455 1169 2489 num.
1222 2438 1281 2487 13
1307 2475 1322 2499 ,

297 2521 514 2584 Janvier,
547 2531 593 2572 et
626 2541 679 2572 n.
710 2518 802 2582 16,
833 2520 962 2569 Avril
993 2518 1113 2585 1841
1142 2558 1156 2580 ‚
1191 2519 1324 2569 Plan

294 2603 445 2654 d'une
482 2605 674 2671 defense
707 2604 774 2652 du
815 2603 1196 2653 Christianisme
1212 2638 1229 2665 ‚
1279 2611 1325 2652 et

289 2686 412 2754 plan
443 2686 591 2737 d'une
616 2688 991 2736 demonstration
1012 2686 1079 2734 du
1107 2685 1324 2735 Catholi-

296 2774 444 2821 cisme
457 2789 557 2838 par
591 2771 639 2820 la
673 2771 885 2820 mhtkode
915 2770 1203 2835 historiques,
1235 2788 1322 2819 au-

297 2865 421 2904 ctore
443 2854 565 2921 prof.
584 2852 662 2905 ab.
689 2853 755 2905 H.
775 2853 844 2903 De
868 2851 1106 2918 Valroger.
1129 2853 1324 2919 Longis-—

297 2941 413 2988 sime
446 2956 582 3004 porro
611 2939 690 2987 hic
716 2948 876 2987 auctor
903 2937 1032 2986 abest
1062 2955 1088 2985 a
1117 2937 1320 3001 legitima

297 3023 488 3071 rationis
517 3024 563 3071 vi
594 3021 906 3080 infirmanda,
929 3022 1045 3088 quin
1066 3022 1214 3068 immo
1243 3037 1318 3070 re-

298 3103 414 3151 fellit
449 3104 618 3170 placita
654 3103 1032 3170 Lamennejana,
1068 3120 1121 3151 ac
1159 3102 1322 3168 probat

297 3189 489 3235 omnino
531 3187 804 3236 methodum
852 3187 1083 3235 ratiocinii
1125 3203 1206 3234 seu
1247 3184 1318 3235 Ιο-

294 3268 418 3331 qicoe
442 3268 767 3331 deductionis,
798 3287 939 3335 quam
970 3279 1036 3316 tot
1064 3267 1322 3334 apologetae

295 3351 469 3399 utiliter
499 3354 645 3400 secuti
675 3360 802 3401 sunt.
829 3348 920 3401 Sed
947 3361 1105 3399 tamen
1128 3367 1212 3416 pro
1240 3368 1320 3399 va-

296 3434 464 3482 rietate
491 3434 786 3497 ingeniorum
824 3451 878 3482 ac
906 3443 1167 3498 temporum
1206 3449 1317 3481 nos·-

297 3525 473 3564 trorum
508 3517 717 3574 ratione,
756 3531 860 3582 quae
894 3516 1057 3564 studiis
1090 3515 1319 3564 historicis

298 3600 524 3663 imprimis
564 3597 815 3649 delectatur
834 3635 847 3657 ,
882 3598 1005 3647 hanc
1037 3615 1207 3646 novam
1233 3598 1315 3646 de·

1409 2354 1548 2418 (licet
1567 2366 1612 2405 et
1632 2356 1775 2406 altera
1794 2358 1994 2407 historiae
2016 2362 2154 2409 etiam
2174 2363 2424 2428 innitatur)

1409 2439 1553 2488 veluti
1594 2441 1644 2489 in
1685 2441 1946 2499 subsidium
1976 2443 2204 2494 adsciscit.
2235 2442 2322 2495 En
2356 2462 2428 2494 sm

1406 2530 1532 2581 mot,
1570 2525 1663 2584 ait,
1703 2522 1931 2572 l'histoire
1970 2533 2070 2575 tout
2108 2527 2285 2576 entiero
2309 2537 2430 2595 peut

1405 2602 1605 2652 devenir
1644 2621 1742 2652 eme
1780 2608 2095 2673 preparation
2131 2616 2176 2656 ct
2212 2625 2310 2658 une
2343 2609 2424 2658 de-

1405 2689 1721 2735 monstrativa
1749 2691 2057 2756 evanqelique
2080 2690 2205 2740 dam
2220 2690 2301 2740 des
2308 2708 2423 2759 pro-

1398 2770 1620 2837 portiom
1650 2768 1914 2822 colossales.
1935 2773 2030 2822 Art.
2063 2790 2079 2822 ι
2096 2810 2110 2835 ,
2142 2791 2247 2839 pag.
2271 2772 2353 2822 31.

1475 2853 1539 2919 (2)
1577 2853 1701 2903 Hinc
1735 2855 1794 2903 cl.
1827 2854 2055 2905 Gerdilius
2085 2857 2278 2922 sapienti
2311 2872 2424 2904 con-

1404 2936 1506 2986 silio
1531 2939 1657 3004 operi
1689 2954 1773 2985 suo
1800 2938 2118 3003 philosophico
2135 2974 2149 2998 ,
2181 2936 2419 2986 Introdu-

1402 3019 1544 3067 ziom
1572 3018 1665 3067 allo
1688 3019 1849 3069 studio
1869 3019 1992 3068 della
2012 3018 2263 3085 reliqionc,
2289 3021 2416 3070 aliud

1403 3103 1678 3168 praemiserat
1709 3119 1725 3151 ε
1760 3101 1900 3152 Delle
1937 3102 2263 3169 disposizioni
2302 3101 2421 3151 dello

1403 3185 1573 3250 spirito
1617 3183 1736 3232 nella
1779 3183 1941 3233 studio
1981 3184 2103 3234 della
2152 3185 2383 3251 reliqionc
2400 3220 2417 3246 ‚

1406 3266 1531 3333 quod
1570 3268 1753 3315 utinam
1790 3267 2111 3333 pervulgatum
2149 3279 2264 3318 esset
2299 3270 2420 3334 apud

1404 3349 1507 3398 illos
1551 3350 1694 3398 aetatis
1737 3357 1904 3397 nostrae
1953 3349 2249 3418 philosophos
2272 3389 2286 3411 ‚
2340 3351 2421 3417 qui

1403 3429 1799 3480 christianismum
1839 3435 1993 3481 nescio
2032 3451 2171 3499 quem
2205 3451 2236 3483 a
2263 3433 2424 3499 priori

1401 3513 1491 3563 sibi
1524 3513 1813 3579 confingunt.
