2502 4134
394 122 547 163 PART.
595 123 682 160 111.
730 122 879 160 SEGT.
929 122 967 159 1.
1015 122 1139 160 ΕΔΓ.
1189 122 1274 159 ΙΠ.
1319 121 1387 157 1>ss
1429 119 1557 158 RAT.
1607 117 1734 154 POST
1778 117 1887 153 Fu).
2080 92 2198 153 553

92 267 281 326 dimus
307 263 433 343 (l),
476 266 868 323 Protestantes
897 260 1114 322 habere
1134 270 1418 343 possunt,
1465 258 1539 318 ad
1573 279 1709 318 eum
1746 255 1920 338 plane
1960 254 2203 314 modum

91 359 269 418 fidem
316 379 480 416 suam
516 357 1022 439 protestantismus
1065 378 1137 415 ex
1187 355 1361 413 sacris
1407 353 1600 412 Bibliis
1645 352 1866 427 hausit,
1913 371 2028 431 quo
2067 348 2207 408 inde

93 452 382 526 Gnostici.
412 452 746 528 Manichaei,
791 450 1138 523 Sabelliani,
1180 449 1404 518 Ariani,
1447 446 1814 519 Nestoriani,
1857 457 1966 505 etc.
1995 443 2208 504 hause-

94 557 234 607 runt
263 548 582 628 antiquitus
603 591 619 621 ,
661 567 819 604 nunc
842 567 981 606 v-ero
1001 544 1282 603 hauriunt
1306 542 1597 601 Sociniani
1613 587 1628 615 7
1657 540 2029 600 Methodistae
2045 584 2062 615 ,
2088 550 2201 598 etc.

95 642 193 722 qui
230 641 443 701 scilicet
480 641 719 722 professi
762 651 902 698 sunt
942 651 1003 699 et
1038 639 1389 720 profitentur
1434 656 1669 710 omnes7
1721 656 1781 694 se
1834 633 2010 693 fidem
2046 655 2212 692 suam

97 757 167 796 ex
207 737 378 794 sacris
418 735 612 795 Bibliis
654 735 823 794 unice
848 754 1166 805 arcessere,
1215 734 1563 792 commentis
1596 730 1856 791 Ecclesiae
1881 728 2211 802 catholicae,

97 829 159 888 id
212 843 299 888 est
334 833 641 904 Romanae,
680 829 1016 910 repudiatis.
1055 830 1326 886 Attamen
1359 849 1563 885 omnes
1597 825 1854 885 haeretici
1896 823 1987 883 vel
2023 823 2217 882 incre-

100 924 222 984 duli
274 926 510 985 fuerunt
553 935 655 983 aut
696 935 868 997 sunt,
937 921 1260 1000 cujusmodi
1314 923 1534 1003 pariter
1580 933 1667 981 est
1710 919 2218 1002 protestantismus

98 1019 398 1079 haereseon
441 1019 706 1079 omnium
741 1018 1102 1080 viridarium.
1473 1031 1475 1033 ’

185 1113 322 1172 313.
369 1100 456 1188 Aa
487 1113 593 1189 3¹¹¹,
623 1115 783 1173 Diec.
821 1113 890 1172 Id
919 1124 1006 1173 est
1026 1144 1046 1186 a·
1069 1110 1492 1171 nonnullorum
1517 1111 2010 1185 protestantium,
2032 1130 2219 1179 conc.‚·

105 1208 403 1283 omnium,
446 1230 576 1288 neq.
619 1209 765 1268 Mira
803 1229 1035 1288 semper
1070 1218 1129 1266 et
1164 1206 1347 1286 viguit
1391 1217 1450 1266 et
1487 1205 1643 1285 viget
1680 1206 1826 1264 circa
1853 1204 2227 1266 instiusmodi

102 1314 352 1384 systema
394 1302 686 1361 interioris
731 1303 1129 1384 inspirationis
1167 1300 1542 1362 individualis
1588 1301 1834 1360 varietas
1876 1301 2033 1359 inter
2079 1302 2219 1359 Pro-

102 1408 417 1470 testanteS‚
464 1418 641 1476 quam
681 1395 910 1472 jamdiu
951 1396 1338 1477 expendimus
1376 1396 1506 1476 (203
1556 1417 1691 1454 cum
1727 1397 1904 1476 igitur
1941 1395 2037 1456 alii
2080 1394 2229 1454 illud

106 1487 427 1550 admittant
442 1532 459 1564 ,
487 1488 751 1566 rejiciant
765 1487 861 1546 alii
878 1531 896 1562 ,
926 1487 1021 1546 alii
1039 1509 1180 1548 vero
1203 1489 1407 1548 iisdem
1428 1489 1738 1571 Scripturae
1760 1489 2023 1550 textibus
2040 1490 2229 1549 innixi

105 1594 581 1666 temperentpro
619 1582 811 1642 lubitu
844 1582 1120 1664 varieque
1167 1582 1458 1642 adornent
1503 1583 1629 1665 (3),
1673 1584 1801 1665 quis
1847 1605 1970 1642 non
1995 1585 2229 1658 videat,

108 1689 301 1738 totum
350 1676 507 1736 istud
545 1689 796 1758 systema
817 1721 834 1751 ‚
871 1678 963 1737 cui
987 1689 1298 1758 tantopere
1322 1678 1585 1738 fidebant
1616 1681 2054 1756 ProtestanteS,
2083 1679 2229 1739 stul-

33 1773 35 1775 ’
110 1785 239 1835 tum
266 1775 440 1856 plane
475 1796 535 1834 se
575 1773 870 1855 prodere?
2176 1765 2183 1770 ⁸

196 1868 337 1928 314.
386 1868 470 1928 Ad
501 1868 604 1944 4¹1¹,
629 1870 788 1928 Disc.
838 1871 924 1927 Ita
962 1879 1028 1928 ut
1067 1879 1126 1929 et
1169 1870 1232 1928 in
1266 1868 1377 1929 hoc
1405 1881 1717 1951 systemate
1749 1892 1974 1931 novum
2009 1869 2235 1931 habea-

114 1976 214 2025 tur
237 1965 557 2023 nutationis
586 1965 1046 2045 protestantismi
1069 1977 1483 2044 argumentum
1501 2011 1516 2041 ,
1545 1988 1703 2026 conc.
1719 1991 1738 2034 ,·
1777 1967 2036 2047 veritatis
2054 2011 2070 2041 ,
2098 1988 2233 2047 neq.

120 2057 429 2134 Quondam
467 2061 894 2133 ProtestanteS‚
937 2058 1289 2120 inhaerentes
1317 2060 1554 2120 Lutheri
1582 2060 1862 2121 doctrinae
1897 2060 1970 2121 de
2001 2061 2240 2122 homine

121 2152 578 2212 substantialiter
597 2174 703 2235 per
726 2153 1066 2236 originalem
1088 2177 1305 2215 noxam
1330 2156 1548 2215 foedato
1571 2203 1587 2230 ,
1625 2179 1688 2216 ac
1711 2156 1784 2217 de
1806 2159 2241 2239 perseverantia

124 2247 599 2329 concupiscentiae
622 2247 806 2308 etiam
825 2249 886 2307 in
918 2250 1135 2309 renatis
1155 2296 1171 2325 ,
1218 2272 1347 2334 quae
1378 2254 1663 2330 formalis
1695 2253 1916 2334 peccati
1953 2253 2242 2313 rationem

124 2339 370 2416 habeat,
399 2343 751 2402 immensum
770 2388 787 2417 .,
812 2354 877 2402 ut
899 2344 979 2402 ita
1007 2343 1229 2421 dicam,
1258 2349 1443 2406 Deum
1466 2347 1620 2407 iuter
1639 2359 1699 2406 et
1716 2347 2018 2407 hominem
2041 2368 2246 2430 posue-

123 2447 267 2496 runt
302 2437 679 2497 intervallum
702 2438 828 2519 (4)3
863 2439 1211 2500 accusabant
1246 2454 1555 2523 propterea
1588 2441 1911 2502 Catholicos
1932 2489 1949 2518 ‚
1987 2464 2055 2502 eo
2078 2441 2239 2525 quod

131 2532 370 2612 gratiam
410 2534 867 2594 sanctificantem
913 2537 1123 2601 animae
1152 2538 1298 2615 justi
1341 2539 1724 2597 iulum-entem
1773 2559 1900 2599 esse
1935 2538 2244 2613 docerent,

135 2627 278 2687 adeo
314 2638 380 2686 ut
405 2627 491 2687 illi
521 2628 631 2689 hoc
661 2632 903 2692 nomine
941 2631 1162 2692 fuerint
1185 2655 1217 2692 a
1252 2634 1596 2695 Tridentino
1634 2633 1896 2694 damnati
1933 2633 2044 2716 (5).
2075 2635 2247 2694 Nunc

140 2889 221 2953 rig.
256 2884 413 2950 18423
442 2890 551 2937 item
580 2895 872 2942 Allocuzione
893 2899 1015 2943 della
1036 2897 1154 2944 San-
1263 2862 1280 2867 s
1301 2892 1368 2955 (1)
1404 2891 1553 2957 Supra
1581 2902 1696 2957 part.
1730 2908 1763 2939 u
1783 2928 1797 2952 ‚
1835 2902 1947 2942 sect.
1979 2909 1994 2940 1
2014 2928 2029 2953 ,
2065 2908 2167 2958 cap.
2196 2908 2214 2939 1
2234 2929 2249 2953 ‚

148 2967 238 3013 md
258 2969 308 3013 di
329 2974 486 3014 nostro
509 2969 701 3028 Siqnore
717 2970 943 3019 ancomo
964 2987 1029 3018 m>-
1051 2987 1154 3029 xvi,
1190 2989 1194 2993 ·
1238 2990 1368 3038 prop.
1400 2991 1417 3021 x
1450 2984 1496 3022 et
1523 2989 1579 3024 u.

149 3043 198 3086 al
231 3056 362 3088 sacro
395 3045 578 3103 colleqio
605 3047 679 3090 nel
706 3048 957 3093 conci-storo
987 3052 1158 3106 seyr-elo
1312 3057 1379 3121 (ᾖ)
1419 3056 1538 3105 lbid,

151 3117 223 3161 del
244 3117 303 3160 22
322 3118 485 3177 Luqlio
510 3119 628 3164 1842
648 3156 659 3175 ,
683 3122 862 3179 sequita
881 3123 942 3166 da
974 3136 1072 3167 una
1093 3137 1161 3168 es-

148 3192 382 3251 posizione
407 3196 650 3239 corrodata
679 3197 728 3240 di
763 3197 1019 3241 documenti
1048 3198 1161 3242 sulle

155 3267 403 3310 incessanti
422 3281 527 3313 cure
555 3271 674 3314 della
696 3274 836 3315 stes-sa
858 3269 1045 3316 Santitd
1067 3270 1162 3317 Sua

155 3354 186 3387 a
203 3343 367 3399 riparo
387 3342 460 3385 dei
481 3345 617 3400 gravi
636 3346 751 3389 mali
773 3346 834 3389 da
855 3347 931 3390 cui
951 3345 974 3390 ὲ
995 3347 1163 3405 afflitta
1310 3384 1381 3449 (4)
1414 3381 1478 3432 Vi
1481 3385 1509 3432 d
1610 3402 1677 3431 ωε
1719 3385 1806 3432 sori
1842 3386 1985 3432 simus
2031 3380 2083 3430 in
2119 3388 2235 3429 tract

156 3418 204 3462 la
224 3417 457 3475 Reliqioue
492 3420 707 3465 cattolica
733 3422 846 3479 neyl’
879 3422 1114 3479 imperiali
1142 3436 1163 3467 e
1462 3471 1472 3482 ,
1515 3420 1530 3435 ”
1577 3402 1605 3450 q
1811 3401 1838 3448 P
2241 3414 2258 3429 ⁸

156 3493 274 3536 reali
294 3492 491 3536 dominii
512 3493 563 3536 di
586 3493 1010 3553 RussiaePolonia,
1020 3497 1167 3546 Roma
1246 3464 1319 3518 De
1338 3476 1499 3531 qraem
1519 3500 1534 3530 ²
1567 3475 1687 3532 part’
1716 3481 1783 3536 Π)
1814 3482 1917 3531 ⁰³9⁶
1949 3482 1985 3514 ¹⁶

166 3569 684 3636 1842‚et.lourn.hiot
711 3585 756 3623 et
770 3576 864 3629 liet.
896 3579 953 3626 de
987 3579 1129 3645 Libye
1152 3616 1165 3639 ,
1320 3549 1385 3613 ‹5›
1424 3548 1528 3599 8⁶⁸⁸
1581 3565 1656 3610 ‘¹¹’
1688 3565 1793 3597 ⁰³¹¹*
1831 3564 1895 3597 ¹¹⁸

160 3663 194 3703 t.
236 3671 287 3703 ix
308 3689 322 3717 ,
354 3672 455 3720 pag.
483 3669 578 3705 222
603 3666 646 3706 et
664 3674 762 3724 seq.

1314 3138 1383 3203 (3)
1416 3138 1510 3187 cfr.
1540 3137 1724 3203 Bandry
1746 3173 1761 3197 ,
1798 3154 1872 3202 op.
1902 3138 1978 3186 cit.
2016 3134 2262 3192 Gemine-

1242 3238 1376 3270 mem
1390 3220 1508 3268 d’un
1521 3237 1649 3268 coeur
1660 3218 1947 3284 catholae'que,
1960 3235 2062 3285 pag.
2082 3215 2161 3285 74,
2173 3216 2256 3285 75,

1245 3303 1326 3352 ubi
1359 3304 1634 3351 documenta
1663 3302 1937 3361 afferuntur.
