2502 4134
274 64 396 124 443

883 89 1081 126 'r-RAGT.
1131 90 1199 127 1)ss
1244 89 1392 130 LOCIS
1435 92 1803 136 Tunetoolcls.

273 228 456 289 talem
472 226 886 288 certitudinem
904 250 1106 289 revera
1126 252 1197 289 ex
1212 237 1549 292 necessitate
1570 235 1927 300 immediata
1951 242 2262 326 progignat
2289 244 2403 325 (l)

275 325 495 400 Quaerit
526 344 660 402 ergo
707 325 1043 393 Hermesius
1089 327 1152 385 in
1193 326 1304 386 hoc
1349 328 1637 411 principio
1666 353 1679 388 :
1716 331 1942 406 Omne,
1972 340 2135 417 quod
2163 343 2404 412 emistit,

273 423 441 481 dehet
453 420 672 478 habere
683 421 1167 499 fundamentum
1183 467 1204 494 ,
1233 425 1394 482 unde
1416 427 1527 497 sit,
1548 426 1782 505 loquid
1795 430 2112 509 cogitemus
2133 480 2148 510 ,
2176 437 2244 494 20
2260 457 2406 515 quo-

274 517 445 574 modo
476 515 794 595 cogitemus
831 516 944 595 (2)
991 518 1221 598 Detegit
1266 541 1481 601 porro7
1526 521 1686 602 quod
1728 522 1851 582 haec
1892 529 2107 587 mentis
2147 529 2402 606 functio,

273 633 389 693 qua
431 611 716 691 cogitatur
754 614 1239 691 fundamentum
1289 637 1391 674 seu
1436 621 1594 675 ratio
1648 604 1941 697 sufficiens
1981 621 2217 701 alicujus
2257 628 2406 687 entis

269 708 533 790 percepti
557 753 572 782 a
607 730 728 767 non
753 709 1009 791 pertinet
1043 709 1117 768 ad
1140 714 1538 783 intellectum,
1575 715 1712 795 quia
1751 721 1876 793 jam
1902 718 2214 799 supponit,
2255 721 2408 783 hanc

270 804 609 864 facultatem
658 826 830 862 suum
878 804 1247 886 intelligendi
1304 819 1502 868 actum
1545 809 1721 891 plene
1778 815 2113 892 implevisse
2131 857 2151 886 ,
2211 819 2270 874 et
2322 817 2407 878 illi

267 905 618 981 supervenit
660 900 735 959 ad
777 900 917 976 hoc,
971 912 1036 960 ut
1069 923 1173 961 ens
1207 915 1556 986 perceptum
1591 908 1749 966 reale
1776 907 2059 969 reddatur
2094 931 2160 969 ac
2197 921 2400 972 tutum

266 1010 470 1058 contra
497 1001 869 1078 neqationem
890 997 1170 1058 realitatis
1201 999 1314 1079 (3).
1351 1002 1495 1081 Ergo
1511 1023 1578 1061 ea
1594 1002 1815 1062 functio
1831 1006 2091 1087 pertinet
2121 1006 2194 1066 ad
2217 1007 2397 1068 aliam

269 1093 449 1178 plane
477 1093 771 1154 diversam
811 1093 1151 1155 facultatem
1172 1142 1187 1171 7
1233 1118 1449 1179 nempe
1485 1102 1818 1171 rationem,
1858 1105 2017 1180 cujus
2045 1104 2282 1185 propria
2316 1098 2406 1164 est

269 1191 601 1272 synthetica
623 1191 884 1273 operatio
903 1193 1227 1269 fundandi
1246 1213 1347 1252 seu
1371 1195 1730 1255 stabiliendi
1757 1195 1867 1277 (lt).
1903 1198 2056 1258 Hinc
2078 1200 2225 1259 ratio
2250 1200 2400 1281 cogi-

340 1455 411 1520 (1)
450 1455 652 1504 Adnotat
688 1454 956 1503 Hermesius
977 1491 992 1515 ,
1032 1456 1158 1523 quod
1191 1467 1299 1505 ante

269 1535 550 1587 Kantianam
594 1540 978 1587 instaurationem
1022 1540 1161 1587 etiam
1211 1539 1299 1587 alia

268 1620 499 1687 principia
521 1658 534 1680 ‚
569 1622 635 1667 uti
658 1620 737 1668 illa
770 1620 1072 1681 identitatis,
1109 1629 1299 1668 contra-

269 1703 526 1763 dictionis,
556 1701 741 1750 exclusi
767 1701 922 1749 ·medii
938 1738 956 1764 ‚
981 1704 1301 1750 communiter

268 1784 675 1834 emistimabantur
691 1802 775 1832 nos
790 1785 1096 1833 determinare
1120 1802 1178 1833 ex
1198 1787 1295 1832 im·

267 1868 477 1916 mediata
523 1869 799 1916 necessitate
842 1868 908 1915 ad
950 1885 1002 1916 ea
1043 1885 1126 1932 pro
1169 1868 1298 1914 veris

267 1951 487 2001 habenda
508 1988 522 2010 ‚
555 1961 654 1998 tum
692 1954 743 1998 in
782 1953 1045 2015 cognitione
1077 1951 1293 2011 directa,

270 2046 368 2084 tum
401 2037 452 2082 in
481 2030 683 2096 reflexa.
705 2034 787 2081 Ast
813 2044 916 2099 post
944 2033 1168 2096 Kantiutn
1200 2050 1298 2081 non

269 2118 468 2182 amplius
514 2135 567 2166 ea
609 2117 930 2182 philosophice
972 2119 1165 2182 spectari
1208 2119 1297 2164 nisi

269 2200 410 2248 veluti
440 2216 594 2246 meras
618 2197 741 2262 leqes
770 2198 1045 2263 coqitandi5
1070 2199 1182 2246 hinc
1197 2234 1210 2260 ,
1235 2200 1297 2246 ait

269 2284 567 2343 Hermesius,
595 2299 670 2331 eos
690 2321 702 2342 ‚
734 2285 815 2348 qui
848 2282 1001 2331 adhuc
1029 2281 1112 2331 illa
1140 2282 1297 2348 appel-

267 2371 367 2419 lant
380 2370 639 2436 principia
653 2366 884 2433 formalia
911 2367 1130 2415 veritatis
1148 2402 1163 2425 ‚
1194 2384 1298 2414 ver-

267 2455 340 2503 bis
366 2454 559 2515 ludere3
596 2454 705 2518 quia
730 2450 1044 2517 principium
1071 2447 1297 2513 formali-

268 2546 340 2585 ter
371 2552 535 2585 verum
567 2551 667 2581 non
698 2542 765 2581 est
798 2534 902 2580 nisi
919 2540 1046 2579 recta
1071 2532 1296 2597 coqitatio

268 2621 373 2667 sine
415 2617 511 2666 ullo
553 2625 766 2683 respectu
810 2615 875 2664 ad
916 2616 1197 2676 veritatem,
1238 2631 1295 2662 ac

258 2703 571 2770 principium
601 2700 821 2748 veritatis
846 2696 1073 2763 formalis
1098 2696 1175 2744 nil
1193 2698 1296 2743 nisi

269 2784 345 2834 lea·
371 2784 678 2850 coqitationis
695 2820 708 2840 ,
743 2782 836 2831 loc.
862 2783 938 2829 cit.
964 2798 1068 2845 pag.
1098 2776 1208 2828 150.
1227 2779 1294 2828 Ex

270 2887 364 2935 quo
383 2877 507 2934 patet
526 2905 538 2927 ‚
568 2867 667 2914 haec
693 2866 899 2913 rationis
914 2862 1167 2930 principia
1185 2863 1293 2911 nul-

269 2951 369 2999 lum
396 2949 602 3000 valorem
630 2948 915 3014 objectivum
943 2950 1072 3012 juxta
1101 2945 1294 2995 Herme-

269 3037 390 3083 sium
421 3033 615 3091 habere3
637 3033 696 3081 de
727 3050 819 3098 quo
854 3029 982 3080 alibi.
1011 3030 1212 3078 Tantum
1237 3029 1296 3078 de

260 3117 511 3183 principio
545 3114 761 3169 causali,
809 3115 956 3180 pergit
996 3113 1291 3171 Hermastus,

270 3210 334 3249 est
360 3199 514 3247 adhuc
548 3201 737 3265 quaestio
775 3200 895 3245 inter
925 3195 1180 3256 realistas,
1211 3197 1293 3261 qui

270 3282 474 3332 valorem
505 3282 572 3329 illi
603 3281 887 3346 objectivum
921 3298 974 3328 ac
1006 3278 1182 3327 realem
1210 3280 1294 3326 tri-

270 3366 422 3415 buunt
439 3403 451 3422 ‚
473 3374 518 3412 et
535 3363 802 3426 idealistas,
825 3363 1026 3413 utiKant
1042 3374 1087 3412 et
1105 3363 1139 3410 F
1143 3361 1288 3422 ichte‚

275 3450 357 3516 qui
383 3449 524 3496 etiam
541 3447 656 3494 illud
676 3449 795 3495 inter
812 3445 1044 3511 formalia
1065 3443 1292 3510 principia

272 3549 354 3580 seu
399 3533 518 3580 inter
554 3547 702 3578 meras
739 3528 861 3594 leqes
901 3528 1148 3595 coqitandi
1176 3526 1290 3576 sub-

256 3615 465 3682 jectivas
504 3612 773 3664 amandam.
806 3613 926 3678 Ergo
966 3613 1024 3661 de
1059 3612 1149 3661 hoc
1184 3623 1292 3660 tan-

1382 1464 1487 1506 tum
1506 1495 1519 1518 ‚
1550 1459 1788 1508 concludit
1809 1497 1822 1520 ,
1850 1471 1998 1525 potest
2024 1462 2100 1510 hic
2121 1465 2308 1529 quaestio
2329 1465 2408 1511 in·

1382 1541 1530 1589 stitni.
1564 1540 1684 1590 Ibid.
1718 1560 1820 1607 pag.
1863 1542 1976 1592 151.

1453 1623 1517 1687 (2)
1555 1623 1687 1674 Intr.
1722 1624 1856 1674 Phil.
1891 1645 1940 1692 p.
1983 1625 2097 1676 153.

1451 1704 1519 1769 (3)
1559 1705 1684 1754 Haec
1715 1723 1839 1755 nova
1875 1709 2029 1772 iqitur
2061 1711 2271 1774 coqnitio
2306 1727 2406 1760 non

1382 1794 1449 1834 est
1487 1786 1613 1834 ullus
1653 1796 1798 1835 actus·
1826 1788 2089 1857 intellectus
2121 1791 2235 1853 (des
2275 1791 2333 1839 V
2327 1811 2406 1841 er-

1381 1868 1632 1933 standes)‚
1667 1871 1785 1934 quia
1814 1870 1890 1918 nil
1914 1874 1971 1918 in
2001 1889 2058 1920 ea
2090 1872 2404 1939 intelliqitur‚

1380 1967 1469 2000 nec
1503 1954 1650 1999 etiam
1678 1951 1806 2000 ullus
1841 1952 2146 2019 intelliqendi
2164 1965 2299 2004 actus
2315 1951 2408 2023 per

1381 2033 1519 2082 illam
1531 2043 1826 2100 procuratur
1852 2046 1938 2085 aut
1956 2047 2263 2102 promovetur
2276 2057 2296 2101 ;
2324 2039 2408 2088 sed

1381 2133 1436 2165 ea
1448 2119 1785 2183 praesupponit
1811 2115 1866 2167 τὲ
1888 2119 2156 2186 intelliqere
2169 2160 2186 2181 ,
2204 2131 2249 2169 et
2263 2123 2405 2187 quid-

1379 2200 1501 2264 quid
1528 2202 1740 2265 pertinet
1778 2200 1844 2249 ad
1872 2201 1997 2250 illud
2025 2202 2174 2252 veluti
2198 2203 2404 2270 comple-

1379 2290 1483 2330 tum
1515 2282 1879 2347 (Vollbracht)‚
1908 2292 1953 2332 et
1982 2287 2260 2351 supervenit
2287 2294 2404 2334 tunc

1380 2365 1617 2433 ejusmodi
1647 2367 1781 2414 actui
1821 2367 2136 2431 coqnoscendi
2180 2367 2403 2434 completo

1348 2473 1350 2475 ·
1379 2447 1529 2497 veluti
1545 2465 1698 2497 novus
1716 2451 1914 2498 omnino
1942 2467 1999 2498 ac
2027 2450 2087 2498 ab
2109 2467 2161 2499 eo
2185 2450 2403 2500 diversus

1381 2531 1697 2596 coqnoscendi
1735 2540 1870 2580 actus
1883 2568 1899 2595 ,
1937 2532 2003 2580 ad
2030 2532 2116 2581 hoc
2136 2542 2191 2581 ut
2214 2550 2296 2582 ens
2317 2551 2403 2583 seu

1379 2615 1610 2681 objectum
1633 2616 1690 2662 in
1709 2617 1875 2680 primo
1904 2624 2015 2664 actu
2024 2618 2137 2682 jam
2156 2618 2401 2681 coqnitum

1379 2696 1607 2745 reddatur
1650 2697 1942 2755 subsistens,
1987 2715 2044 2747 ac
2081 2708 2213 2746 tutus
2241 2699 2333 2762 fiat
2367 2714 2399 2746 a

1378 2796 1625 2838 non-esse,
1657 2796 1754 2828 uno
1787 2781 1925 2829 verbo
1947 2819 1957 2839 ‚
1990 2790 2045 2828 ut
2057 2781 2318 2846 fundatum
2335 2780 2399 2827 sit

1380 2863 1555 2927 (damit
1592 2881 1639 2911 es
1680 2863 1938 2929 begriindet
1976 2862 2159 2925 werde)
2186 2861 2279 2911 loc.
2313 2864 2393 2911 cit.

1378 2962 1481 3011 pag.
1520 2943 1635 3008 154.

1447 3028 1513 3093 (k)
1555 3027 1695 3076 Ratio
1722 3046 1800 3077 seu
1824 3026 2032 3093 facultas
2054 3025 2305 3091 fundandi
2326 3036 2397 3076 est

1383 3111 1442 3159 V
1435 3111 1652 3177 ernunft.
1687 3112 1826 3160 Ratio
1844 3147 1862 3174 ,
1890 3115 1955 3160 ait
1983 3110 2174 3158 Hermes
2191 3147 2204 3170 ‚
2234 3118 2302 3158 est
2316 3111 2396 3174 fa-

1376 3194 1527 3244 cultas
1548 3195 1758 3243 absolute
1781 3195 2011 3242 distincta
2041 3194 2102 3241 ab
2124 3193 2391 3255 intellectu,

1375 3281 1466 3327 etsi
1490 3295 1599 3326 cum
1621 3280 1708 3326 isto
1736 3276 1894 3324 adhuc
1909 3292 1940 3322 a
1961 3284 2061 3323 tam
2080 3278 2270 3340 maqnis
2283 3275 2396 3342 phi-

1375 3361 1582 3429 losophis
1605 3361 1761 3410 oetatis
1782 3365 1956 3407 nostroe
1986 3359 2145 3423 quoad
2171 3359 2396 3407 substan-

1376 3445 1496 3492 tiam
1518 3443 1655 3507 (dem
1679 3440 1766 3490 W
1760 3458 1870 3489 esen
1891 3442 2045 3505 nach)
2074 3441 2232 3507 fuerit
2256 3441 2396 3490 iden-

1375 3527 1590 3592 tificatur,
1621 3543 1727 3592 pag.
1767 3523 1881 3592 ¹59·
1902 3525 2031 3574 Licet
2061 3542 2198 3591 porro
2231 3524 2396 3590 aliqua

1376 3608 1615 3658 distinctio
1654 3610 1775 3657 inter
1811 3608 1894 3656 has
1940 3606 2180 3658 facultates
2217 3607 2396 3657 admitti
