2502 4134
2094 105 2212 166 493

418 134 575 173 PAR'r.
620 135 700 172 111.
749 133 899 170 SECT.
946 136 990 169 1.
1042 133 1168 171 CAP.
1215 132 1279 170 11.
1330 133 1397 169 DE
1434 131 1568 168 ΕΔΤ.
1620 130 1753 168 CUM.
1803 131 1911 168 mn.

96 276 455 338 conditorem
493 276 669 334 etiam
712 274 1210 335 demonstratione
1246 294 1353 355 per
1392 273 1677 354 principia
1721 271 1963 331 rationis
1994 291 2213 350 cogno—

93 383 276 432 scant.
301 367 506 431 Melior
528 381 811 451 praeterea
827 369 1073 430 dicenda
1096 369 1270 442 foret7
1296 369 1361 429 in
1381 368 1849 428 adversariorum
1873 366 2210 448 hypothesi7

92 453 393 526 rudiorum
437 487 612 546 quam
664 465 968 524 doctorum
1019 461 1314 535 conditi03
1372 462 1533 544 quod
1577 484 1752 523 nemo
1805 463 1917 521 nisi
1962 460 2214 522 absurde

93 560 490 620 affirmaverit.
826 630 829 632 Ι

173 656 314 714 226.
364 658 732 736 Quapropter
748 654 1140 736 comperimus
1160 697 1175 727 7
1202 652 1335 711 illos
1355 652 1707 735 eosdemque
1733 653 1997 712 Ecclesiae
2022 655 2217 712 Patres

93 772 157 810 ac
192 750 456 809 doctores
478 796 493 821 7
526 751 625 831 qui
652 749 848 831 plures
871 770 1085 830 easque
1115 748 1491 808 solidissimas
1516 748 1811 808 dederunt
1837 748 1909 808 de
1934 748 2038 808 Dei
2066 751 2219 809 exis-

93 846 274 905 tentia
296 850 533 926 ejusque
555 843 974 903 attributorum
994 843 1526 903 demonstrationes
1547 889 1563 919 7
1601 855 1667 902 ut
1699 846 1974 904 veritates
1995 854 2216 903 ceteras

96 941 326 1001 silentio
349 952 762 1022 praetereamus
779 985 795 1013 7
824 939 1114 998 inculcare
1136 939 1270 999 fidei
1297 941 1706 999 necessitatem
1725 942 1788 997 in
1808 938 1936 998 illas
1956 939 2220 999 easdem-

94 1058 205 1117 que
249 1036 520 1096 veritates
562 1057 595 1094 a
634 1037 755 1094 Deo
800 1030 1106 1096 revelatas,
1152 1035 1381 1093 Etenim
1422 1031 1486 1093 S.
1539 1035 1790 1114 Cyrillus
1832 1034 2216 1115 Hierosolym.

100 1132 328 1192 Catech.
376 1131 421 1190 I
428 1130 510 1204 V7
554 1129 806 1189 adstruit
829 1129 1235 1189 necessitatem
1272 1127 1547 1188 credendi
1591 1131 1654 1187 in
1709 1131 1934 1204 Deum7
1982 1133 2221 1210 ejusque

94 1225 375 1285 attributa
395 1223 508 1283 fide
530 1223 772 1284 tenendi
794 1269 810 1299 7
844 1245 933 1283 ex.
955 1245 1038 1303 gr.
1055 1223 1408 1303 potentiam7
1438 1223 1786 1304 sapientiam
1805 1268 1822 1297 7
1849 1222 2184 1283 libertatem
2199 1266 2216 1297 7

94 1333 203 1381 etc.
254 1318 379 1398 (l)7
428 1339 556 1399 quae
601 1329 799 1378 tamen
839 1339 946 1400 per
981 1319 1270 1378 rationem
1321 1318 1585 1398 cognosci
1621 1329 1864 1398 queunt.
1903 1319 1997 1378 Sic
2039 1320 2218 1379 etiam

93 1416 153 1473 S.
193 1413 544 1492 Augustinus
567 1456 582 1484 7
617 1413 719 1492 qui
742 1457 758 1485 7
794 1415 887 1471 De
915 1415 1156 1471 civitate
1184 1415 1336 1482 Dei,
1374 1412 1578 1486 docet7
1624 1412 1877 1472 officium
1912 1414 2047 1474 fidei
2079 1420 2220 1492 pri-

92 1528 264 1566 mum
288 1517 345 1564 ct
365 1510 711 1564 mamimum
739 1527 854 1564 esse
868 1548 890 1576 ,
918 1516 991 1564 ut
1023 1511 1089 1564 in
1116 1528 1321 1565 verum
1353 1509 1641 1566 credatur
1672 1510 1871 1567 Deum
1895 1508 2014 1588 (2);
2041 1520 2100 1569 et
2123 1509 2220 1569 alii

91 1602 307 1685 passim
350 1600 463 1681 (3).
516 1602 666 1659 Hinc
709 1601 954 1660 eximius
997 1602 1209 1660 Suarez
1250 1601 1517 1683 pluribus
1575 1601 1871 1677 ostendit7
1928 1625 2097 1684 posse
2142 1602 2217 1664 ab

92 1695 303 1758 eodem
326 1697 401 1755 de
438 1717 553 1754 una
574 1695 896 1777 eademque
924 1696 1170 1758 veritate
1197 1695 1400 1755 haberi
1425 1696 1599 1755 simul
1626 1698 2018 1776 cognitionem
2041 1698 2217 1757 etiam

95 1791 428 1853 evidentem
442 1802 504 1849 et
516 1789 692 1850 fidem
710 1788 837 1869 (4)3
868 1801 927 1849 et
950 1802 1091 1849 ante
1114 1791 1312 1871 ipsum
1333 1793 1390 1850 S.
1421 1791 1672 1850 Thomas
1699 1791 1896 1851 docuit
1924 1792 2216 1853 credenda

97 1907 220 1946 esse
238 1931 255 1962 7
293 1906 418 1968 quae
453 1884 707 1944 naturali
743 1885 973 1944 ratione
999 1885 1237 1967 probari
1261 1897 1507 1966 possunt
1532 1886 1644 1965 (5).

175 1981 317 2040 227.
365 1982 497 2041 Sive
517 1981 694 2060 igitur
709 1978 938 2040 diversa
967 1991 1295 2062 spectemus
1313 1981 1596 2063 principia
1618 2026 1635 2056 7
1657 2002 1729 2041 ex
1756 1980 1966 2063 quibus
1996 1983 2217 2044 eaedem

97 2077 367 2137 veritates
412 2075 719 2135 dimanant
739 2120 753 2148 7
784 2077 905 2136 sive
936 2075 1278 2135 earumdem
1302 2088 1578 2135 naturam
1597 2122 1613 2151 7
1654 2077 1777 2138 sive
1802 2076 2058 2160 denique
2080 2084 2218 2139 sen·-

98 2172 282 2231 tiendi
324 2183 383 2231 et
427 2171 636 2252 agendi
678 2171 1003 2245 rationem7
1060 2193 1237 2253 quam
1285 2170 1549 2231 Ecclesiae
1597 2174 1795 2231 Patres
1851 2184 1911 2232 et
1950 2173 2216 2234 doctores

98 2278 415 2326 tenuerunt
435 2311 450 2341 7
496 2277 695 2347 patet7
750 2266 908 2348 quod
954 2267 1366 2348 proposuimus
1389 2312 1405 2340 7
1451 2288 1616 2347 posse
1668 2266 1935 2328 videlicet
1972 2268 2046 2329 de
2092 2292 2210 2328 uno

100 2361 420 2443 eodemque
455 2360 681 2439 objecto
723 2361 1026 2426 scientiam
1058 2351 1230 2420 simul
1284 2382 1348 2420 ac
1384 2360 1562 2421 fidem
1595 2360 1821 2421 haberi.

167 2622 233 2686 (1)
274 2621 418 2670 Num.
440 2637 486 2669 iv
505 2659 518 2682 ‚
550 2640 578 2670 v
597 2633 640 2671 et
667 2639 730 2671 vl.
752 2623 868 2671 edit.
891 2622 1079 2671 Touttei
1098 2660 1111 2683 7

98 2722 202 2770 pag.
248 2701 338 2763 53,
380 2700 446 2766 54
467 2741 481 2763 ,
526 2713 571 2751 et
610 2705 776 2752 iterum
807 2702 1000 2752 Calech.
1031 2721 1111 2764 Vl,

99 2804 199 2852 quae
231 2796 300 2833 est
334 2784 408 2833 De
437 2801 535 2834 uno
569 2785 693 2833 Deo.

169 2868 233 2933 (2)
266 2867 371 2916 Lib.
403 2885 447 2916 iv
467 2904 481 2926 ‚
512 2884 619 2933 cap.
658 2883 740 2917 20.

165 2950 234 3013 (3)
271 2950 348 2998 Uti
379 2950 621 3010 Ruffinus,
657 2952 708 2998 in
732 2948 964 3016 Exponit.
991 2966 1117 3015 sym-

102 3030 218 3094 boli,
249 3051 300 3083 n.
321 3030 382 3095 43
403 3031 451 3080 S.
478 3032 616 3081 Joan.
644 3030 884 3097 Chrysost.
915 3032 1115 3099 aliique,

105 3129 220 3177 quos
254 3114 389 3163 refert
430 3113 561 3179 Greg.
596 3113 652 3163 de
680 3114 919 3175 Valentia,
953 3116 1004 3162 in
1039 3131 1116 3179 op.

102 3195 260 3242 citato.
277 3195 397 3244 Hinc
411 3195 462 3245 S.
483 3195 574 3245 Th.
596 3211 626 3244 2
646 3233 661 3258 ,
688 3213 716 3243 2
735 3233 749 3257 ,
781 3214 830 3262 q.
861 3211 890 3243 2
911 3234 925 3254 7
950 3205 1033 3244 art.
1052 3193 1111 3258 4,

106 3276 156 3322 in
187 3292 313 3340 corp.
337 3278 500 3338 docet,
538 3280 846 3327 necessarium
889 3295 986 3327 esse
1025 3278 1115 3326 ho-

108 3359 223 3405 mini
259 3361 462 3424 accipere
499 3379 581 3426 per
607 3362 804 3410 modum
844 3361 986 3419 fidei,
1020 3378 1117 3409 non

109 3439 258 3487 solum
289 3457 371 3501 ea,
409 3457 511 3507 quae
549 3454 656 3492 sunt
691 3461 825 3509 supra
856 3445 1081 3491 rationem
1100 3479 1113 3501 ‚

110 3522 189 3571 sed
219 3525 356 3571 etiam
385 3541 437 3572 ea
464 3561 479 3583 ‚
506 3544 606 3591 quae
639 3545 720 3593 per
746 3529 972 3578 rationem
1009 3544 1116 3592 cog-

110 3606 235 3652 nosci
253 3617 460 3669 possunt.
478 3605 623 3673 Cujus
639 3609 854 3658 doctrinae
878 3619 967 3659 tres
983 3607 1116 3658 affert

1198 2625 1396 2671 rationes
1415 2660 1427 2682 7
1459 2640 1658 2690 quarum
1683 2634 1911 2688 postrema
1938 2632 2007 2672 est
2024 2630 2221 2689 propter

1197 2703 1531 2753 certitudinem
1547 2725 1566 2766 ‚-
1595 2707 1722 2753 ratio
1756 2707 1884 2753 enim
1917 2704 2134 2753 humana
2165 2706 2220 2752 in

1198 2787 1339 2835 rebus
1368 2787 1552 2835 divinis
1587 2796 1656 2835 ese
1690 2787 1894 2835 multum
1934 2787 2217 2851 deficiens...

1211 2867 1280 2918 Ut
1306 2886 1416 2935 erqo
1445 2878 1564 2923 esset
1599 2869 1878 2918 indubitata
1906 2877 1952 2918 et
1979 2879 2106 2918 certa
2138 2885 2221 2917 co-

1197 2955 1354 3019 quitio
1382 2953 1516 3019 apud
1539 2953 1757 3001 homines
1773 2952 1832 3000 de
1861 2949 1961 3001 Deo
1973 2987 1992 3015 ‚
2011 2954 2220 3018 oportuit

1200 3035 1326 3101 quod
1353 3034 1525 3083 divina
1554 3036 1624 3082 eis
1643 3050 1738 3100 per
1762 3033 1957 3082 modum
1976 3034 2099 3098 fidei
2120 3042 2218 3083 tra-

1202 3117 1428 3166 derentur
1455 3118 1599 3182 quasi
1622 3133 1652 3164 a
1670 3113 1770 3165 Deo
1790 3115 1948 3177 dicta,
1978 3118 2067 3181 qui
2083 3133 2218 3165 men-

1154 3242 1157 3246 ,
1202 3201 1291 3248 tiri
1319 3216 1415 3248 non
1439 3207 1609 3265 potest.

1273 3281 1339 3343 (lo)
1370 3282 1557 3347 Disput.
1595 3291 1676 3344 m,
1697 3291 1788 3329 tota
1820 3291 1929 3329 secr.
1968 3296 2018 3330 2.

1271 3364 1333 3427 (ὅ)
1371 3363 1433 3412 Ut
1454 3373 1577 3429 patet
1602 3381 1657 3412 ex
1678 3373 1809 3412 textu
1831 3363 1969 3411 modo
1989 3363 2213 3421 adducto7

1201 3456 1245 3493 et
1268 3456 1476 3511 praeterea
1505 3464 1553 3511 p.
1585 3462 1633 3506 17
1669 3464 1716 3512 q.
1745 3463 1792 3506 1,
1823 3456 1907 3493 art.
1940 3442 1974 3492 6
2006 3455 2049 3493 et
2076 3459 2138 3510 7;
2177 3454 2222 3492 et

1206 3527 1366 3576 Comr.
1400 3536 1527 3591 qent.
1562 3526 1649 3577 lib.
1684 3545 1732 3588 ι,
1765 3544 1868 3592 cap.
1900 3525 1950 3589 4.
