2502 4134
294 123 411 184 346

921 148 1115 185 TRAc'r.
1154 150 1233 185 »Β
1277 150 1422 188 tocts
1465 154 1836 193 TnEoLoatcts.

294 303 603 374 propterea
640 290 926 349 certitudo
961 289 1214 351 habetur
1247 291 1320 352 de
1355 296 1714 356 connexione
1748 298 1918 376 hujus
1954 300 2183 375 indicii7
2236 304 2407 361 nimi-

294 408 427 445 rum
472 388 887 458 auctoritatis,
927 407 1060 445 cum
1107 388 1536 470 propositione,
1589 391 1662 449 de
1706 413 1819 472 qua
1864 395 2084 474 agitur,
2129 419 2193 456 ac
2236 398 2407 456 simul

295 479 580 541 certitudo
617 480 692 541 de
735 481 888 540 illius
936 482 1132 541 indicii
1182 485 1460 561 veritate,
1518 486 1663 544 certi
1708 488 1948 547 omnino
1994 491 2294 551 reddimur
2335 493 2407 552 de

294 576 537 637 veritate
578 577 754 659 ipsius
779 578 1189 660 propositionis
1224 580 1334 659 (l).
1372 582 1445 639 At
1473 581 1752 662 quoniam
1799 581 1919 642 haec
1952 587 2236 646 certitudo
2285 610 2405 647 non

292 670 431 731 inde
469 675 780 754 provenit
830 673 986 756 quod
1023 674 1177 733 illius
1216 676 1476 735 veritatis
1514 677 1802 736 rationem
1838 678 2148 740 intrinsece
2182 684 2409 765 perspi-

294 768 544 842 ciamuS.,
571 768 675 828 sed
702 768 777 828 ab
806 771 1130 830 extrinseco
1154 770 1536 851 cognoscendi
1559 760 1719 832 fonte
1739 819 1754 847 a
1792 773 2010 834 scilicet
2034 777 2405 854 auctoritate,

293 863 433 924 hinc
470 886 575 924 nos
614 865 845 926 veritati
879 865 965 924 illi
1002 865 1076 924 ob
1115 867 1522 943 auctoritatem
1561 869 1864 943 assentiri,
1913 869 1974 928 id
2014 881 2136 945 est.
2180 875 2411 932 credere

293 960 562 1020 dicimur.
592 962 718 1035 Quo
754 962 820 1021 fit
856 973 956 1036 ut7
996 963 1042 1020 si
1074 964 1431 1022 auctoritatis
1468 964 1682 1023 veritas
1721 915 1962 1024 evid'ens
1990 966 2095 1042 sit,
2135 967 2411 1048 proposi-

294 1056 376 1113 tio
394 1100 409 1130 ,
449 1077 575 1138 quae
604 1078 711 1139 per
733 1079 863 1118 eam
886 1059 1225 1135 innotescit,
1263 1061 1561 1119 evidenter
1588 1061 1901 1120 credibilis
1931 1062 2051 1120 fiat.
2087 1062 2410 1123 Auctoritas

295 1171 436 1211 vero
457 1153 579 1213 sive
603 1152 1002 1213 testimonium
1030 1176 1165 1215 cum
1189 1154 1285 1217 vel
1310 1156 1414 1216 Dei
1436 1156 1615 1239 ipsius
1645 1158 1827 1239 possit
1855 1178 1979 1217 esse
2003 1157 2096 1219 vel
2121 1157 2378 1218 hominis
2393 1205 2408 1234 .,

294 1246 437 1307 fides
479 1248 572 1308 vel
609 1248 808 1310 divina
847 1250 958 1310 erit
996 1249 1091 1311 vel
1131 1250 1410 1313 humana.

374 1344 475 1404 25.
528 1348 602 1404 At
620 1345 779 1406 enim
800 1367 1120 1428 quamnam
1153 1346 1566 1409 certitudinem
1595 1347 1668 1407 de
1699 1347 1852 1407 illius
1874 1350 2181 1412 extrinseci
2208 1350 2411 1410 indicii

294 1441 565 1516 veritate,
590 1440 808 1502 scilicet
827 1446 1239 1513 auctoritatis,
1275 1444 1502 1525 assequi
1530 1464 1868 1525 possumuS,
1896 1456 1955 1503 et
1978 1465 2246 1526 quaenam
2272 1444 2411 1504 ind-e

291 1538 607 1605 necessitas
634 1559 902 1600 assensus
928 1537 1235 1600 dimanat?
1262 1539 1320 1600 Si
1350 1539 1660 1599 auctoritas
1687 1539 1786 1598 ina
1814 1540 1878 1598 in
1899 1539 2002 1599 Dei
2034 1540 2216 1621 ipsius
2251 1540 2409 1600 testi-

289 1759 387 1808 loro
421 1759 583 1807 niente
613 1775 816 1825 appare,
844 1759 929 1808 che
955 1776 1017 1807 ne
1036 1775 1239 1825 scuopra
1265 1758 1312 1808 la

289 1840 362 1889 lor
393 1842 744 1903 convenienza,
772 1857 799 1889 o
818 1840 1131 1906 ripuqnanza
1145 1877 1161 1903 ‚
1191 1840 1312 1888 onde

283 1925 469 1990 fhrzati
511 1926 667 1973 siamo
706 1924 762 1971 di
800 1927 1031 1973 ricorrere
1067 1924 1132 1972 ad
1173 1941 1311 1989 arqo-

289 2010 441 2056 menti
461 2007 735 2068 estrimecss
759 2005 844 2055 che
871 2007 927 2055 di
950 2015 1113 2072 questa
1140 2023 1310 2055 conve-

288 2091 468 2138 nienza
492 2127 505 2147 ,
555 2106 583 2137 o
626 2091 940 2156 ripuqnanza
986 2106 1048 2137 ne
1083 2090 1311 2154 facciano

290 2174 426 2222 certi.
472 2171 600 2221 Nell’
639 2172 897 2239 adoperare
925 2171 973 2220 Ia
1002 2174 1170 2238 prima
1205 2189 1311 2222 ma-

288 2256 429 2303 nicra
454 2253 497 2302 il
518 2253 744 2318 qiudizio
773 2254 858 2303 che
884 2256 931 2301 si
954 2254 1012 2319 fa
1037 2253 1157 2302 della
1183 2256 1306 2302 veri-

288 2338 370 2398 τὰ,
419 2354 445 2385 o
486 2335 658 2402 falsita
700 2336 756 2385 di
796 2353 899 2386 una
931 2338 1271 2404 proposizione
1290 2371 1308 2398 ‚

289 2436 433 2469 nasce
463 2419 594 2468 dalla
623 2435 912 2469 conoscenza
929 2420 1130 2486 diretta,
1165 2420 1313 2469 chesi

293 2502 356 2551 ha
381 2501 503 2552 della
524 2503 677 2551 verit&
689 2538 706 2565 ‚
738 2519 764 2551 o
780 2502 950 2568 salsita
966 2502 1022 2550 di
1033 2502 1187 2568 quella
1202 2520 1311 2552 con-

291 2585 503 2635 siderata
530 2587 586 2634 in
615 2602 664 2633 se
694 2585 980 2646 medesima,
1006 2585 1158 2651 voqlio
1176 2587 1309 2651 dire,

290 2666 375 2715 che
411 2670 458 2715 si
492 2668 604 2716 cede
618 2704 635 2731 ‚
675 2684 701 2717 ο
742 2668 975 2716 s‘intende
1013 2669 1072 2716 in
1113 2667 1311 2733 qualche

289 2752 426 2800 modo
469 2750 516 2800 la
555 2753 864 2800 connessione
901 2768 928 2800 o
967 2753 1308 2818 ripuqnanza,

289 2834 373 2883 che
395 2852 544 2901 passa
570 2843 644 2883 tra
668 2835 812 2884 l'idea
838 2834 915 2883 del
940 2843 1142 2900 soqqetto
1165 2853 1189 2883 e
1206 2834 1310 2883 delt‘

290 2918 518 2966 attributo
535 2955 550 2975 ‚
587 2936 612 2967 e
649 2919 695 2966 si
724 2934 779 2966 sa
799 2926 1019 2984 portanto
1051 2934 1148 2965 non
1176 2917 1270 2967 solo
1288 2953 1305 2980 ‚

290 2999 364 3047 ch’
392 3002 417 3049 ὲ
447 3017 592 3065 vera,
625 3018 706 3050 ma
735 3001 791 3049 di
804 2999 901 3067 piz'c
931 2999 1069 3066 quale
1098 3001 1122 3048 ὲ
1148 3000 1195 3047 la
1227 3017 1311 3049 ra-

288 3083 429 3147 yionc
445 3118 463 3146 ‚
499 3083 584 3132 che
609 3085 1034 3132 intrinsecamente
1065 3099 1126 3130 ne
1160 3083 1312 3131 deter-

291 3166 432 3213 mina
449 3165 495 3213 la
515 3167 687 3217 verita.
707 3165 839 3215 Colla
863 3166 1067 3219 secondo
1089 3168 1309 3214 maniera

292 3247 339 3294 si
361 3247 464 3312 pao
489 3264 629 3313 saper
654 3247 854 3297 soltanto
868 3284 884 3311 ‚
917 3248 1002 3296 che
1021 3263 1134 3296 sono
1154 3246 1226 3313 qli
1242 3265 1313 3297 es-

291 3333 435 3379 tremi
464 3335 685 3382 connessi
701 3370 717 3396 ,
753 3351 780 3382 o
806 3334 1128 3402 ripuqnan'ti,
1164 3349 1311 3381 senza

290 3413 377 3463 che
416 3430 532 3463 aver
559 3417 607 3463 si
633 3432 778 3481 possa
815 3434 916 3466 una
957 3417 1131 3465 diretta
1171 3432 1314 3464 cono-

294 3499 490 3547 scienza
528 3497 651 3547 della
696 3498 767 3548 lor
806 3505 1117 3550 connessione
1131 3537 1148 3564 ,
1180 3517 1206 3549 ο
1241 3502 1314 3548 ri-

286 3598 555 3647 puqnanza
597 3602 613 3631 .·
661 3583 782 3632 <mdc
823 3592 896 3632 sta
935 3584 982 3633 la
1027 3585 1320 3646 sicurezza,

294 3663 383 3712 che
418 3682 514 3714 una
547 3682 656 3714 cosa
689 3667 712 3713 ὀ
744 3683 852 3715 vera
878 3684 1023 3717 senza
1043 3683 1226 3716 veruna
1244 3668 1324 3715 in-

1395 1758 1649 1823 telliyenza
1677 1758 1800 1806 della
1827 1774 1918 1806 sua
1940 1759 2117 1818 verita,
2146 1756 2342 1822 qiacche
2365 1756 2411 1804 la

1395 1842 1546 1890 verita
1575 1840 1830 1889 obbiettiva
1857 1842 2061 1888 consiste
2074 1839 2200 1887 nella
2215 1856 2412 1888 connes-

1394 1926 1529 1972 sione
1566 1922 1684 1971 delle
1717 1939 1842 1973 cose.
1879 1923 2059 1971 Videsis
2089 1923 2279 1970 latinam
2310 1939 2411 1970 ver-

1395 2008 1575 2055 sionem
1595 2007 1736 2073 hujus
1751 2007 1839 2055 loci
1867 2005 1925 2053 ad
1948 2004 2124 2054 calcem
2141 2004 2409 2053 voluminis.

1396 2090 1529 2138 Hanc
1545 2092 1692 2155 ipsam
1709 2090 1939 2137 theoriam
1955 2098 2193 2154 pertractat
2204 2104 2300 2153 pag.
2320 2086 2411 2136 135

1395 2184 1439 2223 et
1471 2191 1623 2240 seqq„
1662 2171 2197 2239 eamdemque-applicat
2229 2173 2415 2236 Myste-

1394 2258 1487 2304 riis
1534 2257 1794 2305 christianae
1839 2255 2148 2304 revelationis.
2196 2253 2417 2318 Quamvis

1394 2357 1530 2405 porro
1555 2340 1818 2387 auctoritas
1851 2339 2078 2403 praecipue
2107 2337 2332 2401 pertineat
2358 2335 2416 2383 ad

1395 2423 1525 2470 hunc
1545 2421 1852 2488 cognoscendi
1875 2422 2054 2469 fontem
2080 2422 2383 2468 extrinsecum
2399 2455 2413 2478 ‚

1394 2524 1491 2554 non
1533 2523 1584 2554 ea
1623 2516 1778 2554 tamen
1823 2504 1917 2552 sola
1957 2505 2109 2568 ipsum
2146 2499 2412 2563 constituit3

1394 2591 1532 2638 etiam
1551 2604 1656 2654 quae
1676 2586 1902 2636 dicuntur
1928 2586 2197 2652 apoqoqicoe
2219 2585 2412 2632 demon-

1393 2675 1635 2721 strationes
1669 2689 1748 2720 seu
1780 2671 1840 2718 ab
1874 2670 2108 2731 absurdo,
2148 2669 2207 2717 ab
2238 2667 2412 2716 extrin-

1393 2758 1506 2805 secis
1540 2755 1821 2819 argumentis
1847 2753 2121 2819 procedunt.

1463 2837 1530 2901 (1)
1556 2835 1686 2885 Certe
1701 2838 1877 2885 etiamsi
1895 2836 2152 2900 ex.gr.quis
2169 2847 2413 2897 nunquam

1393 2921 1558 2971 viderit
1573 2919 1839 2967 Londinum
1856 2956 1869 2978 ‚
1899 2935 1952 2966 ac
1972 2915 2164 2982 proinde
2193 2914 2319 2962 haud
2340 2915 2413 2962 vi-

1393 3006 1497 3055 deat
1542 3001 1782 3069 quomodo
1833 3000 2109 3048 attributum
2160 2998 2414 3045 existentiae

1393 3087 1575 3137 realiter
1591 3086 1835 3133 conveniat
1851 3085 1892 3131 ei
1909 3082 2111 3139 civitati,
2135 3090 2292 3127 tamen
2309 3096 2417 3127 cum

1394 3180 1521 3220 tanta
1538 3169 1909 3218 testimoniorum
1930 3182 1982 3212 ac
2002 3171 2421 3212 monumentorum

1395 3255 1525 3319 copia
1553 3251 1681 3300 illam
1724 3249 2083 3315 propositionem
2126 3247 2265 3307 facti,
2300 3244 2424 3311 quod

1396 3335 1676 3386 Londinum
1728 3332 1888 3380 ewistit
1905 3366 1923 3393 ‚
1977 3330 2213 3378 suffultam
2257 3345 2424 3395 cogno-

1398 3429 1492 3469 scat
1514 3456 1528 3479 ‚
1558 3417 1822 3466 eaetrinsece
1842 3414 2032 3481 quidem
2059 3452 2071 3474 ‚
2098 3416 2175 3461 sed
2199 3414 2427 3460 omnimo-

1399 3503 1508 3552 dam
1542 3501 1741 3566 acquirit
1778 3498 2100 3547 certitudinem
2124 3535 2137 3557 ,
2168 3496 2294 3564 quod
2327 3494 2427 3543 haec

1407 3585 1655 3651 propositio
1689 3583 1793 3631 facti
1822 3583 2053 3631 verissima
2082 3583 2155 3630 sit.
