2502 4134
308 143 385 202 66
926 161 1124 201 rnAcT.
1174 165 1241 199 DE
1287 163 1438 200 Locis
1481 165 1853 206 ruuotoeicis.

304 305 567 368 Ecclesiae
604 305 946 368 auctoritate
969 352 985 381 ,
1033 318 1219 366 certos
1256 328 1383 366 esse
1420 306 1493 368 de
1526 308 1891 391 singulorum
1922 311 2227 371 Librorum
2262 334 2433 375 sacrae

302 404 614 486 Scripturae
643 400 950 462 divinitate
983 424 1084 463 seu
1119 403 1322 463 divina
1369 403 1772 486 inspiratione.
1814 408 1900 467 Sit
1932 408 2107 490 igitur

1085 649 1497 703 PROPOSITIO
1539 653 1584 705 Ι.

290 834 447 894 Jure
478 836 688 893 merito
730 828 1068 892 Concilium
1115 833 1554 894 Tridentz‘num
1595 836 1790 902 docet,
1838 858 2037 898 unu-m
2079 842 2277 901 Deum
2316 865 2434 903 esse

373 930 704 989 Librorum
733 934 1167 988 canonicorum
1206 935 1521 1010 utriusque
1563 930 1932 991 Testamenti
1951 945 2289 1009 auctorem,
2329 960 2433 998 seu

372 1047 462 1084 eos
485 1048 599 1084 esse
627 1026 839 1084 Libros
867 1047 1068 1085 sacros
1085 1068 1105 1097 ,
1139 1037 1336 1104 utpote
1357 1029 1598 1105 Spiritu
1616 1028 1677 1085 S.
1700 1028 1939 1106 afflante
1954 1072 1974 1099 ,
1999 1031 2207 1091 saltem
2236 1036 2442 1112 quoad

374 1143 469 1182 res
503 1133 559 1180 et
595 1128 920 1180 sententias
939 1165 959 1193 ,
998 1129 1385 1201 conscrz'pCOS.

376 1367 515 1428 105.
567 1370 744 1428 Prout
801 1387 874 1426 ex
932 1363 1115 1423 thesis
1173 1365 1583 1425 enunciatione
1642 1364 1873 1447 liquet,
1930 1372 2100 1445 juxta
2166 1369 2429 1432 Ecclesiae

291 1464 620 1524 doctrinam
662 1462 1005 1541 attingimus
1046 1459 1229 1519 solam
1275 1459 1488 1522 divinae
1534 1462 1943 1544 inspirationis
1983 1464 2295 1524 Librorum
2334 1487 2434 1526 ca-

290 1561 630 1620 nonicorum
676 1557 1042 1617 existentiam
1069 1601 1084 1629 ,
1127 1577 1258 1637 quae
1301 1577 1423 1615 sese
1456 1558 1737 1618 extendat
1768 1561 1975 1617 saltem
2016 1560 2090 1618 ad
2128 1570 2432 1643 res'atque

287 1657 606 1717 sententias
645 1656 705 1713 in
747 1655 814 1712 iis
851 1664 1193 1726 contentaS,
1234 1673 1467 1734 quaque
1507 1653 1609 1712 fiat
1634 1699 1650 1728 s
1699 1665 1764 1712 ut
1792 1655 1906 1736 ipsi
1946 1677 2062 1714 non
2107 1656 2281 1715 modo
2317 1659 2432 1717 im—

286 1774 494 1811 munes
533 1751 650 1810 sint
681 1771 714 1808 a
743 1748 948 1831 quavis
990 1747 1085 1807 vel
1115 1748 1233 1807 levi
1268 1737 1480 1807 erroris
1517 1747 1687 1823 labe,
1717 1754 1887 1828 juxta
1927 1750 2208 1826 traditam
2244 1753 2429 1836 inspi-

283 1849 524 1908 rationis
547 1846 881 1919 notionem‚
909 1843 1012 1904 sed
1037 1856 1319 1926 praeterea
1347 1855 1413 1902 ut
1443 1847 1597 1904 Deus
1632 1867 1785 1904 unus
1817 1845 1994 1906 fuerit
2023 1858 2227 1907 auctor
2252 1850 2429 1932 scrip-

283 1944 507 2004 toribus
556 1943 767 2017 sacriS‚
820 1953 886 2001 ut
934 1963 1058 2000 sese
1109 1940 1186 1999 ad
1239 1939 1621 2001 scribendum
1680 1942 2054 2018 conferrent,
2122 1945 2307 2027 iisque
2366 1945 2428 2004 in

284 2040 576 2100 omnibus·
598 2035 888 2099 adstiterit
933 2039 1286 2098 adsistentia
1316 2043 1584 2118 positiva
1603 2062 1626 2105 ,·
1669 2038 2056 2120 quamohrem
2087 2040 2242 2099 solus
2276 2043 2428 2100 Deus

283 2137 483 2196 stricto
521 2157 697 2196 sensu
734 2136 959 2195 censeri
1002 2144 1062 2194 et
1104 2133 1307 2194 haberi
1345 2133 1556 2193 debeat
1594 2133 1831 2193 illorum
1871 2147 2073 2195 auctor
2119 2135 2427 2195 librorum.

283 2232 548 2291 Diximus
585 2253 759 2313 porro
797 2233 1003 2290 saltem
1043 2231 1244 2310 quoad
1279 2251 1373 2289 res
1415 2241 1471 2288 et
1511 2233 1839 2290 sententias
1860 2274 1884 2303 ,
1928 2231 2102 2313 quia,
2141 2252 2274 2290 cum
2309 2254 2430 2291 no-

281 2325 460 2388 luerit
497 2326 747 2386 Ecclesia
786 2326 1029 2386 definire
1080 2347 1182 2400 seu
1225 2326 1498 2385 dirimere
1547 2328 1931 2407 quaestionem
1970 2326 2127 2385 inter
2169 2326 2428 2386 scholas-

283 2425 425 2484 ticos
474 2423 752 2502 agitatam
779 2468 795 2496 ,
855 2434 1056 2481 utrum
1111 2431 1395 2503 praeterea
1453 2424 1608 2481 Deus
1663 2422 1841 2485 verba
1895 2423 2021 2504 ipsa
2079 2422 2424 2498 dictaverit,

282 2542 619 2601 nexumque
671 2517 986 2578 verborum
1037 2529 1096 2576 et
1133 2516 1548 2599 periodorum,
1607 2517 1784 2594 ideo,
1840 2539 1917 2577 ne
1969 2518 2427 2579 controversiam

285 2617 663 2674 domesticam
693 2636 825 2673 cum
849 2612 1111 2672 Ecclesiae
1141 2613 1405 2672 doctrina
1439 2625 1657 2672 temere
1687 2615 2171 2695 permisceremus
2190 2659 2204 2688 ,
2231 2635 2422 2673 coarc-

284 2711 538 2771 tavimus
574 2709 989 2791 propositionis
1023 2729 1261 2766 sensum
1300 2709 1375 2766 ad
1408 2710 1493 2767 rei
1526 2707 1917 2766 substantiam
1940 2753 1956 2781 ,
1989 2709 2113 2767 sine
2146 2731 2259 2791 qua
2283 2732 2420 2772 vera

280 2807 588 2890 inspiratio
627 2804 826 2864 divina
870 2825 1061 2885 neque
1104 2813 1193 2862 est
1221 2847 1237 2877 a
1282 2823 1474 2885 neque
1515 2802 1762 2885 intelligi
1808 2803 2049 2886 quidem
2081 2817 2294 2886 potest.

369 2902 506 2963 106.
557 2904 835 2962 Jamvero
868 2903 1002 2978 jure
1050 2898 1377 2980 meritoque
1425 2897 1840 2973 Tridentinum
1876 2900 2085 2960 docere
2130 2901 2194 2959 in
2243 2923 2417 2962 sensu

282 2999 581 3082 exposito7
637 3018 821 3055 unum
878 2997 1066 3054 Deum
1118 3016 1239 3054 esse
1288 2994 1595 3054 Librorum
1643 2997 2062 3055 canonicorum
2114 3000 2418 3080 utriusque

280 3095 535 3156 Foederis
567 3104 896 3166 auctorem7
939 3092 1019 3150 ita
1054 3100 1120 3149 ut
1157 3112 1359 3149 omnes
1395 3103 1453 3150 et
1482 3091 1692 3171 singuli
1734 3091 1867 3151 libri
1907 3094 1971 3151 in
2011 3114 2236 3153 canone
2272 3115 2415 3152 con-

279 3191 432 3251 tenti
477 3201 760 3272 tanquam
813 3187 961 3246 sacri
1015 3208 1077 3245 ac
1129 3186 1316 3246 divini
1370 3186 1573 3245 haberi
1633 3186 1927 3263 debeant,
1982 3211 2084 3247 seu
2129 3188 2415 3247 divinitus

279 3287 581 3370 inspirati7
616 3296 844 3344 constat
878 3282 1085 3352 eadem
1130 3283 1218 3341 via
1262 3304 1326 3341 ac
1361 3284 1618 3357 ratione,
1669 3305 1781 3364 qua
1819 3305 1915 3342 eos
1951 3284 2258 3343 canonicos
2291 3305 2415 3343 esse

281 3382 679 3455 ostendimuS‚
720 3380 991 3441 videlicet
1028 3379 1371 3438 auctoritate
1412 3378 1671 3438 Ecclesiae
1693 3423 1708 3450 ‚
1749 3398 1875 3460 quae
1911 3379 1991 3437 ita
2024 3399 2256 3461 semper
2287 3400 2413 3439 cre-

280 3479 431 3538 didit
473 3500 537 3537 ac
572 3477 804 3551 docuit7
850 3486 1027 3557 prout
1066 3496 1098 3534 a
1141 3473 1374 3534 Christo
1406 3485 1465 3534 et
1498 3473 1571 3532 ab
1619 3473 1902 3556 Apostolis
1928 3473 2166 3548 didicitq
2210 3486 2412 3557 poste-

283 3578 481 3658 risque
516 3571 788 3634 omnibus
831 3572 1120 3631 constanti
1159 3570 1474 3630 traditione
1510 3570 1868 3643 transmisit,
1918 3581 2095 3652 atque
2140 3571 2223 3629 ita
2262 3569 2409 3628 filios

288 3694 418 3732 suos
460 3671 665 3735 vivens
697 3678 887 3728 mater
923 3689 987 3727 ac
1031 3666 1153 3727 falli
1201 3667 1394 3728 nescia
1439 3666 1699 3729 veritatis
1737 3666 2012 3747 magistra
2050 3665 2409 3728 informavit.
