2502 4134
422 160 582 196 PART.
631 158 695 194 11.
744 158 885 203 (ΞΔΡοι
915 158 992 195 IV·
1038 159 1105 195 lm
1150 158 1438 198 SCRIPTUR·
1486 160 1645 199 sAcn.
1691 160 1850 200 VBRS.

2073 139 2183 199 161

84 325 257 363 nemo
303 324 374 362 ex
411 273 717 360 Catholicis
741 311 829 360 est
848 345 863 374 ,
890 300 990 381 qui
1021 321 1179 360 nunc
1200 300 1641 382 inspirationem
1669 312 1900 362 tueatur
1925 301 1989 361 in
2011 301 2190 361 latina

82 397 314 478 vulgata
357 395 730 470 adornanda,
775 406 875 454 aut
909 396 1010 477 qui
1048 394 1240 456 adhuc
1282 395 1609 472 existimet,
1648 398 1733 456 ita⁸
1764 397 2030 457 eamdem
2070 417 2191 456 esse

82 493 375 573 vulgatam
396 491 712 551 editionem
736 513 767 549 a
793 489 1093 572 quibusvis
1122 489 1371 549 librariis
1395 502 1495 548 aut
1524 490 1998 574 thypographicis
2018 513 2191 552 men·-

80 710 172 758 cilii
215 709 355 757 fuisse
390 709 622 774 vulgatam
657 711 914 756 versionem
962 719 1118 772 supra*

80 799 234 839 textus
274 790 545 838 hebraicum
583 800 629 837 et
665 806 862 853 graecum
901 788 1095 852 efferre,

81 883 161 921 aut
175 872 399 937 impedire
417 875 668 937 quominus
688 875 930 937 scriptores
945 872 1002 919 ad
1019 889 1096 920 eos

80 966 228 1004 textus
265 964 502 1003 recurrant
521 991 535 1014 ‚
574 972 682 1003 cum
710 965 991 1019 oportunum
1019 957 1098 1019 ju-

82 1037 332 1085 dicaverint
362 1037 420 1084 ad
452 1034 703 1100 pleniorem
740 1052 900 1083 sensus
926 1034 1098 1082 intelli-

82 1121 302 1184 gentiam.
343 1116 462 1165 Sane
501 1102 850 1172 Salmeronffls,
892 1117 975 1179 qui
1010 1115 1095 1178 ipsi

84 1198 287 1248 Concilio
308 1197 542 1253 interfuit,
562 1195 664 1243 haec
680 1194 837 1253 habet,
859 1193 996 1243 Prol.
1016 1212 1094 1254 111,

83 1280 194 1328 edit.
222 1278 386 1327 Colon.
408 1277 617 1343 Agrypp.
657 1273 782 1324 1602
801 1313 814 1335 ‚
849 1294 958 1341 pag.
991 1274 1056 1339 24
1078 1292 1094 1324 ε

82 1359 327 1408 Postremo
355 1359 551 1406 accessit
584 1356 798 1405 Concilii
818 1355 1098 1405 Tridentini

79 1439 383 1506 approbatio,
420 1439 545 1503 quod
573 1439 740 1487 videns
771 1441 927 1487 nostri
948 1439 1098 1488 seculi

78 1520 319 1570 haereticos
356 1521 523 1587 palam
560 1529 856 1570 contemnere
900 1520 958 1568 V
954 1522 1093 1586 ulqa-

81 1614 210 1663 tam,
241 1605 341 1651 sive
374 1614 575 1651 veterem
605 1603 902 1669 Hieronymi
921 1604 1093 1652 editio-

78 1701 208 1746 nem,
235 1701 472 1750 novasque
476 1702 568 1752 pro
581 1702 667 1733 suo
681 1686 919 1733 arbitratu
932 1702 1096 1750 quem-

70 1766 448 1831 'queproducerffi
464 1766 556 1814 tale
573 1766 792 1814 condidit
804 1767 1094 1815 decretum...

77 1845 194 1895 Jam
215 1849 418 1896 secundo
437 1848 532 1897 loco
555 1849 884 1908 ostendamus,
908 1865 1006 1897 non
1024 1851 1095 1898 ita

72 1928 225 1992 fuisse
243 1927 303 1975 V
294 1928 509 1993 ulqatam
527 1928 823 1995 Hieronymi
836 1926 1092 1978 editionem

72 2009 343 2075 probatam,
365 2020 420 2059 ut
433 2020 686 2078 propterea
706 2014 876 2077 rejecta
894 2013 995 2060 sint
1012 2013 1092 2059 in-

78 2090 328 2154 telliqenda
364 2093 438 2153 vel
467 2110 626 2157 qroeca
653 2093 729 2142 vel
761 2093 983 2142 hebraica
1012 2110 1092 2142 vo-

81 2171 267 2221 lumina
282 2194 301 2234 ‚·
339 2176 463 2239 quod
492 2193 591 2223 non
619 2186 687 2223 est
717 2176 911 2242 difficile
938 2186 1093 2225 osten·

82 2253 208 2303 dere.
238 2252 381 2303 Nihil
395 2256 526 2303 enim
556 2256 631 2303 ibi
658 2257 715 2304 de
744 2257 1095 2323 exemplaribus

81 2343 167 2384 aut
178 2337 349 2399 qroecis
364 2346 451 2382 aut
463 2335 699 2388 hebraicis
712 2337 944 2400 aqebatur
953 2357 966 2398 ;
988 2348 1094 2385 tan-

81 2426 182 2465 tum
211 2419 336 2464 inter
369 2427 434 2465 tot
463 2418 694 2465 editiones
731 2418 910 2466 latinas
928 2456 941 2474 ‚
981 2428 1094 2483 quot

82 2509 241 2547 nostra
285 2498 444 2548 secula
476 2503 840 2565 parturierunt,
871 2518 1092 2565 quasnam

82 2597 139 2629 ex
165 2580 264 2628 illis
285 2590 557 2646 proestaret,
588 2598 739 2630 sermo
760 2591 921 2632 erat...
943 2581 1089 2630 Libe-

81 2679 189 2710 rum
238 2672 396 2711 autem
447 2662 640 2727 reliquit
694 2664 916 2711 omnibus
934 2699 951 2724 ‚
1004 2666 1093 2728 qui

83 2741 358 2811 Scripturas
408 2744 703 2811 profundius
755 2746 1051 2793 meditantur
1069 2781 1085 2806 ,

77 2824 231 2889 sontes
258 2842 434 2891 qroecos
465 2835 550 2874 aut
582 2826 819 2887 hebraeos,
856 2836 1088 2891 quatenus

84 2922 199 2972 opus
213 2909 304 2969 sit,
321 2907 568 2958 consulere
581 2945 596 2965 ,
613 2920 695 2958 etc.
711 2910 792 2960 His
806 2920 1084 2970 consonant,

85 3005 185 3052 quae
219 2990 432 3038 adversus
464 2990 713 3040 Calvinum
747 3002 791 3040 et
821 2990 1087 3056 Philippum

86 3067 481 3127 Melanchthonem
515 3063 692 3137 scripsit
705 3071 707 3074 ⁴
718 3060 920 3122 Andreas
938 3073 1062 3138 Vega
1074 3107 1090 3136 ‚

89 3147 199 3197 alter
237 3150 429 3200 Concilii
464 3152 751 3218 Theologus,
788 3155 874 3203 lib.
907 3171 995 3215 xv,
1021 3153 1090 3202 De

77 3231 240 3296 justis}
268 3251 368 3300 cap.
385 3251 444 3302 9,
465 3236 632 3285 Colon.
665 3235 790 3301 1572
805 3274 818 3297 ‚
839 3255 938 3302 pag.
958 3233 1057 3302 692
1072 3271 1088 3299 ‚

95 3309 292 3361 obicum
309 3319 592 3379 praemisisset
605 3354 619 3376 ‚
642 3317 902 3367 Concilium
921 3334 1090 3382 appro-

95 3389 223 3439 basse
234 3391 494 3462 ⁸Vulgatam
521 3399 710 3448 latinam
744 3410 1036 3464 expurgatam
1063 3416 1090 3446 a

96 3471 274 3519 mendis
290 3471 716 3544 chalcographurum
734 3517 747 3539 ,
765 3498 851 3529 nec
869 3483 969 3530 eam'
986 3491 1091 3528 tan·

97 3570 234 3618 quam
256 3571 281 3601 a
298 3556 408 3604 coelo
426 3557 851 3626 delapsamadorari
867 3563 1088 3622 voluisse,

97 3633 274 3698 aliaque
315 3639 573 3702 ejusmodi,
622 3643 780 3692 subdit
818 3661 832 3692 ε
870 3642 935 3692 Et
972 3643 1095 3692 Ιιαηο

176 3714 240 3772 T.
289 3715 385 3774 IX.

1172 708 1331 770 fuisse
1352 714 1556 754 mentem
1575 703 1765 771 Synodi
1781 745 1795 764 ‚
1823 726 1910 758 nec
1934 710 2196 775 quidquam

1179 787 1391 854 amplius
1435 795 1638 836 statuere
1674 788 1906 852 voluisse,
1946 808 2004 840 ex
2041 792 2197 841 verbis

1177 869 1298 935 ipsis
1328 880 1373 917 et
1398 885 1456 917 ea·
1482 869 1595 917 aliis
1623 861 1862 918 consuetis
1892 874 2195 939 approbatio-

1178 950 1323 997 nibus
1357 949 1572 998 Concilii
1597 958 1730 1016 potes
1761 951 1993 1016 colliqere.
2033 952 2103 1004 Et
2136 971 2197 1003 ne

1178 1031 1363 1078 dubites
1391 1031 1448 1078 de
1476 1031 1563 1079 hoc
1579 1067 1594 1094 ‚
1627 1034 1873 1081 verissime
1885 1052 2078 1099 possum
2105 1035 2199 1085 tibi

1181 1111 1433 1176 (Calvine)
1475 1112 1682 1177 alleqare
1714 1132 1805 1181 pro
1843 1115 1919 1164 his
1950 1119 2196 1184 amplissi-

1177 1211 1310 1241 mum
1342 1204 1386 1242 et
1419 1195 1891 1244 observantissimum
1925 1198 2198 1249 Dominum

1158 1274 1368 1324 -Sanctae
1397 1275 1572 1324 Crucis
1603 1274 1972 1330 Cardinalem...
2008 1284 2096 1345 qui
2121 1283 2200 1331 illi

1176 1358 1379 1405 sessioni
1406 1366 1451 1405 et
1477 1357 1590 1406 aliis
1620 1360 1843 1408 omnibus
1869 1362 2073 1426 proefuit
2091 1398 2106 1426 ‚
2141 1380 2198 1413 ac

1169 1439 1334 1504 pridie
1370 1440 1562 1504 quidem
1583 1477 1597 1501 ,
1629 1457 1776 1505 quam
1807 1441 1934 1490 illud
1958 1443 2196 1493 decretum

1167 1505 1388 1585 firmaret
1405 1559 1418 1582 ‚
1452 1529 1497 1569 et
1511 1531 1700 1588 postea,
1724 1540 1820 1571 non
1835 1530 2012 1590 'opinor
2027 1528 2195 1587 semel,

1177 1602 1302 1650 mihi
1341 1612 1535 1651 testatus
1573 1612 1675 1666 est,
1719 1604 1847 1652 nihil
1872 1607 2081 1672 amplius
2115 1625 2197 1657 vo-

1176 1684 1324 1732 luisse
1344 1694 1508 1750 pat-res
1538 1686 1756 1747 firmare.
1792 1683 1962 1751 Itaque
1992 1705 2077 1737 nec
2108 1699 2194 1749 tu,

1176 1783 1265 1813 nec
1287 1769 1538 1832 ‘quispiam
1573 1766 1700 1815 alius
1731 1777 1928 1834 propter
1957 1768 2081 1818 hanc
2112 1788 2198 1837 ap·-

1166 1847 1497 1913 probationem
1506 1847 1561 1895 V
1560 1848 1731 1913 ulqatoe
1746 1849 1968 1898 editionis
1979 1852 2194 1917 impedit,

1175 1947 1265 1993 quo
1294 1932 1491 1991 minus,
1525 1931 1613 1978 ubi
1642 1930 1968 1994 haesitaverit,
1999 1933 2065 1980 ad
2082 1933 2195 1997 fon-

1175 2019 1242 2057 tes
1283 2020 1530 2070 recurrat,
1571 2019 1617 2058 et
1648 2014 1704 2059 in
1738 2012 1950 2062 medium
1977 2014 2197 2079 proferat

1173 2093 1411 2157 quidquid
1439 2092 1611 2141 habere
1631 2097 1873 2158 potuerit,
1907 2111 1998 2160 quo
2015 2097 2196 2161 juven·

1173 2182 1254 2220 tur
1268 2182 1312 2222 et
1323 2173 1666 2240 locupletentur
1681 2175 1840 2238 latini,
1864 2185 1908 2224 et
1931 2175 1989 2224 V
1983 2176 2195 2242 alyatam

1174 2255 1426 2302 editionem
1462 2256 1522 2302 ab
1551 2256 1791 2304 erroribus
1827 2267 2111 2323 repurqent‚
2147 2266 2194 2306 et

1173 2354 1278 2400 quoe
1311 2339 1476 2384 sensui
1503 2336 1722 2402 Spiritus
1739 2337 1796 2386 S.
1829 2345 1876 2386 et
1901 2342 2028 2404 ipsis
2039 2340 2193 2404 sonti-

1173 2417 1261 2464 bus
1275 2425 1389 2464 sunt
1405 2413 1558 2480 muqis
1574 2427 1888 2466 consentanea
1900 2455 1915 2475 ,
1933 2436 2190 2484 assequan-

1173 2506 1270 2546 tur.
1307 2497 1412 2545 Post
1441 2498 1540 2545 haec
1570 2515 1964 2562 supervacaneum
1995 2510 2108 2565 puto
2137 2517 2190 2550 ea

1173 2581 1371 2646 adJicere
1391 2614 1405 2638 ‚
1439 2595 1540 2644 quae
1571 2579 1778 2627 scribant
1803 2580 2108 2630 Bellarminus
2136 2584 2188 2630 in

1171 2662 1386 2711 eumdem
1429 2677 1611 2709 sensum
1633 2695 1648 2720 ‚
1692 2662 1778 2711 lib.
1818 2679 1886 2723 ιι,
1931 2663 2012 2711 De
2049 2663 2188 2712 verbo

1172 2743 1309 2803 Dei,
1362 2761 1462 2808 cap.
1515 2760 1611 2806 1⁰3
1652 2743 1874 2808 Rugerins
1899 2783 1913 2805 ‚
1958 2743 2182 2795 Secretar.

1171 2826 1377 2892 Apostol.
1390 2825 1475 2874 lib.
1489 2823 1556 2874 De
1565 2822 1605 2873 S
1606 2827 1747 2891 cript-
1755 2828 1972 2875 canonic.
1986 2844 2084 2892 cap.
2094 2825 2183 2891 44.

1171 2909 1339 2974 aliique
1368 2906 1487 2956 bene
1515 2907 1668 2955 multi.
1691 2906 1785 2955 Hos
1803 2925 1967 2973 magno
1986 2925 2184 2958 numero

1173 2998 1374 3039 recenset
1410 2989 1599 3037 Humfr.
1637 2988 1815 3037 Hodius
1846 2989 2099 3041 Oxoniens.
2130 2993 2182 3040 in

1174 3089 1251 3137 op.
1269 3071 1349 3119 De
1368 3070 1641 3118 Bibliorum
1659 3070 1890 3129 textibus,
1915 3082 2006 3119 etc.
2022 3070 2177 3121 Oxou.

1180 3150 1330 3217 1705,
1359 3152 1444 3201 lib.
1463 3166 1545 3212 ιιι,
1569 3169 1673 3217 cap.
1703 3150 1780 3200 15.
1798 3151 1886 3200 Hic
1903 3161 2058 3201 autem
2077 3153 2181 3202 ubi-

1171 3252 1263 3301 que
1290 3234 1651 3282 infensissimum
1677 3250 1724 3281 se
1745 3232 1921 3297 praebet
1944 3232 2077 3285 Rom.
2093 3237 2179 3286 Ec·-

1172 3317 1336 3364 clesiae.
1346 3314 1639 3363 Contrarium
1657 3323 1808 3363 tamen
1822 3317 2058 3365 contendit
2066 3317 2179 3367 Mel-

1171 3398 1300 3447 chior
1322 3396 1476 3446 Canus
1492 3431 1508 3460 ,
1534 3393 1607 3444 De
1633 3394 1774 3461 locis,
1799 3396 1886 3445 lib.
1904 3413 1966 3456 u,
1991 3414 2092 3463 cap.
2118 3399 2177 3446 13

1173 3489 1219 3528 et
1242 3495 1338 3545 seq.
1363 3495 1472 3526 cum
1501 3469 1632 3537 aliis,
1661 3477 1831 3544 quibus
1860 3495 1886 3526 a
1904 3478 2078 3527 fortiori
2093 3479 2176 3527 ad·

1174 3561 1474 3628 stipulantur,
1509 3563 1589 3628 qui
1624 3559 1872 3627 Vulgatam
1912 3561 2176 3626 inspiratam

1174 3654 1467 3695 censuerunt.
1522 3679 1524 3681 -

1865 3719 1934 3775 11
