2502 4134
363 209 365 211 ¹
405 139 557 202 'miu-
599 160 663 199 11.
710 155 830 199 cAP.
873 156 957 199 iv.
1004 157 1072 197 ma
1115 130 1400 198 scnlrr'tm.
1447 153 1606 197 sAcn.
1653 153 1813 197 VERS.
2051 133 2163 193 181

66 302 405 383 impatienS‚
446 311 511 359 ut
538 301 649 359 cito
673 299 1070 361 absolveretur
1089 343 1107 374 ,
1135 292 1358 373 effecit,
1402 310 1459 358 et
1488 299 1711 359 exitum
1749 293 2039 375 evulgavit
2062 317 2168 377 per

67 397 539 456 constitutionem
570 395 783 455 editam
817 393 933 453 kal.
967 396 1136 454 Mart.
1171 394 1352 455 1589.
1386 392 1849 474 Typographiam
1871 390 1932 449 in
1957 389 2171 472 palatio

67 492 347 552 Vaticano
373 490 663 565 instituit,
704 502 763 549 et
797 490 1042 571 ipsemet
1086 487 1484 548 emendationi
1523 487 1870 546 mendorum
1909 496 2176 566 typogra-

62 585 367 667 phicorum
407 606 642 666 operam
685 583 845 642 dedit
882 607 895 642 :
932 583 1188 655 Nostra,
1222 582 1415 663 inquit
1439 626 1453 654 .‚
1504 602 1609 639 nos
1650 584 1777 659 ipsi
1817 602 2010 639 manu
2043 602 2173 639 cor-

62 684 359 749 reximuS,
388 683 444 739 si
471 701 602 758 (μαι)
619 681 808 757 praelo
839 684 986 735 vitia
1017 678 1418 756 obrepserant.
1465 673 1812 733 Prodierunt
1846 673 1967 733 haec
1989 673 2172 734 Biblia

63 776 145 833 sic
168 774 473 833 emendata
501 795 596 832 an.
626 773 801 831 1590.
842 773 942 831 Ast
963 771 1266 830 festinatus
1290 766 1386 827 hic
1413 767 1580 827 labor
1601 813 1617 832 ,
1644 768 1747 848 qui
1776 769 2167 828 venerationis

64 891 301 928 sensum
337 869 397 926 in
440 866 711 927 omnibus
739 866 1039 926 conciliare
1063 864 1356 924 debuisset
1375 908 1390 937 ,
1429 875 1557 946 tum
1588 860 2016 921 Catholicorum
2042 874 2168 923 tum

67 963 522 1023 Protestantium
557 963 617 1019 in
657 972 874 1040 satyras
908 971 966 1018 et
1009 959 1264 1017 criticam
1300 957 1497 1016 statim
1533 955 1795 1015 offendit.
1844 958 2171 1018 Innumeris

65 1057 349 1138 siquidem
374 1076 553 1138 prope
582 1054 809 1114 mendis
839 1051 1097 1111 scatebat
1114 1051 1238 1109 haec
1262 1050 1440 1109 editio
1459 1094 1475 1123 ,
1509 1071 1635 1130 quae
1679 1050 1955 1109 chartulis
1979 1052 2171 1112 obdu-

64 1154 200 1229 ctis,
247 1152 341 1211 vel
385 1150 601 1209 calamo
647 1147 832 1208 celare
856 1147 1016 1205 nisus
1046 1157 1135 1206 est
1163 1145 1465 1220 Pontifex,
1510 1146 1610 1206 sed
1643 1166 1972 1227 perperam.
2009 1147 2171 1207 Sixto

61 1247 280 1307 interea
303 1245 606 1327 perfuncto
629 1288 645 1317 ,
689 1243 997 1323 Gregorius
1035 1242 1162 1300 XIV
1195 1262 1413 1300 novam
1449 1240 1921 1300 emendationem
1955 1241 2166 1302 Biblio-

59 1360 193 1399 rum
232 1337 513 1419 ‘suscepit3
563 1348 651 1396 ast
689 1347 878 1395 morte
907 1346 1224 1417 praereptus
1243 1380 1259 1410 ,
1293 1333 1417 1394 haec
1447 1334 1739 1416 publicata
1769 1357 1889 1394 non
1926 1335 2035 1393 fuit
2062 1338 2174 1395 nisi

62 1455 274 1513 paucos
308 1443 439 1514 post
465 1431 586 1491 dies
616 1453 647 1490 a
682 1431 1053 1490 coronatione
1077 1435 1107 1503 ‚⁴
1134 1451 1311 1510 quam
1345 1440 1593 1503 vocant,
1627 1430 1965 1488 successoris
2009 1434 2134 1508 ejus
2153 1477 2169 1505 .,

62 1527 376 1587 Clementis
415 1528 565 1586 VIII.
610 1526 712 1587 Ast
744 1524 1035 1606 quomodo
1072 1523 1281 1582 honori
1333 1523 1634 1584 consulere
1677 1524 1830 1583 Sixti
1873 1526 1917 1583 V
1962 1536 2022 1583 et
2067 1546 2173 1583 au-

62 1623 312 1681 ctoritati
340 1619 684 1703 pontificiae?
718 1619 1102 1679 Bellarminus
1127 1616 1286 1677 hunc
1309 1618 1553 1677 modum
1572 1619 1799 1680 invenit
1823 1663 1839 1694 a
1870 1618 2171 1680 mediante

56 1716 390 1798 praefatione
420 1714 770 1797 typographi
812 1713 887 1772 ad
915 1713 1230 1784 lectorem,
1270 1733 1448 1793 quam
1497 1714 1744 1794 ipsemet
1782 1714 2068 1789 confecit,
2107 1715 2170 1773 in

61 1834 173 1894 qua
208 1810 419 1871 menda
452 1810 648 1869 omnia
671 1808 1034 1890 typographo
1056 1806 1543 1867 adscriberentur.
1573 1810 1709 1867 Haec
1730 1809 1987 1890 praefatio
2004 1830 2171 1870 causa
2261 1879 2263 1882 ⁸

57 1907 355 1988 potissima
384 1927 506 1966 esse
536 1904 739 1965 debuit
779 1907 1255 1964 canonizationis
1292 1903 1627 1962 Bellarmini
1661 1904 1771 1984 (l).
1805 1904 2171 1966 Clementina

54 2000 179 2062 haec
210 2003 424 2078 editio,
464 2023 593 2084 quae
621 2000 838 2083 pluries
883 2021 1082 2060 recusa
1119 2009 1206 2059 est
1243 2020 1307 2057 ac
1336 1999 1504 2059 novis
1534 2019 1766 2080 semper
1800 1999 2170 2060 emendatio-

56 2094 231 2155 nibus
261 2107 456 2171 aucta,
492 2117 626 2154 cum
665 2095 727 2153 in
774 2117 895 2153 non
925 2094 1121 2175 paucis
1162 2092 1405 2153 editioni
1453 2093 1859 2155 adversaretur
1894 2096 2164 2171 Sixtinae‚

61 2189 414 2248 occasionem
456 2188 710 2270 praebuit
752 2191 948 2249 James
995 2187 1276 2268 vulgandi
1318 2186 1619 2264 libellum,
1669 2189 1760 2247 cui
1802 2189 1894 2248 tit.
1930 2192 2168 2250 Bellum

51 2287 271 2364 papale
317 2285 436 2366 (2),
461 2295 520 2342 et
554 2285 808 2344 Amamae
840 2306 1009 2343 suum
1029 2285 1554 2342 Anti-barbarum
1588 2285 1899 2343 Bz'blieum
1934 2286 2043 2363 (3).
2083 2287 2168 2344 Ex

58 2379 397 2462 praefatione
434 2399 606 2460 porro
640 2377 973 2437 Bellarmini
1013 2377 1285 2452 videtur,
1329 2398 1401 2435 ex
1438 2399 1555 2435 una
1589 2388 1753 2459 parte
1798 2379 1981 2436 fixum
2010 2381 2168 2437 Pon-

57 2473 306 2532 tificibus
351 2473 522 2533 fuisse
560 2473 863 2533 restituere
922 2482 1176 2533 veterem
1213 2491 1582 2530 communem
1619 2481 1675 2529 et
1716 2473 2018 2551 vulqatoenz
2051 2472 2169 2532 edi-

53 2569 273 2628 tionem
294 2614 309 2643 a
341 2590 409 2627 ex
435 2568 615 2627 altera
653 2579 850 2626 autem
877 2565 986 2625 sibi
1033 2565 1397 2647 proposuisse
1422 2566 1822 2625 recensionem
1868 2567 2165 2649 Hierony·

53 2664 308 2723 mianam
351 2674 582 2722 tantum
621 2661 962 2736 emendare,
1002 2672 1069 2719 ut
1114 2662 1302 2720 versio
1336 2660 1714 2720 ecclesiastica
1757 2682 1882 2721 esse
1930 2674 2160 2743 posset,

56 2779 345 2840 quamque
381 2759 571 2841 reipsa
611 2778 875 2818 censores
904 2756 990 2814 uti
1019 2754 1206 2814 basim
1234 2755 1663 2814 emendationis
1683 2755 2001 2836 elegerunt.
2027 2759 2164 2830 Quae

57 2873 187 2912 cum
223 2855 303 2912 ita
340 2875 399 2913 se
436 2852 691 2912 habeant
710 2897 728 2927 ‚
773 2851 966 2932 ecquis
1001 2861 1086 2910 est
1114 2849 1214 2931 qui
1241 2872 1363 2908 non
1388 2849 1581 2912 videat
1602 2894 1618 2925 7
1642 2850 1954 2910 informem
1977 2850 2166 2910 adhuc

56 2967 175 3007 esse
216 2948 475 3028 Vulg‘atae
518 2947 800 3011 versionis
832 2944 1352 3006 emendationem?
1389 2947 1555 3025 Ergo,

133 3043 275 3103 269.
322 3046 498 3126 Resp.
530 3045 688 3118 Dal-st,
720 3042 923 3102 απτ.δὶ
939 3040 1306 3100 consulamus
1330 3040 1634 3100 historiam
1655 3040 2008 3100 recensionis
2036 3039 2162 3102 vul-

62 3145 199 3213 gatae
236 3138 499 3199 editionis
522 3184 538 3215 7
573 3148 748 3220 prout
790 3138 1026 3218 fingitur
1051 3181 1067 3211 a
1107 3155 1307 3205 conc.;
1334 3140 1501 3214 juxta
1544 3136 1628 3195 rei
1659 3136 1964 3197 veritatem
1984 3180 2000 3211 .,
2027 3157 2163 3216 neq.

139 3231 278 3292 270.
325 3236 474 3294 Nam
517 3235 582 3293 1ο
626 3233 761 3294 ideo
800 3232 876 3292 ad
904 3254 965 3293 se
997 3232 1168 3292 Rom.
1215 3232 1520 3291 Pontifices
1573 3241 1762 3290 totum
1796 3229 1906 3290 hoc
1960 3250 2166 3290 emen-

134 3456 201 3521 (1)
233 3458 300 3508 Ita
321 3459 450 3528 Hug,
477 3465 600 3530 apud
621 3464 862 3528 Cellerier,
885 3480 960 3531 op.
977 3464 1058 3514 eit.
1213 3460 1290 3528 (Ξ)
1320 3462 1391 3512 De
1415 3478 1514 3528 quo
1540 3461 1641 3510 fuse
1663 3461 1821 3511 scribit
1843 3461 2047 3524 Hediae,
2078 3476 2157 3524 op.

66 3537 542 3604 Introduction,'etc.
571 3563 675 3613 pag.
699 3562 798 3597 210
823 3558 869 3598 et
897 3565 1027 3615 seqq.
1142 3546 1220 3593 cit.
1247 3561 1353 3611 pag·
1382 3542 1446 3592 50
1488 3552 1534 3592 θῑ
1558 3560 1687 3610 seqq·

1212 3626 1279 3691 (3)
1314 3626 1441 3677 Ibid.
1471 3636 1516 3676 et
1539 3640 1647 3694 pag.
1674 3622 1794 3692 494.
