2502 4134
186 131 225 192 8
786 145 992 187 τηατ.
1040 147 1111 186 nn
1153 146 1308 188 roms
1350 122 1740 189 rnnonoerms,

280 295 378 356 13.
429 295 572 369 Quae
607 313 742 353 cum
775 293 856 353 ita
890 315 955 355 se
987 292 1284 370 habeant,
1323 291 1442 355 duo
1482 317 1516 355 a
1553 294 1727 355 nobis
1769 295 2099 378 praestanda
2142 310 2282 360 sunt
2317 323 2331 358 ε

190 393 386 478 primo
431 389 811 451 Tridentinus
864 412 967 450 seu
1027 389 1295 451 Ecclesiae
1342 411 1533 452 canon
1582 392 2019 471 vindicandus3
2083 395 2339 456 secundo

195 486 636 549 ostendendum
658 532 673 563 2
706 508 830 546 non
856 507 1024 568 posse
1055 481 1406 546 acatholicos
1437 486 1918 571 independenter
1956 489 2030 548 ab
2072 487 2340 554 Ecclesiae

194 585 541 646 auctoritate
573 582 764 643 ullum
801 582 915 642 sibi
948 604 1235 643 canonem
1273 594 1506 644 certum
1541 586 1915 647 constituere.
1954 586 2041 646 Sit
2077 587 2257 669 igitur
2292 611 2307 647 ε

1027 776 1445 831 PROPOSITIO
1484 778 1531 831 Ι.

199 949 413 1011 Canon
437 972 755 1013 sacrorum
769 951 1106 1011 Librorum
1131 974 1170 1011 a
1191 954 1452 1012 Concilio
1478 952 1843 1013 Trvdcntino
1870 950 2066 1013 editus
2085 958 2347 1019 solidum

274 1048 455 1107 hahet
492 1051 558 1106 in
597 1051 923 1129 primitiva
971 1049 1248 1110 Ecclesia
1296 1050 1818 1129 fundamentum,
1865 1071 1939 1109 ac
1997 1051 2228 1134 inteqer
2267 1065 2352 1115 est

277 1148 528 1204 omnino
572 1145 941 1205 retinendus,

286 1364 385 1426 14.
435 1364 901 1448 Complectimur
926 1412 942 1442 ,
991 1353 1061 1427 ut
1107 1377 1274 1449 patet
1320 1387 1394 1427 ex
1443 1365 1628 1428 thesis
1675 1367 2128 1444 enunciatione‚
2173 1368 2354 1431 libros

196 1483 437 1547 prorsus
451 1483 656 1522 omnes
679 1462 803 1524 sive
825 1474 998 1546 proto
1021 1463 1144 1525 sive
1171 1462 1763 1525 deutero-canonicos
1774 1465 2080 1547 utriusque
2096 1465 2355 1527 Foederis

201 1581 339 1620 cum
371 1557 649 1619 omnibus
682 1560 799 1619 suis
832 1559 1136 1643 partibuS‚
1175 1572 1356 1644 prout
1389 1560 1453 1620 in
1479 1559 1727 1642 Vulgata
1763 1560 2029 1623 editione
2057 1561 2174 1644 legi
2206 1584 2353 1623 con-

197 1667 524 1719 sueverunt
559 1655 634 1716 ad
674 1668 940 1717 mentem
985 1657 1228 1718 Concilii
1266 1657 1623 1718 Tridentini.
2098 1656 2100 1658 ’

284 1753 385 1814 15.
436 1754 528 1814 Sic
555 1775 733 1837 porro
759 1754 1032 1837 inprimis
1063 1755 1390 1834 generatim
1425 1755 1752 1818 evincimus
1788 1752 1964 1834 hujus
1997 1755 2352 1837 propositio-

172 1850 294 1910 -nis
343 1851 660 1912 veritatem
706 1873 720 1910 ε
772 1851 978 1911 Canon
1029 1851 1411 1913 Tridentinus
1466 1850 1724 1912 solidum
1768 1850 1951 1912 habet
1997 1853 2064 1911 in
2102 1850 2353 1912 Ecclesia

197 1946 503 2030 primitiva
543 1946 1042 2025 fundamentum,
1082 1949 1131 2008 si
1169 1948 1245 2010 de
1281 1960 1455 2011 aetate
1496 1949 1563 2010 in
1603 1959 1839 2011 aetatem
1860 1995 1878 2025 .,
1918 1970 2028 2031 per
2067 1947 2354 2031 quosdam

197 2043 385 2106 veluti
420 2042 635 2125 gradus
683 2045 1078 2127 assurgend0‚
1118 2045 1197 2106 ad
1235 2047 1501 2129 primum
1542 2065 1731 2130 usque
1774 2044 2046 2106 Ecclesiae
2086 2042 2351 2105 seculum

198 2143 580 2225 pervenimus
602 2188 619 2221 7
659 2143 1082 2228 intuemurque
1106 2165 1397 2205 canonem
1433 2143 1606 2204 illum
1634 2164 1744 2227 per
1779 2164 1911 2205 eam
1946 2153 2182 2203 aetatem
2219 2142 2348 2201 usui

200 2236 475 2298 fidelibus
517 2260 661 2299 esse.
694 2241 830 2300 Jam
861 2262 1003 2304 vero
1038 2242 1120 2301 ita
1157 2263 1218 2302 se
1255 2263 1349 2302 res
1387 2239 1590 2302 habet.

292 2337 392 2394 16.
442 2336 678 2396 Etenim
704 2358 896 2397 canon
929 2337 1310 2403 Tridentinus
1332 2337 1491 2399 idem
1514 2338 1692 2421 plane
1714 2347 1805 2398 est
1833 2347 1900 2396 ac
1923 2357 2114 2396 canon
2134 2380 2151 2410 .,
2177 2355 2356 2418 quem

207 2453 322 2492 sec.
377 2433 482 2492 XV
534 2431 804 2493 exhibuit
851 2435 1143 2515 Eugenius
1192 2435 1268 2495 IV
1316 2435 1383 2494 in
1429 2434 1702 2510 decret0‚
1757 2432 2024 2493 Ecclesiae
2075 2433 2355 2491 Romanae

203 2528 452 2589 nomine
471 2574 488 2603 ,
531 2551 641 2611 pro
663 2529 963 2589 Jacobinis
992 2530 1133 2590 dato
1161 2552 1258 2591 an.
1289 2530 1447 2591 1439
1471 2530 1723 2613 (1).Hic
1747 2550 1986 2589 rursum
2007 2526 2355 2608 desumptus

210 2635 300 2683 est
337 2646 407 2683 ex
446 2645 669 2684 canone
691 2670 707 2701 7
744 2647 924 2707 quem
960 2648 1058 2685 an.
1094 2626 1217 2685 494
1251 2625 1438 2687 edidit
1465 2627 1531 2685 in
1561 2625 1797 2685 decreto
1828 2643 1934 2682 suo
1961 2620 2225 2682 Gelasius
2249 2621 2358 2704 (2).

204 2720 316 2780 Hic
336 2720 482 2780 item
508 2718 687 2802 plane
716 2722 987 2802 congruit
1014 2742 1149 2781 cum
1177 2742 1401 2782 canone
1421 2766 1439 2798 ,
1469 2742 1649 2804 quem
1669 2718 1919 2780 tradunt
1937 2729 2069 2778 tum
2092 2719 2151 2778 S.
2177 2719 2361 2778 Inno-

211 2929 411 2977 ticorum
428 2965 443 2991 ‚
475 2945 585 2977 cum
612 2938 876 2994 pervertere
904 2945 981 2976 eos
1013 2945 1112 2977 non
1139 2945 1245 2994 pos·
1327 2927 1456 2978 Paris
1491 2924 1638 2978 1833.
1661 2927 1763 2978 Hac
1790 2926 1999 2977 editione
2031 2937 2136 2976 utar
2153 2963 2167 2986 ‚
2200 2937 2360 2992 utpote

215 3021 347 3072 sent,
369 3028 590 3061 ecanone
609 3022 959 3078 expunxerunt.
976 3010 1248 3061 calviniani
1330 3021 1465 3062 aucta
1513 3022 1561 3062 et
1606 3014 1659 3061 in
1703 3012 1946 3062 nonnullis
1992 3011 2053 3060 ab
2105 3013 2361 3077 interprete

211 3110 238 3142 e
272 3104 434 3143 contra
451 3132 466 3156 ‚
499 3105 795 3144 autumantes
814 3112 861 3143 se
883 3112 1016 3160 posse
1040 3098 1092 3143 in
1114 3095 1248 3143 libris
1331 3093 1597 3145 emendata.

212 3176 670 3226 deutero-canonicis
685 3176 1142 3245 NOV.Test.aliquod
1160 3178 1250 3228 sibi
1405 3178 1473 3243 (l)
1523 3176 1663 3244 Apud
1703 3176 1939 3226 Harduin.
1987 3174 2119 3224 Acta
2169 3172 2358 3223 Concil.

212 3259 545 3310 fulcimentum
568 3264 795 3328 reperire,
827 3280 904 3311 eos
929 3265 1245 3312 retinuerunt.
1326 3272 1448 3313 tom.
1479 3280 1559 3323 lx,
1598 3261 1692 3312 col.
1731 3260 1860 3311 1023
1892 3270 1938 3310 et
1970 3277 2071 3326 seq.

215 3343 461 3393 Interdum
490 3344 722 3394 fluctuant
746 3355 889 3412 atque
919 3348 1042 3395 inter
1066 3363 1116 3395 se
1149 3345 1247 3394 dis·
1400 3345 1467 3410 (2)
1502 3345 1641 3395 Tom.
1671 3361 1720 3394 lv
1740 3382 1754 3404 ‚
1787 3343 2019 3393 Anastasii
2051 3340 2359 3390 bibliotheca·
2435 3342 2448 3350 ⁹

216 3430 463 3489 sentiunt,
494 3438 546 3476 ut
574 3445 659 3477 suo
683 3428 786 3477 loco
812 3429 1097 3479 videbimus.
1115 3428 1243 3479 Inter
1325 3433 1418 3493 rii,
1445 3427 1519 3479 De
1547 3431 1663 3478 vitis
1698 3429 1843 3478 Rom.
1880 3423 2212 3492 Pontificum,
2246 3425 2360 3473 edit.

218 3510 336 3559 alios
366 3511 457 3560 csr.
490 3510 720 3563 Herman.
751 3511 1000 3576 Janssens,
1033 3512 1244 3561 Herme-
1327 3511 1621 3573 Blanchinii‚
1644 3510 1914 3578 Prolegom.
1937 3526 2103 3576 opusc.
2130 3522 2210 3569 111,
2230 3503 2353 3574 p.61

214 3595 445 3660 mutique
476 3598 671 3658 sacrae,
716 3595 840 3645 trad.
879 3595 949 3644 du
986 3593 1112 3644 latin
1146 3612 1248 3662 par
1330 3606 1375 3646 et
1401 3613 1503 3663 seq.
1534 3594 1693 3645 Romae
1734 3591 1886 3660 1735.

216 3675 273 3726 J.
304 3677 358 3727 J.
389 3674 619 3734 Pacaud,
650 3688 767 3729 tom.
799 3695 845 3741 1,
875 3678 1015 3745 chap.
1047 3695 1065 3727 1
1090 3716 1103 3742 ‚
1134 3675 1245 3745 §5‚
