2502 4134
285 166 370 226 30

893 175 1091 221 rnAcr.
1141 172 1208 219 nn*
1253 169 1403 220 locis
1446 165 1825 223 ruentocrcrs.

377 331 479 390 42.
526 329 643 388 Nec
667 347 792 397 sese
820 325 991 386 aliter
1017 327 1192 408 gessit
1215 326 1274 384 S.
1299 326 1614 406 Gregorius
1633 308 2188 418 Na'zian't‘enuss‘qui
2214 310 2431 415 passim
2476 374 2478 376 ψ

288 423 875 488 deutero-canonicos
897 421 1078 482 libros
1098 420 1336 481 adducit
1355 466 1371 496 ,
1402 441 1547 504 quos
1568 425 1961 505 Scripturam'
1986 422 2196 515 Vd‘ss‘sst‘z'.
2215 428 2433 511 '‘explass

291 533 513 604 natque
552 520 601 579 si
637 541 768 602 quae
811 519 931 578 sint
973 539 1178 578 eorum
1217 516 1343 576 loca
1388 517 1638 579 adducta
1688 519 1763 580 ab
1812 521 2098 583 haereticis
2149 522 2290 604 (1),
2326 518 2433 604 {nee

294 618 526 701 uspiam
554 615 818 677 divinam
847 635 1051 674 eorum
1087 612 1495 672 auctoritatem
1531 614 1594 673 in
1630 615 1878 684 dubium
1910 630 2168 679 revocat.

378 715 476 776 43.
524 714 687 775 Idem
722 712 995 797 praestitit
1032 712 1090 769 S.
1135 709 1533 792 EpiphaniuS,
1571 712 1941 775 confundens
1969 715 2302 792 haereticos7
2333 716 2434 798 qui

294 810 597 873 nonnullis
643 810 860 870 horum
902 806 1188 866 librorum
1231 804 1488 866 textibus
1532 806 1967 885 abu‘tebantur3
2005 811 2296 895 siquidem
2338 833 2435 871 eos

294 922 363 970 ut
408 908 638 968 divinos
688 903 950 965 admittit
980 947 996 977 .‚

294 1006 501 1090 planat
539 1004 653 1083 (2).

1058 903 1452 983 Serz’ptzcram
1502 923 1777 985 expresse
1831 917 2000 964 vocat
2030 952 2047 981 ,
2103 918 2280 991 atque
2333 930 2437 969 ex-

378 1102 477 1161 44.
524 1101 582 1159 S.
610 1096 1050 1182 Amphilochius
1078 1115 1150 1154 ex
1176 1092 1499 1175 prophetia
1515 1095 1740 1154 Baruch
1767 1107 1827 1155 et
1852 1118 1925 1156 ex
1952 1095 2104 1157 libro
2133 1097 2438 1181 Sapientiae

297 1196 461 1260 velut
504 1195 718 1255 divinis
760 1191 1076 1281 Scripturis
1120 1189 1347 1272 profert
1391 1190 1762 1268 testimonia,
1809 1194 2078 1275 quamvis
2122 1215 2241 1255 eos
2258 1194 2438 1257 fibros

299 1317 402 1355 suo
430 1294 493 1352 in
521 1313 743 1351 canone
780 1311 901 1349 non
937 1285 1297 1347 recensuerit
1335 1283 1443 1365 (3).

380 1390 482 1451 45.
527 1386 696 1462 Quod
726 1386 980 1445 diximus
1012 1381 1086 1443 de
1110 1378 1381 1441 Patribus
1419 1382 1616 1460 graecis
1640 1427 1657 1458 ,
1702 1384 1806 1465 qui
1843 1383 2012 1444 nobis
2049 1385 2436 1465 objiciuntur,

306 1638 423 1688 ruch
452 1653 541 1695 ιιι,
582 1650 675 1696 12,
711 1633 874 1683 scribit
909 1649 923 1681 :
963 1628 1184 1680 Verbum
1219 1630 1334 1678 item

299 1718 535 1770 Israelem
555 1716 815 1783 objurqans
834 1716 935 1774 ait,
957 1723 1048 1763 etc.
1081 1711 1211 1761 Alibi
1229 1729 1334 1761 vero

300 1803 526 1854 eumdem
557 1799 759 1849 adducit
774 1797 863 1846 sub
887 1800 1079 1846 nomine
1100 1795 1331 1856 Jeremiae,

300 1887 470 1954 passim
488 1883 627 1934 verba
644 1900 698 1932 ex
732 1881 947 1931 deutero·
971 1881 1208 1929 canonicis
1227 1896 1336 1944 pro-

299 1971 453 2019 ferens
480 2004 495 2030 ,
549 1965 794 2034 conjungit
817 2004 832 2024 ‚
885 1963 1018 2012 nullo
1066 1962 1337 2011 discrimine

302 2053 423 2102 facto
439 2085 456 2113 ‚
489 2067 599 2099 cum
627 2047 780 2098 verbis
805 2045 960 2106 Petri,
996 2044 1162 2106 Pauli,
1191 2043 1336 2093 Davi-

301 2133 405 2194 dis,
454 2142 541 2182 etc.
571 2130 667 2179 cfr.
711 2128 852 2177 index
888 2128 1100 2176 locorum
1133 2123 1339 2192 Scriptu-

303 2235 462 2268 rarum
506 2215 594 2265 sub
637 2215 782 2263 finem
827 2212 921 2261 vol.
965 2227 999 2260 1.
1038 2210 1258 2260 Ceterum
1299 2211 1337 2258 si

303 2301 524 2350 standum
571 2306 693 2347 esset
737 2296 999 2345 auctoritati
1042 2292 1300 2359 Synopseos
1320 2330 1334 2351 ‚

302 2383 578 2433 deberemus
613 2397 638 2428 e
674 2394 817 2427 censu
845 2377 1337 2442 proto-canonicorum

303 2481 568 2532 expungere
592 2462 770 2510 librum
794 2459 959 2508 Esther
975 2496 988 2519 ‚
1018 2475 1073 2506 ac
1105 2474 1339 2507 recensere

303 2555 425 2600 inter
451 2559 599 2616 proto·
614 2547 861 2597 canonicos
890 2553 1068 2609 partem
1085 2541 1214 2591 illam
1233 2559 1340 2607 pro-

303 2632 473 2699 phetiae
496 2630 701 2679 Danielis
723 2664 737 2691 ,
758 2644 863 2694 quae
888 2626 1209 2691 complectitur
1235 2625 1335 2671 his-

303 2716 474 2763 toriam
499 2711 724 2760 Susannae
738 2744 755 2770 ,
781 2719 835 2757 ut
860 2708 950 2756 alia
979 2709 1215 2755 omittam.
1231 2704 1335 2753 Cfr.

305 2809 423 2847 tom.
469 2813 540 2856 ιι,
585 2810 697 2859 opp.
740 2791 793 2841 S.
832 2791 1057 2839 AthanaS.
1091 2805 1198 2854 pag.
1243 2784 1337 2835 126

306 2890 351 2930 et
375 2896 508 2946 seqq.
640 2911 649 2919 .

375 2963 441 3027 (1)
477 2960 556 3009 Sic
589 2957 729 3006 Orat.
757 2971 929 3015 xxxlv,
961 2971 1013 3001 n.
1057 2952 1113 3000 13
1135 2991 1148 3013 ‚
1184 2952 1335 3002 addu-

306 3061 415 3096 cens
443 3042 765 3093 testimonium
792 3055 848 3086 ex
877 3035 989 3101 Sap.
1007 3049 1053 3096 1,
1075 3037 1171 3083 ait:
1201 3034 1337 3100 Quo-

307 3127 445 3176 modo
477 3124 603 3175 illud
634 3123 765 3172 tueri
780 3122 1082 3187 poterimus,
1109 3117 1238 3183 quod
1266 3119 1338 3167 ait

307 3207 602 3274 Scriptura,
640 3204 803 3253 Deum
841 3201 1007 3252 omnia
1036 3199 1331 3267 pervadere,

307 3304 399 3344 etc.
427 3300 474 3340 et
499 3290 741 3355 conjungit
754 3303 862 3335 cum
879 3286 1031 3336 verbis
1050 3284 1223 3334 Jerem.
1241 3289 1269 3338 3
1282 3301 1299 3332 1
1319 3302 1333 3347 ;

307 3378 421 3425 item
450 3388 560 3422 cum
599 3368 741 3418 Orat.
775 3386 845 3417 mx
879 3369 1051 3434 profert
1080 3366 1219 3416 verba
1240 3366 1333 3415 Ec-

307 3456 551 3507 clesiastici
579 3469 686 3501 xxiv
705 3488 719 3512 ,
755 3449 786 3500 5
808 3488 821 3511 ‚
851 3468 957 3517 pag.
984 3451 1080 3518 730
1099 3487 1113 3511 ,
1147 3459 1262 3497 tom.
1290 3466 1331 3509 1,

309 3555 495 3589 necnon
532 3534 674 3584 Orac.
717 3547 886 3594 xxxv1,
926 3550 1031 3599 pag.
1071 3529 1207 3592 586,
1252 3531 1334 3580 ubi

312 3622 481 3680 solvit,
515 3617 640 3686 quod
669 3618 710 3665 ei
745 3613 1047 3682 objiciebatur
1064 3617 1123 3666 ab
1153 3614 1338 3666 Arianis

311 3721 368 3752 ex
403 3701 585 3753 Baruch
615 3713 704 3762 ιιι,
737 3708 781 3748 et
804 3697 916 3748 alibi
946 3698 1340 3765 passim.Cfr.in·

1419 1628 1507 1679 dex
1534 1629 1740 1680 locorum
1770 1631 1934 1699 Script.
1964 1635 2231 1700 praemissus
2259 1634 2443 1686 duobus

1422 1712 1739 1763 voluminibus
1765 1718 1865 1783 ejus
1891 1734 2101 1783 operum.

1488 1795 1549 1859 (2)
1589 1796 1666 1845 Uti
1702 1797 1896 1849 Hoeres.
1937 1817 2023 1848 Lxx
2039 1838 2053 1862 ‚
2092 1818 2144 1849 n.
2183 1818 2248 1851 vn
2267 1837 2282 1862 ‚
2308 1788 2441 1851 „edit-

1418 1878 1573 1929 Petav.
1598 1890 1711 1929 tom.
1733 1898 1775 1941 1,
1797 1899 1898 1947 pag.
1919 1880 2047 1944 818,
2069 1883 2306 1948 proferens
2332 1901 2444 1933 auc-

1420 1965 1651 2012 toritatem
1692 1982 1747 2013 ex
1790 1964 1958 2013 Esther
1994 1982 2112 2026 xm,
2153 1982 2221 2032 93
2252 1977 2297 2015 et
2321 1965 2445 2015 Hae-

1419 2062 1515 2096 res.
1550 2063 1657 2094 txlv
1677 2082 1693 2110 ,
1724 2064 1857 2096 num.
1887 2043 1985 2111 54,
2020 2048 2104 2096 ubi
2137 2049 2225 2097 sub
2252 2051 2445 2098 nomine

1420 2128 1680 2178 Salomonis
1706 2131 1843 2179 affert
1861 2147 1921 2180 ex
1939 2131 2027 2180 lib.
2047 2128 2296 2197 Sapientiae
2315 2147 2331 2179 1
2346 2170 2359 2193 ,
2381 2131 2443 2196 4;

1420 2214 1531 2260 item
1557 2211 1748 2263 Hoeres.
1776 2230 1913 2275 xxiv,
1948 2233 1998 2262 n.
2017 2212 2076 2277 6,
2096 2214 2333 2263 adducens
2356 2225 2446 2263 tes·

1407 2296 1671 2344 timonium
1694 2312 1750 2344 ex
1763 2294 1928 2345 Eccli.
1953 2312 2038 2356 vu,
2075 2313 2093 2346 1
2119 2333 2134 2358 ‚
2165 2298 2230 2344 ait
2259 2313 2272 2347 ε
2307 2296 2442 2363 Que-

1421 2382 1732 2430 madmodum
1772 2380 2033 2450 Scriptura
2071 2392 2285 2434 testatur.
2325 2384 2446 2432 Rur-

1422 2483 1526 2513 sum
1542 2463 1732 2514 HaereS.
1753 2483 1841 2514 ινιι
1857 2502 1871 2522 ,
1892 2467 2047 2527 solvit,
2066 2467 2192 2533 quod
2207 2484 2260 2514 ex
2280 2465 2446 2531 Scrip-

1422 2554 1533 2595 tura
1550 2546 1856 2614 objiciebatur
1869 2548 1928 2596 ab
1938 2546 2169 2596 haereticis
2185 2545 2226 2593 N
2229 2549 2441 2608 oetianis‚

1421 2646 1591 2692 nempe
1618 2645 1671 2675 ex
1701 2627 1880 2676 Baruch
1910 2644 1994 2686 ιιι,
2026 2625 2122 2686 36,
2152 2637 2240 2676 ete.

1491 2709 1557 2773 (3)
1595 2708 1651 2757 In
1685 2708 1826 2756 Orat.
1867 2710 1922 2756 in
1969 2707 2156 2758 Christi
2182 2709 2445 2774 Natalem,

1419 2808 1472 2840 n.
1491 2807 1520 2838 2
1537 2829 1549 2852 ‚
1575 2790 1703 2856 apud
1718 2789 1934 2840 Galland.
1955 2790 2191 2842 Biblioth.
2209 2791 2418 2842 Petrum
2430 2832 2444 2856 ,

1421 2884 1536 2922 tom.
1557 2890 1626 2931 vx,
1652 2891 1699 2938 p.
1721 2870 1822 2937 464
1839 2911 1851 2933 ,
1884 2883 2110 2941 tanquam
2141 2893 2195 2924 ex
2212 2876 2447 2942 propheta

1421 2968 1549 3021 urget
1574 2958 1897 3005 auctoritatem
1928 2956 2112 3006 Baruch
2146 2975 2231 3018 ιιι,
2267 2956 2351 3008 38.
2379 2959 2447 3007 lta

1418 3041 1557 3088 etiam
1593 3040 1705 3087 citat
1746 3037 1856 3104 Sap.
1893 3056 1940 3087 ιν
1964 3076 1978 3100 ,
2015 3054 2078 3101 2,
2118 3042 2168 3087 in
2216 3039 2363 3088 Orat.
2390 3042 2447 3087 in

1420 3120 1635 3170 Domini
1649 3136 1899 3168 occursum
1909 3155 1927 3183 ‚
1947 3138 1994 3169 n.
2006 3119 2040 3185 4
2053 3157 2067 3182 ,
2085 3121 2200 3170 ibid.
2211 3139 2312 3187 pag.
2324 3119 2442 3187 469.

1415 3191 1582 3263 Adde,
1616 3207 1749 3270 juxta
1778 3220 2004 3252 canonem
2026 3239 2041 3263 ,
2075 3221 2217 3271 quem
2250 3204 2443 3268 Amphi-

1417 3287 1599 3336 lochius
1612 3285 1831 3335 describit
1846 3288 1897 3334 in
1914 3284 2109 3346 lambis,
2128 3285 2445 3334 dubitandum

1419 3387 1515 3419 esse
1544 3369 1602 3418 de
1627 3366 1747 3416 libro
1779 3367 1946 3417 Esther
1963 3405 1977 3428 ‚
1999 3386 2107 3416 cum
2125 3367 2294 3417 scribat
2313 3385 2327 3416 :
2346 3366 2446 3416 His

1420 3452 1435 3516 (
1460 3451 1592 3501 libris
1630 3450 1894 3512 canonicis)
1941 3448 2148 3498 additur
2195 3448 2376 3498 Esther
2413 3465 2444 3496 a

1419 3534 1709 3601 quibusdam
1719 3554 1739 3592 ,·
1760 3533 1875 3581 ibid.
1895 3550 2000 3599 pag.
2018 3531 2118 3600 495
2133 3568 2147 3593 ,
2172 3551 2293 3582 vers.
2316 3527 2440 3591 288,

1425 3617 1616 3684 perinde
1639 3633 1693 3666 ac
1712 3616 1769 3665 de
1794 3634 1888 3665 non
1908 3619 2064 3683 paucis
2082 3616 2441 3669 deutero-eane-

1431 3702 1549 3750 nicis
1574 3698 1693 3750 Novi
1722 3698 1845 3750 Test.
