2502 4134
299 165 455 206 ram.
501 164 590 202 111.
631 162 784 200 sacr.
833 162 873 197 1.
919 159 1038 197 csr.
1086 161 1126 195 1.
1177 160 1244 196 ns
1288 158 1416 196 nn.
1467 156 1595 196 Aur.
1644 157 1753 194 rm.
1801 156 1983 195 srsc‘r.
2069 132 2184 195 383

83 307 406 368 suasionem
438 302 819 381 inducentes,
863 298 1269 384 probationeS,
1304 298 1514 381 quibus
1557 298 1841 359 evincitur
1881 298 2188 360 existentia

85 404 186 463 Dei
207 448 224 477 ,
279 400 614 484 apodicticae
657 397 962 459 evidentiae
1011 417 1245 480 capaces
1288 417 1410 456 esse
1452 394 1860 468 concedimus3
1912 394 2015 454 sed
2056 415 2188 455 eam

82 508 268 572 certe,
317 518 447 578 quae
487 496 889 574 metaphysica
938 491 1149 551 dicitur
1170 536 1187 565 ,
1237 512 1349 572 qua
1394 511 1607 572 nempe
1648 511 1719 549 em
1765 501 1892 550 ente
1938 491 2017 549 ab
2066 494 2190 549 alio

82 591 481 652 necessitatem
523 593 674 648 entis
714 612 754 648 a
789 610 845 648 se
880 587 1221 660 inferimuS,
1265 585 1653 667 apodicticam
1690 587 1933 647 omnino
1970 607 2091 646 esse
2129 598 2190 648 et

80 687 439 769 geometricae
476 707 644 768 posse
686 681 1169 744 demonstrationi
1209 678 1591 762 aequivalere,
1634 681 1995 743 confidenter
2034 705 2192 742 asse-

81 783 293 854 rimusg
331 782 546 862 quippe
583 780 658 839 ad
691 778 1045 862 principium
1070 787 1375 858 revocatur
1406 774 1896 837 contradictionis
1931 780 2050 838 Nec
2073 779 2205 838 mi·->

83 899 212 934 rum
235 888 430 935 tamen
448 920 464 949 ,
499 875 546 933 si
570 874 704 933 huic
726 885 845 932 tam
873 871 1131 932 evidenti
1159 871 1388 931 veritati
1412 870 1591 952 aliqui
1614 870 1896 931 obluctari
1920 874 2178 936 valeant.

83 973 291 1030 Nonne
317 971 475 1030 enim
507 968 737 1051 sceptici
768 968 955 1047 prima
982 967 1157 1026 etiam
1195 966 1476 1046 principia
1512 985 1577 1023 ac
1614 965 1981 1026 existentiam
2010 970 2097 1028 sui
2128 970 2190 1029 in

84 1065 329 1123 dubium
364 1062 748 1124 revocarunt?
777 1064 985 1122 Nonne
1007 1063 1214 1120 Sextus
1244 1060 1563 1141 Empiricus
1582 1103 1599 1133 ,
1627 1060 1689 1118 in
1719 1060 1882 1120 libris
1914 1063 2195 1125 adversus

84 1159 522 1218 mathematicos
540 1203 556 1232 ,
576 1157 980 1237 geometricam
995 1156 1182 1237 ipsam
1197 1154 1556 1214 evidentiam
1574 1157 1964 1236 oppugnavit?
1982 1161 2194 1220 Nonne

85 1243 408 1314 Hobbesius
441 1252 968 1312 demonstrationes
999 1249 1439 1309 mathematicas
1463 1269 1585 1308 esse
1610 1248 1839 1309 fallaces
1866 1273 2030 1333 posse
2055 1275 2193 1314 con-

85 1348 316 1408 tendit?
358 1346 637 1405 Addimus
672 1357 949 1427 praeterea
969 1390 985 1418 ,
1022 1344 1117 1403 hic
1148 1345 1277 1422 agi,
1311 1366 1433 1402 non
1463 1343 1538 1403 de
1566 1344 1811 1404 veritate
1842 1349 2186 1408 immediate

85 1443 338 1502 evidenti
378 1461 443 1499 ac
464 1462 582 1520 per
616 1462 676 1499 se
710 1451 878 1510 nota,
911 1461 1040 1521 quae
1062 1484 1078 1514 ,
1119 1439 1317 1497 statim
1352 1461 1416 1497 ac
1452 1439 1689 1498 termini
1727 1440 2006 1501 intellecti
2039 1444 2190 1517 sint,

83 1539 293 1596 mentis
334 1546 646 1617 extorquet
674 1556 971 1594 assensum
992 1579 1008 1609 ,
1052 1534 1154 1593 sed
1189 1533 1263 1592 de
1310 1535 1554 1594 veritate
1595 1537 1852 1594 mediate
1885 1537 2190 1612 evidenti,

83 1653 211 1714 quae
235 1630 581 1691 deductione
604 1630 819 1689 scilicet
841 1651 905 1689 ac
930 1629 1369 1688 ratiocinatione
1399 1630 1717 1690 conficitur.
1736 1630 1935 1706 Unde,
1958 1632 2188 1692 etiamsi

84 1727 158 1786 ad
201 1727 582 1808 apodicticam
628 1726 1190 1786 demonstrationem
1235 1725 1564 1805 pertingat,
1612 1736 1803 1806 potest
1845 1727 1896 1785 ei
1931 1725 2191 1788 humana

85 1821 355 1883 voluntas
394 1820 587 1902 aliquo
616 1820 792 1880 modo
829 1840 900 1879 ex
940 1820 1321 1901 perversitate
1358 1820 1536 1878 animi
1567 1821 1863 1900 refragari.

870 2025 1276 2080 PROPOSITIO
1314 2026 1382 2079 11.

88 2199 296 2266 Ratio,
313 2203 493 2256 etiam
517 2199 942 2267 individualis,
957 2220 1029 2258 ac
1037 2210 1353 2278 propterea
1375 2201 1595 2309 absque
1617 2221 1934 2261 consensus
1956 2209 2196 2283 yeneris

170 2298 431 2351 humani
455 2295 756 2362 subsidia,
784 2305 975 2373 potest
1005 2297 1128 2353 sihi
1151 2298 1215 2352 in
1241 2276 1530 2372 pluribus
1562 2299 1911 2356 veritatibus
1949 2303 2199 2359 certitu-

169 2389 374 2446 dinem
413 2410 783 2468 comparare.

173 2589 268 2649 67.
319 2590 376 2648 Si
398 2590 471 2650 de
495 2592 811 2673 quaestione
843 2613 1002 2653 mere
1029 2592 1425 2677 philosophica
1454 2594 1600 2656 circa
1623 2596 1880 2658 veritatis
1900 2598 2198 2660 criterium

91 2685 184 2744 hic
216 2697 518 2766 ageretur,
558 2709 685 2747 eam
721 2688 882 2747 ultro
918 2688 1278 2772 philosophis
1314 2690 1718 2751 excutiendam
1753 2691 2200 2755 dimitteremus·

94 2781 307 2840 Verum
330 2803 463 2840 cum
487 2788 608 2860 ejus
634 2784 886 2844 fautores
917 2786 1231 2845 commenti
1260 2785 1479 2846 fuerint
1500 2832 1515 2861 ,
1547 2808 1666 2845 non
1697 2786 1806 2847 alia
1837 2810 1945 2848 nos
1976 2789 2202 2851 ratione

93 2897 270 2957 quam
315 2899 418 2959 per
466 2899 811 2939 consensum
854 2881 1078 2960 generis
1125 2880 1364 2940 humani
1417 2903 1584 2964 posse
1635 2884 1903 2944 certiores
1952 2886 2075 2945 fieri
2128 2885 2203 2946 de

96 2972 430 3031 veritatibus
461 2984 588 3032 tum
623 2974 900 3034 naturalis
941 2987 1067 3034 tum
1102 2977 1554 3058 supernaturalis
1587 2977 1838 3055 ordiniS,
1879 3001 2012 3038 cum
2043 3001 2197 3062 prae-

100 3076 254 3126 terea
288 3067 452 3127 hunc
487 3069 760 3129 eumdem
797 3091 1147 3155 consensum¹
1187 3093 1520 3154 supremam
1554 3094 1619 3132 ac
1658 3074 1888 3133 unicam
1922 3096 2045 3135 esse
2071 3095 2199 3135 cre-

101 3159 420 3223 dendorum
462 3177 522 3226 et
557 3166 913 3247 agendorum
954 3167 1214 3248 regulam
1262 3170 1794 3251 proclamaverint,
1840 3171 1955 3250 sic,
1991 3183 2056 3232 ut
2095 3173 2204 3233 ista

104 3275 299 3315 veram
332 3262 644 3321 constituat
675 3262 861 3322 basim
891 3263 1221 3323 christianae
1252 3264 1561 3344 Religionis
1593 3286 1658 3324 ac
1693 3265 2028 3346 theologiae,
2070 3289 2205 3326 nos-

106 3359 325 3409 trarum
343 3373 463 3413 esse
477 3357 731 3438 partium
757 3358 1057 3433 ducimUS,
1086 3358 1294 3418 falsum
1321 3359 1429 3419 hoc
1459 3371 1519 3419 et
1539 3361 1925 3442 perniciosum
1949 3358 2201 3446 systema

104 3442 363 3504 refellere
402 3447 508 3529 (1).

171 3647 242 3709 (Ι)
279 3647 525 3714 Vulgatum
554 3664 619 3703 est
640 3666 910 3707 sectatorum
950 3658 1112 3727 hujus-
1198 3659 1323 3707 modi
1355 3661 1609 3725 systematis
1637 3660 1851 3726 adagium
1872 3678 1896 3708 ·:
1935 3660 2007 3708 La
2027 3660 2101 3723 fin·
2128 3675 2208 3708 ca-
