2502 4134
287 71 407 131 408

885 94 1081 130 TRAGT.
1126 95 1196 132 DE
1241 95 1397 134 Locis
1441 98 1816 138 THEOLOGIGIS.

287 257 448 297 conc.
466 260 486 303 ;
518 241 688 314 juxta
733 232 1080 293 methodum
1111 234 1439 294 christianae
1469 238 1702 297 veritati
1736 238 2093 301 illustrandae
2134 260 2200 299 ac
2233 239 2403 298 adse-

287 331 485 392 rendae
530 338 959 411 opportunam,
1010 351 1141 410 περ.

368 426 510 485 112.
560 423 648 483 Ad
683 425 791 499 lum,
829 425 983 506 Ney.
1017 426 1154 485 Haec
1184 425 1344 484 enim
1371 423 1613 506 aliaeque
1637 413 1918 503 ejusmodi
1941 429 2308 490 difficultates
2335 449 2405 488 ex

287 542 355 580 eo
379 520 741 601 proveniunt
759 565 775 594 ,
803 520 959 600 quod
988 532 1197 579 natura
1233 531 1291 578 et
1313 519 1563 600 analysis
1597 520 1732 580 fidei
1766 526 2220 602 supernaturalis
2249 522 2409 583 haud

284 615 396 674 rite
421 626 724 696 perspecta
753 614 1059 675 habeatur.
1089 615 1249 674 Nihil
1277 615 1492 697 quippe
1521 627 1643 674 tota
1677 617 1962 694 ejusmodi
1989 616 2407 679 demonstratio

284 731 418 768 cum
461 709 577 769 fide
615 710 1046 791 supernaturali
1092 710 1274 770 habet
1321 733 1667 785 commune3
1709 733 1817 772 nec
1855 713 2012 771 enim
2055 712 2227 786 fidei,
2279 734 2407 796 quae

282 806 602 885 gratuitum
650 804 874 864 donum
922 817 1045 881 est,
1101 807 1203 880 tali
1251 807 1737 866 demonstrationi
1789 807 1972 868 veluti
2018 807 2304 890 principio
2352 821 2412 870 et

281 903 499 959 motivo
517 902 780 979 formali
818 899 1096 959 credendi
1118 902 1427 975 innititur,
1481 924 1665 983 quum
1694 902 1877 984 possit
1907 904 2030 962 esse
2060 924 2194 961 cum
2223 902 2324 962 illa
2351 913 2412 962 et

281 996 410 1057 sine
443 995 542 1055 illa
564 1042 580 1071 ,
632 996 824 1078 sitque
859 996 933 1055 ab
973 1019 1039 1057 ea
1072 999 1315 1057 omnino
1354 997 1783 1080 independens
1835 1002 2032 1059 Potest
2069 1000 2269 1080 utique
2307 997 2414 1058 ali-

282 1093 411 1174 quis
447 1090 684 1151 credere
718 1092 845 1151 sine
870 1092 1375 1153 demonstratione
1399 1095 1518 1174 (l);
1553 1105 1746 1175 potest
1774 1116 1806 1154 e
1845 1105 2047 1153 contra
2068 1115 2415 1176 cognoscere

281 1186 886 1262 demonstrationem,
944 1201 1003 1247 et
1032 1211 1153 1247 non
1183 1189 1447 1262 credere3
1487 1201 1683 1271 potest
1717 1189 1951 1249 credere
1987 1189 2239 1249 naturali
2267 1211 2414 1271 qua·
2475 1234 2478 1236 -

283 1281 421 1341 dam
466 1282 614 1359 fide,
644 1281 799 1341 illius
843 1282 1361 1343 demonstrationis
1394 1285 1452 1344 vi
1475 1330 1490 1358 ,
1523 1295 1581 1343 et
1611 1296 1812 1345 tamen
1840 1285 1949 1344 fide
1981 1281 2429 1367 supernaturali

230 1408 234 1411 >
283 1398 349 1436 ac
381 1377 617 1451 divina,
653 1399 870 1459 nempe
907 1381 1067 1436 sicut
1099 1389 1324 1457 oportet
1361 1379 1437 1438 ad
1475 1379 1761 1455 salutem,
1804 1402 1925 1439 non
1963 1380 2218 1440 credere.
2263 1381 2416 1440 Hinc

282 1495 521 1555 prorsus
559 1472 772 1532 falsum
807 1485 931 1549 est,
972 1474 1130 1556 quod
1167 1474 1310 1534 fides
1341 1486 1481 1533 tunc
1521 1475 1671 1536 foret
1709 1497 1905 1536 merus
1933 1487 2158 1535 naturae
2193 1470 2319 1535 sese
2357 1475 2417 1535 vi

284 1591 388 1629 sua
422 1568 749 1629 evolventis
789 1569 1046 1628 effectus,
1104 1569 1227 1629 Nisi
1271 1570 1430 1629 enim
1461 1573 1614 1629 Deus
1652 1572 1836 1651 gratia
1871 1592 1973 1629 sua
2012 1569 2270 1643 adesset,
2292 1579 2417 1628 tota

283 1664 409 1724 haec
442 1663 699 1724 evolutio
739 1686 1048 1746 nunquam
1089 1663 1163 1722 ad
1201 1664 1412 1739 fidem,
1450 1665 1527 1724 de
1574 1688 1688 1748 qua
1725 1666 1979 1746 agimus,
2018 1664 2415 1747 pertingeret,

286 1778 417 1842 quae
456 1760 515 1817 in
548 1758 662 1818 alio
699 1780 937 1840 prorsus
979 1759 1186 1819 ordine
1218 1761 1533 1819 constituta
1577 1773 1687 1822 est.
1729 1763 1899 1836 Haec,
1934 1773 2002 1820 ut
2036 1760 2414 1836 confidimus,

285 1857 350 1914 in
381 1855 570 1938 capite
616 1857 924 1937 sequenti,
974 1877 1079 1914 suo
1131 1856 1193 1913 in
1242 1855 1471 1916 lumine
1515 1856 1996 1931 collocabuntur,
2037 1877 2102 1916 ac
2125 1855 2209 1916 ibi
2242 1857 2418 1917 etiam

287 1971 476 2012 novus
512 1951 875 2011 Hermesiani
914 1952 1242 2032 systematis
1279 1973 1441 2011 error
1472 1952 1716 2033 patebit.

372 2045 510 2105 113.
560 2046 651 2106 Ad
694 2046 798 2123 5¹1¹,
828 2046 979 2127 Ney.
1029 2047 1265 2107 iterum.
1307 2046 1618 2130 Theologia
1653 2048 1813 2108 enim
1853 2069 2024 2107 suum
2058 2046 2237 2108 habet
2276 2047 2418 2106 fun-

289 2145 636 2204 damentum
675 2145 737 2202 in
787 2142 1130 2203 veritatibus
1168 2167 1198 2203 a
1237 2147 1358 2204 Deo
1395 2144 1668 2204 revelatis
1713 2156 1773 2204 et
1819 2143 1894 2203 ab
1928 2143 2172 2203 Ecclesia
2210 2165 2424 2226 propo-

289 2241 414 2301 sitis
428 2285 445 2315 ,
477 2262 586 2300 nec
600 2239 717 2298 ulla
735 2261 972 2321 prorsus
986 2240 1213 2299 ratione
1230 2261 1261 2298 a
1283 2239 1651 2322 philosophia
1673 2252 1775 2299 aut
1791 2239 1864 2299 ab
1881 2239 2001 2298 ullo
2015 2238 2416 2321 philosophico

287 2346 600 2417 systemate
625 2334 863 2418 pendet.
897 2337 1112 2395 Verum
1142 2348 1232 2396 est
1254 2381 1269 2410 ,
1297 2336 1489 2418 quod,
1518 2336 1666 2396 sicut
1694 2335 1836 2395 fides
1862 2335 2061 2396 divina
2085 2381 2101 2410 ,
2136 2346 2203 2394 ut
2232 2334 2420 2417 loqui·

287 2444 389 2491 tur
414 2432 469 2490 S.
498 2430 750 2490 Thomas
771 2475 786 2505 ,
831 2435 1224 2511 coynitz‘onem
1263 2433 1606 2491 naturalem
1635 2424 2093 2513 praesupponit,
2121 2433 2202 2491 ita
2240 2432 2419 2492 etiam

290 2526 580 2608 theologia
626 2526 864 2610 aliquod
901 2526 1169 2588 naturale
1211 2527 1356 2588 certi
1397 2549 1461 2587 ac
1490 2502 1612 2590 &ti
1635 2528 1933 2589 criterium
1955 2574 1970 2604 .‚
2012 2527 2205 2612 aliqua
2244 2538 2425 2587 natu-'

358 2772 431 2838 (l)
469 2774 694 2822 Assensus
741 2774 849 2823 fidei
891 2777 1111 2840 supponit
1153 2779 1315 2841 utique

293 2867 517 2922 tanquam
557 2858 776 2921 praeviam
818 2858 1122 2905 necessariam
1153 2857 1316 2905 condi-

291 2941 501 2999 tionem,
549 2957 647 2987 uon
698 2939 849 2988 solum
886 2941 1187 3005 practicam,
1235 2941 1315 2989 sed

292 3021 632 3086 speculativam
659 3019 1012 3081 certitudinem,
1038 3023 1165 3088 quod
1190 3022 1314 3071 Deus

295 3107 353 3151 sit
372 3104 573 3155 locutus.
596 3104 687 3154 Sed
713 3105 810 3153 haec
836 3105 1065 3154 certitudo
1085 3123 1199 3170 opus
1218 3123 1315 3154 non

294 3194 397 3244 est,
452 3195 505 3234 ut
558 3205 612 3235 ex
663 3187 1055 3236 demonstratione
1102 3197 1312 3252 exurgat.

295 3265 636 3333 Quodcumque
652 3271 878 3317 motivum
896 3304 910 3330 ,
931 3271 1069 3317 etiam
1091 3271 1285 3317 unicum
1299 3306 1312 3329 ,

240 3346 246 3354 ’
296 3348 420 3414 quod
454 3349 615 3397 reddat
634 3350 876 3398 evidenter
897 3349 1172 3405 credibilem
1189 3368 1317 3399 reve-

294 3432 518 3478 lationem
552 3430 669 3490 Dei,
709 3435 815 3480 satis
845 3432 903 3480 ad
931 3432 1021 3480 hoc
1052 3442 1134 3481 est.
1166 3431 1318 3499 Atque

297 3514 415 3562 illud
443 3515 581 3562 etiam
609 3513 930 3563 adnotandum
949 3552 963 3575 ‚
1000 3532 1131 3580 posse
1164 3515 1318 3565 Deum

298 3598 349 3644 iu
387 3597 581 3646 rudibus
616 3596 924 3646 intellectibus
958 3599 1102 3663 gratia
1137 3616 1218 3646 sua
1252 3601 1315 3647 ita

1399 2775 1612 2841 supplere
1631 2814 1643 2836 ‚
1675 2776 1912 2843 quidquid
1944 2794 1999 2825 ex
2029 2785 2155 2841 parte
2178 2773 2415 2823 evidentiae

1399 2858 1634 2908 rationalis
1665 2861 1825 2907 motivi
1849 2859 2047 2918 deesset,
2071 2866 2123 2905 ut
2139 2855 2248 2903 inde
2267 2871 2319 2902 ea
2337 2853 2416 2902 fir-

1405 2943 1538 2989 mitas
1551 2942 1855 3005 persuasionis
1875 2949 2131 2998 enascatur,
2150 2939 2267 2986 sicut
2279 2938 2417 2985 etiam

1400 3022 1535 3071 rudes
1575 3022 1906 3070 rationabiliter
1940 3038 1992 3070 ac
2035 3019 2283 3085 prudenter
2321 3034 2419 3067 cre-

1399 3105 1532 3154 dant.
1557 3103 1654 3152 Cfr.
1681 3103 1882 3163 Sum-ez,
1922 3101 1992 3152 De
2023 3101 2143 3165 fide,
2183 3101 2305 3166 disp.
2337 3102 2416 3148 cit.

1401 3186 1508 3235 Haec
1523 3195 1643 3235 certe
1657 3185 1780 3234 haud
1794 3189 1879 3242 rite
1895 3184 2120 3232 intellexit
2133 3182 2417 3244 Hermesius‚

1401 3287 1509 3318 cum
1559 3266 2015 3317 Demonstrationem
2041 3301 2055 3325 ‚
2123 3276 2168 3314 et
2228 3264 2418 3331 quidem

1403 3348 1864 3416 (Zwev‘fhlsiccbtiq)
1890 3348 2039 3396 dubia
2071 3347 2278 3396 studiose
2304 3362 2419 3396 con-

1399 3435 1695 3498 quirentem,
1732 3432 1923 3479 asseruit
1962 3430 2173 3479 radicem
2201 3446 2298 3478 esse
2313 3428 2418 3495 pioe

1396 3515 1514 3580 fidei
1534 3522 1579 3562 et
1597 3499 1937 3563 conditidnem.
1968 3509 2161 3561 Introd.
2173 3509 2302 3578 phil.
2318 3509 2418 3558 Μο-

1400 3606 1519 3645 nast.
1558 3582 1714 3661 1819,
1744 3613 1848 3661 pag.
1890 3611 1966 3661 17.
