2502 4134
336 161 497 198 PAR'r.
546 156 629 195 111.
677 156 824 195 SBC'I'.
868 154 907 192 1·
955 156 1076 193 GAP.
1128 158 1168 194 1.
1221 159 1285 194 ΒΕ
1329 157 1460 196 RAT.
1511 158 1639 194 AM.
1688 159 1797 194 mn.
1847 158 2026 197 SPEGT.

2114 138 2231 197 355

68 349 74 353 ,
131 304 202 362 de
230 299 489 366 realitate
515 320 617 357 sua
641 295 956 376 objectiva3
992 309 1166 379 atque
1195 297 1255 357 in
1278 299 1467 380 seipso
1489 297 1829 381 actibusque
1849 299 1966 358 suis
1995 300 2228 362 invenit

128 397 499 457 intrinsecam
549 394 848 453 ‘rationem
908 393 1328 476 principiorum
1377 393 1614 453 illorum
1675 395 2129 456 necessariorum
2190 421 2230 456 a

119 496 358 575 priori,
393 488 553 571 quod
591 510 712 548 non
746 490 918 548 datur
955 490 1230 549 accidens
1267 495 1397 549 sine
1431 491 1811 563 substantia,
1856 512 1963 551 nec
1997 494 2233 573 effectus

130 593 258 647 εἰπε
287 608 509 652 causa,·
550 607 678 665 quae
707 585 954 664 proinde
988 583 1270 666 principia
1300 606 1422 642 non
1455 585 1789 663 synthetica
1817 604 1852 645 a
1883 587 2097 668 priori,
2129 588 2233 648 sed

130 704 365 766 prorsus
404 683 713 760 analytica
763 691 822 739 'et
862 680 1131 761 *identica
1177 689 1347 751 sunt,
1398 700 1520 737 non
1566 681 1754 759 logica
1810 692 2078 759 tantum,
2132 684 2235 744 sed

132 779 534 858 metaphysica
567 797 632 835 ac
663 778 980 854 ontoloqica
994 818 1016 846 ‚
1045 786 1106 834 et
1144 773 1220 832 ad
1251 773 1577 854 realitatem
1612 772 1960 852 obJ'ectivam
1985 777 2235 838 demon-

134 872 434 933 strandam
468 871 792 930 firmissima
827 869 936 949 (l).

215 968 311 1027 36.
363 967 429 1026 7⁰
470 969 721 1026 Demum
766 986 905 1048 eam,
938 985 1170 1046 semper
1203 985 1327 1046 prae
1368 963 1545 1030 oculis
1581 962 1912 1024 habendam
1944 988 2066 1027 esse
2101 968 2237 1050 phi·

131 1061 484 1145 Iosophicam
505 1060 937 1120 distinctionem
953 1100 970 1133 ,
997 1081 1126 1141 quae
1149 1059 1303 1119 inter
1320 1058 1587 1118 ordinem
1605 1060 1861 1139 loyicum
1883 1082 1948 1121 ac
1965 1062 2232 1124 ordinem

132 1159 602 1236 chronologicum
625 1154 1020 1234 cognitionum
1037 1199 1053 1227 ,
1080 1165 1255 1235 atque
1277 1153 1543 1214 ordinem
1564 1153 1849 1214 factorum
1877 1157 2230 1237 historicam

133 1251 439 1313 intercedit
462 1250 573 1330 (2).
611 1247 767 1308 Ordo
794 1249 1013 1331 quippe
1041 1250 1263 1328 logicus
1286 1249 1667 1309 intrinsecum
1694 1250 1850 1310 inter
1870 1253 2226 1332 cognitiones

203 1428 269 1493 (l)
307 1426 394 1491 Qui
425 1442 532 1474 cum
562 1424 699 1472 laude
723 1427 845 1472 inter
869 1426 1140 1473 recentiores

133 1509 409 1574 ideologiam
461 1505 793 1566 excoluerunt,
858 1504 1141 1555 conveniunt

134 1608 293 1640 omnes
306 1626 320 1650 ,
340 1589 618 1654 principium
640 1587 921 1637 substantiae
940 1604 993 1635 ac
1010 1590 1143 1652 prin-

133 1673 308 1738 cipium
318 1668 616 1719 causalitatis
626 1687 719 1719 esse
730 1669 918 1736 quidem
930 1671 1138 1736 apriori,

135 1759 306 1823 quippe
326 1772 422 1803 non
439 1754 497 1802 ab
517 1755 787 1819 experientia
802 1770 855 1802 ac
868 1752 1141 1802 inductione

134 1839 388 1904 pendeant,
408 1838 474 1885 uti
491 1835 689 1884 Humius
705 1835 1038 1895 contendebat;
1061 1836 1141 1884 sed

137 1930 293 1968 tamen
323 1937 375 1967 ea
400 1935 496 1967 esse
525 1920 716 1966 omnino
734 1915 1007 1982 analytica,
1030 1931 1141 1965 cum

134 2003 263 2049 notio
303 2000 548 2048 accidentis
581 2009 625 2047 et
660 2000 787 2046 notio
820 1998 1008 2046 effectus
1045 2014 1142 2045 non

134 2070 461 2131 connectantur
501 2097 609 2129 cum
652 2083 841 2128 notione
879 2079 1144 2128 substantia

134 2173 302 2212 etcum
323 2165 510 2211 notione
537 2178 682 2210 causae
710 2179 765 2210 ex
793 2161 993 2227 quadam
1015 2178 1141 2210 coeca

135 2248 323 2295 rationis
351 2244 588 2310 synthesi,
616 2255 669 2293 ut
695 2244 889 2293 Kantius
921 2248 1134 2304 asseruit,

136 2328 216 2377 sed
254 2345 309 2375 ex
351 2325 450 2392 ipsa
485 2329 647 2374 intima
682 2344 841 2375 earum
881 2326 1103 2376 relatione
1124 2362 1139 2388 ‚

138 2424 230 2474 qua
258 2409 312 2455 fit
344 2418 397 2456 ut
422 2424 564 2456 unam
590 2409 639 2454 in
668 2408 809 2456 altera
832 2407 1035 2468 includi,
1061 2426 1141 2457 seu

136 2506 278 2538 unam
320 2506 428 2538 cum
473 2490 613 2538 altera
660 2489 800 2537 veluti
842 2489 1142 2554 praedicatum

135 2588 242 2620 cum
270 2556 484 2637 subjecto
499 2573 747 2620 necessario
765 2573 975 2620 connecti
991 2609 1004 2632 ,
1029 2575 1142 2620 ratio

135 2653 391 2719 pervideat3
411 2656 622 2702 notiones
651 2671 753 2702 vero
778 2653 878 2701 illas
906 2671 1001 2702 non
1020 2672 1143 2703 mere

135 2735 381 2784 abstractas
397 2751 448 2782 ac
466 2735 630 2799 logicas
654 2751 749 2784 esse
760 2771 774 2796 ‚
805 2735 884 2784 sed
902 2735 1143 2783 concretae

136 2833 191 2864 ac
222 2813 612 2881 psycholoyica8‚
668 2815 1044 2882 quandoquidem
1091 2817 1142 2863 in

137 2900 233 2962 ipsa
248 2900 389 2945 nostri
403 2899 678 2946 conscientia
692 2896 970 2945 substantiae
984 2897 1141 2945 ideam

137 2980 427 3038 invenimus,
458 2996 511 3027 ac
545 2979 597 3026 in
630 2981 739 3044 ipsis
772 2980 951 3028 actibus
976 2983 1142 3028 nostris

139 3061 294 3107 activis
325 3069 425 3108 tum
460 3060 717 3109 intellectus
753 3061 850 3124 (uti
885 3078 958 3110 ex.
996 3079 1063 3127 gr.
1092 3063 1143 3109 in

141 3141 531 3206 ratiocinatione),
566 3148 667 3191 tum
699 3145 946 3207 praesertim
975 3143 1141 3191 volun-

143 3220 247 3266 tatis
279 3220 501 3271 habemus
533 3226 743 3272 notiones
785 3224 926 3273 reales
958 3241 1139 3274 caussoe

144 3314 199 3346 ac
219 3300 416 3365 effectus.
449 3303 497 3352 Si
524 3307 661 3370 igitur
694 3306 792 3355 haec
825 3308 1046 3371 principia
1071 3306 1142 3355 lo-

143 3380 287 3443 gicam
321 3385 632 3435 necessitatem
666 3387 871 3447 habent,
909 3405 1016 3436 cum
1052 3389 1143 3435 sint

144 3476 176 3506 a
195 3461 380 3524 priori,
407 3472 453 3511 et
473 3471 696 3517 tamenin
719 3471 815 3534 ipsa
834 3469 1038 3518 realitate
1058 3469 1141 3518 ob-

142 3542 305 3605 jectiva
362 3543 611 3606 fundantur
633 3585 648 3608 ‚
709 3552 887 3616 quoties
944 3550 1141 3615 legitime

143 3623 394 3689 quidquam
420 3643 473 3674 ca
499 3630 606 3693 ipsis
634 3633 856 3695 infertur,
887 3637 1138 3683 necessario

1222 1425 1279 1472 ad
1302 1425 1581 1492 objectivam
1595 1425 1844 1475 realitatem
1861 1427 2116 1481 adducunt.
2133 1431 2237 1483 Non

1222 1519 1330 1556 sunt
1366 1509 1490 1557 enim
1525 1525 1663 1558 merae
1697 1510 1817 1574 leges
1853 1511 2057 1577 subjecti
2089 1520 2238 1580 perci-

1222 1591 1421 1654 pientis,
1464 1590 1551 1640 sed
1588 1594 1781 1640 omnino
1818 1590 2101 1657 objectorum
2135 1616 2239 1663 per-

1221 1681 1459 1737 ceptorum
1488 1682 1595 1721 sunt
1621 1673 1765 1738 leges.
1798 1673 1905 1723 Haec
1928 1678 2126 1742 attigisse
2157 1698 2239 1744 pro

1221 1769 1272 1802 re
1304 1764 1458 1802 nostra
1490 1754 1717 1816 sufficiat,
1747 1773 1833 1804 nos
1853 1766 2057 1806 ceterum
2080 1764 2242 1810 remit-

1222 1836 1361 1884 tendo
1392 1837 1451 1885 ad
1476 1855 1552 1885 eos
1581 1839 1779 1902 egregios
1808 1835 2136 1905 philosophos,
2159 1847 2242 1910 qui

1220 1917 1310 1964 hac
1344 1917 1402 1966 de
1434 1935 1483 1966 re
1515 1933 1567 1965 ex
1602 1918 1800 1982 professo
1835 1929 2143 1983 pertractant,
2185 1941 2240 1972 ac

1224 1999 1369 2046 varios
1387 1999 1545 2047 modos
1559 1997 1789 2063 probandi
1804 2001 2056 2051 realitatem
2074 2005 2240 2053 mundi

1223 2082 1402 2128 externi
1437 2079 1653 2129 adversus
1689 2082 1920 2130 idealistas
1953 2101 2006 2132 ac
2035 2094 2240 2134 trascen-

1222 2161 1427 2210 dentales
1451 2161 1738 2227 expendunt.

1291 2244 1361 2307 (2)
1397 2242 1521 2291 Ordo
1547 2243 1893 2309 chronologicus
1921 2247 2237 2310 cognitionum

1223 2325 1465 2373 veritatum
1489 2334 1557 2373 est
1582 2323 1811 2372 relativus
1827 2360 1844 2385 ,
1874 2326 2103 2391 siquidem
2124 2344 2238 2392 pen-

1223 2406 1300 2453 det
1332 2423 1387 2453 ex
1417 2405 1623 2471 subJecto
1637 2442 1651 2466 ,
1673 2406 1799 2471 quod
1819 2423 1975 2454 earum
1994 2409 2237 2456 veritatum

1224 2488 1461 2535 notionem
1488 2488 1715 2552 acquirit,
1742 2503 1797 2535 ac
1813 2504 1868 2535 ex
1895 2489 2034 2535 variis
2065 2487 2234 2555 adjun-

1225 2570 1309 2615 ctis
1321 2604 1335 2626 ,
1353 2583 1457 2633 quae
1471 2565 1675 2616 facultati
1696 2567 2004 2633 cognoscendi
2025 2567 2232 2617 subsidio

1225 2650 1298 2698 vel
1339 2649 1670 2714 impedimento
1716 2667 1811 2698 esse
1853 2660 2063 2715 possunt.
2111 2649 2237 2700 Ordo

1223 2732 1396 2798 logicus
1414 2734 1656 2781 veritatum
1687 2743 1755 2781 est
1782 2732 2044 2795 absolutus,
2067 2736 2240 2799 quippe

1225 2817 1380 2864 statuit
1419 2817 1606 2863 intimas
1649 2815 1858 2864 idearum
1904 2812 2242 2875 relationes‚ac

1225 2914 1370 2945 nexus
1383 2933 1397 2956 ,
1417 2914 1518 2961 quae
1537 2914 1591 2944 ex
1622 2897 1721 2960 ipsa
1755 2898 1908 2944 rerum
1925 2906 2088 2943 natura
2104 2911 2239 2944 exur-

1224 2987 1357 3042 gunt.
1391 2977 1454 3026 Ut
1488 2977 1695 3041 exemplo
1722 2993 1819 3025 rem
1849 2977 2077 3026 declarem
2112 2993 2128 3025 ε
2155 2994 2241 3042 po-

1223 3069 1311 3108 test
1334 3060 1477 3126 quaeri
1492 3095 1506 3119 ,
1531 3074 1734 3124 quonam
1758 3068 1887 3122 pacto
1912 3059 2124 3107 homines
2148 3060 2241 3123 pri-

1224 3142 1363 3189 mitus
1397 3141 1553 3189 ideam
1589 3157 1644 3189 ac
1681 3140 2004 3189 certitudinem
2041 3141 2244 3198 veritatis

1223 3221 1419 3290 alicujus
1457 3222 1785 3288 acquisierint;
1817 3231 1861 3269 et
1883 3230 2099 3285 praeterea
2124 3237 2242 3268 num

1222 3303 1323 3353 haec
1356 3306 1525 3354 veritas
1555 3301 1657 3351 talis
1686 3303 1779 3361 sit,
1815 3312 1868 3350 ut
1899 3312 2038 3368 queat
2067 3303 2243 3349 ratione

1223 3385 1437 3450 cognosci
1460 3399 1514 3434 ac
1536 3382 1736 3449 probari.
1751 3382 1832 3431 Hae
1849 3392 1958 3431 sunt
1978 3384 2246 3449 quaestiones

1224 3464 1361 3531 plane
1376 3467 1607 3516 distinctae
1627 3481 1681 3513 ac
1698 3463 2080 3529 independentes.
2094 3462 2245 3510 Altera

1222 3546 1283 3597 ad
1305 3549 1425 3599 facta
1442 3586 1459 3610 ,
1501 3547 1564 3599 ad
1589 3548 1831 3596 historiam
1845 3582 1861 3611 ,
1877 3546 1936 3596 ad
1956 3546 2249 3595 traditionem

1221 3633 1454 3697 pertinet;
1491 3630 1640 3681 altera
1676 3629 1736 3680 ad
1765 3629 1974 3680 idearum
1997 3635 2214 3677 naturam
2230 3659 2245 3686 ,

1914 3707 2012 3767 23.
