2502 4134
260 133 385 196 264
883 156 1083 193 maor.
1121 157 1189 192 nn
1219 157 1377 194 roms
1417 158 1797 198 rnnotoolcis.

349 300 487 360 386.
539 297 708 371 Quod
737 294 793 355 si'
818 294 1089 355 Clemens
1115 298 1286 355 Rom.
1314 296 1389 355 ad
1413 296 1810 358 Traditionem
1832 321 2105 381 expresse
2139 323 2260 360 non
2289 323 2398 384 ap·—

263 395 483 479 pellat‚
513 392 805 473 siquidem
840 413 1046 474 scopus
1080 413 1145 450 ac
1171 392 1542 473 propositum
1578 414 1748 452 suum
1774 394 1836 453 id
1865 417 1985 454 non
2009 395 2234 455 ferebat
2267 397 2357 472 (1)
2378 443 2396 472 ,

259 495 424 571 facto
452 499 652 546 tamen
701 509 831 546 eam
862 488 1223 569 apertissime
1259 486 1668 560 commendat3
1703 509 1844 547 nam
1870 491 1995 571 ipse
2019 492 2234 571 jugiter
2258 513 2399 573 pro-

267 594 438 648 vocat
464 582 794 642 Corinthios
819 583 894 641 ad
921 582 1100 641 libros
1128 577 1711 642 deutero—canonicos
1738 595 2021 666 tanquam
2049 586 2122 645 ad
2148 587 2398 668 Spiritus

262 679 463 738 Sancti
491 677 720 737 oracula
743 723 759 752 ‚
785 680 871 736 uti
899 700 1001 736 suo
1028 676 1281 737 vidimus
1312 677 1469 751 loco;
1500 677 1657 757 unde
1681 699 1820 738 vero
1842 680 2091 739 istorum
2111 680 2398 741 librorum

260 775 638 836 divinitatem
659 775 896 854 agnovit
922 775 1035 832 nisi
1066 795 1136 832 ex
1160 773 1540 834 Traditione'?

314 881 316 885 ’
344 870 486 930 387.
538 869 626 928 Ad
660 870 769 945 4¹²¹,
802 870 953 949 Ney.
989 869 1141 928 hanc
1170 868 1488 941 adversarii
1525 867 1961 932 conclusionem
1983 915 1999 945 7
2033 882 2238 952 utpote
2272 893 2402 954 quae

258 965 405 1025 falso
441 965 732 1025 innitatur
770 965 1058 1047 principio
1101 963 1361 1046 falsoque
1399 966 1733 1046 supposit0.,
1774 965 1860 1024 uti
1897 987 1969 1025 ex
2006 965 2195 1025 allatis
2224 964 2403 1026 docu-

262 1062 480 1121 mentis
509 1059 839 1120 luculenter
865 1072 1044 1142 patet.
1075 1061 1264 1140 Viguit
1289 1061 1463 1139 igitur
1487 1058 1686 1120 divina
1708 1061 1997 1137 Traditio,
2028 1083 2060 1119 a
2085 1063 2401 1143 Scripturis

261 1157 535 1216 distincta
553 1201 572 1230 ,
598 1154 671 1215 ab
704 1156 991 1238 Apostolis
1023 1178 1204 1237 usque
1231 1156 1307 1214 ad
1335 1155 1551 1215 Christi
1573 1178 1798 1215 annum
1813 1158 2199 1216 centesimum
2219 1160 2398 1238 quin-

260 1253 702 1334 quagesimum,
743 1264 804 1310 et
843 1251 1118 1333 deinceps
1146 1296 1161 1324 .,
1206 1252 1427 1311 fatente
1467 1252 1838 1326 adversari0‚
1886 1253 2059 1311 tertio
2097 1265 2155 1311 et
2187 1265 2398 1335 quarto

259 1347 490 1423 secu10‚
523 1347 843 1407 theoretica
881 1357 940 1406 et
970 1347 1220 1428 practica
1244 1392 1258 1420 .,
1292 1346 1685 1430 eumdemque
1716 1348 1963 1429 proinde
1998 1348 2257 1409 valorem
2288 1349 2395 1407 ha·-

260 1442 364 1504 bet
387 1489 403 1517 .,
437 1465 502 1502 ac
522 1444 649 1524 ipsa
674 1442 854 1502 habet
887 1443 1209 1524 Scriptura.

347 1539 490 1600 388.
540 1541 687 1598 Inst.
721 1539 896 1620 Atqui
922 1540 1225 1619 utriusque
1244 1583 1260 1613 ,
1287 1539 1583 1597 orientalis
1617 1539 1885 1599 videlicet
1910 1551 1969 1598 et
1997 1538 2368 1599 occidentalis
2387 1584 2403 1614 ‚

261 1635 529 1694 Ecclesiae
559 1638 758 1694 Patres
789 1647 848 1694 et
882 1635 1148 1694 doctores
1173 1638 1480 1694 unanimes
1513 1647 1651 1694 sunt
1680 1636 1742 1693 in
1765 1635 2091 1712 rejiciendis
2117 1635 2406 1694 Traditio-

262 1728 440 1789 nibus
488 1752 521 1788 a
562 1731 859 1811 Scriptura
897 1731 1209 1789 distinctiS.
1252 1732 1483 1790 Etenim
1523 1731 1585 1788 10
1626 1729 1893 1791 doctrina
1935 1742 2058 1789 erat
2104 1731 2402 1804 Ecclesiae,
2471 1736 2474 1739 ’

266 1825 626 1907 Scripturam
677 1847 883 1885 omnes
928 1826 1066 1886 fidei
1110 1825 1379 1885 articulos
1419 1827 1738 1886 continere.
1784 1827 2064 1905 Origenes
2113 1848 2126 1884 ε
2172 1827 2254 1885 In
2302 1827 2407 1885 hoo

263 1922 447 1980 hiduo
464 1964 486 1994 ,
539 1920 772 1996 scribit,
806 1932 958 2001 puto
1005 1923 1123 1981 duo
1159 1933 1508 1982 testamenta
1531 1943 1701 2001 posse
1735 1923 2031 2000 intelligi,
2071 1925 2140 1979 in
2184 1923 2408 2000 quibus

261 2017 441 2076 liceat
494 2039 665 2076 omne
707 2020 955 2077 verbum
973 2061 996 2090 ,
1037 2020 1199 2098 quod
1253 2019 1339 2076 ad
1381 2020 1580 2077 Deum
1623 2022 1892 2098 pertinet
1929 2018 2071 2095 (hoc
2118 2022 2282 2075 enim
2326 2027 2412 2075 est

260 2115 634 2192 sacrificium
659 2116 716 2194 )‚
760 2118 999 2194 requiri
1031 2125 1086 2173 et
1123 2116 1380 2184 discuti,
1416 2124 1594 2193 atque
1634 2135 1707 2172 esc
1735 2115 1887 2191 ipsis
1917 2134 2151 2172 omnem
2201 2133 2410 2171 rerum

262 2212 584 2268 scientiam
628 2213 788 2288 oapi.
837 2212 911 2268 Si
941 2212 1096 2289 quid
1126 2221 1328 2268 autem
1363 2231 1786 2283 sursurmzmr,
1831 2209 1992 2287 quod
2027 2229 2142 2266 non
2190 2209 2407 2265 divina

262 2306 592 2383 Scriptura
628 2306 944 2377 decernat,
987 2307 1225 2363 nullam
1260 2308 1454 2364 aliam
1496 2308 1740 2363 tertiam
1783 2306 2171 2382 Scripturam
2202 2303 2408 2361 debere

258 2401 346 2458 ad
376 2404 794 2458 auctoritatem
827 2404 1090 2460 scientiae
1119 2406 1409 2481 suscipi...
1448 2403 1551 2460 sed
1580 2405 1715 2480 iqui
1745 2401 2097 2470 tradamus,
2128 2400 2287 2478 quod
2316 2419 2411 2457 su·

253 2508 484 2577 peresi,
532 2498 604 2554 id
636 2508 749 2571 est,
788 2499 910 2557 Deo
953 2485 1318 2557 reservemus
1354 2497 1464 2578 (2).
1508 2496 1857 2556 Athanasius
1902 2494 2140 2556 scribit:
2173 2496 2410 2553 Sanctoe

263 2615 337 2653 ao
369 2596 597 2652 divinoe
633 2595 972 2673 Scripturoe
1004 2598 1148 2672 ipsae
1169 2616 1289 2673 per
1323 2615 1380 2652 se
1416 2597 1562 2652 satis
1600 2603 1744 2651 sunt
1780 2593 1867 2651 ad
1899 2594 2203 2649 veritatem
2236 2590 2410 2647 indi·-

255 2690 519 2748 candam
537 2688 650 2769 (3).
673 2688 1032 2770 Theophilus
1058 2688 1437 2747 Alexandrin.
1471 2711 1484 2746 ε
1517 2689 1818 2767 Iglnorans
1843 2686 2227 2767 (Origenes),
2254 2685 2418 2764 quod

260 2786 631 2843 doemonz'aci
669 2788 927 2864 spiritus
973 2796 1115 2844 esset
1159 2787 1523 2854 instinctus,
1565 2783 1939 2862 sophismata
1986 2782 2412 2839 humanarum

260 2884 557 2940 mentium
606 2886 814 2961 sequi,
860 2892 916 2939 et
960 2882 1207 2959 aliquid
1244 2891 1418 2938 extra
1467 2881 1943 2957 Scripturarum
1995 2880 2411 2935 (haector-itatem

260 2988 486 3056 putare
515 3001 761 3039 Divinum
802 2977 914 3059 (4).
947 2975 1199 3057 Cyrillus
1234 2975 1394 3036 Alex.
1442 2996 1456 3033 t
1502 2974 1677 3054 Quod
1706 2995 1882 3032 sacra
1922 2974 2249 3051 Scriptura
2290 2990 2413 3027 non

264 3151 520 3220 doxologia
544 3153 627 3204 SS.
667 3155 904 3203 Trinitatis
932 3153 1210 3214 exhibetur,
1243 3154 1301 3201 ad
1382 3153 1633 3221 jectionem
1648 3167 1831 3199 necnon
1845 3149 1903 3197 ad
1918 3145 2411 3196 mutuamcharitatem

266 3235 622 3285 confundendos
658 3237 965 3297 Socinianos,
999 3248 1042 3285 et
1075 3255 1121 3284 n.
1166 3252 1221 3303 17
1257 3247 1299 3284 ct
1385 3251 1619 3283 revocare.

265 3334 366 3383 seq.
413 3317 495 3365 ubi
536 3322 706 3383 pariter
749 3321 807 3369 de
849 3319 1127 3369 Sanctorum
1168 3319 1295 3366 cultu
1455 3318 1524 3382 (2)
1559 3314 1711 3363 Hom.
1754 3328 1814 3372 v,
1864 3313 1923 3359 in
1973 3310 2133 3359 Levit.
2184 3321 2299 3358 tom.
2344 3327 2411 3368 n,

265 3416 414 3448 sermo
447 3410 532 3448 est.
1384 3416 1491 3465 pag.
1526 3412 1623 3445 212
1643 3434 1656 3456 ‚
1688 3395 1799 3444 edit.
1832 3393 2007 3443 Bened.

335 3482 399 3546 (1)
438 3480 732 3547 Propositum
760 3486 992 3550 siquidem
1012 3487 1054 3534 ei
1082 3484 1171 3533 fuit
1201 3483 1297 3532 Co·
1455 3480 1520 3546 (3)
1559 3479 1767 3528 Advers.
1789 3485 1916 3542 yent.
1938 3487 2052 3525 tom.
2072 3493 2087 3524 1
2105 3514 2117 3535 ,
2142 3494 2219 3541 op.
2236 3485 2350 3541 part.
2369 3490 2405 3523 1.

263 3565 546 3614 rinthiorum
580 3566 769 3615 dissidia
802 3585 1123 3634 compescere,
1165 3569 1295 3616 illos·
1453 3565 1517 3629 (14)
1555 3563 1721 3630 Epist.
1767 3559 2003 3609 Paschal.
2045 3577 2108 3621 11,
2164 3558 2405 3607 Bibliotk.

270 3664 368 3714 que
399 3647 459 3697 ad
487 3647 692 3697 debitam
713 3666 819 3715 erga
839 3663 1039 3715 pastores
1061 3668 1167 3700 suos
1184 3650 1298 3699 sub·
1393 3649 1596 3698 Patrum
1629 3642 1754 3694 1618
1777 3684 1790 3707 ,
1818 3655 1934 3694 tom.
1964 3661 2008 3692 lv
2028 3680 2041 3704 ,
2073 3661 2179 3709 pag.
2220 3638 2335 3710 716.
