2502 4134
263 115 379 175 330

858 145 1049 183 TRACT.
1098 147 1165 182 DE
1209 147 1360 183 LOCIS
1404 150 1777 188 THEOLOGicls.

348 285 441 344 10.
500 288 567 344 Et
614 286 734 344 haec
781 287 1018 367 quidem
1055 294 1566 370 protestantismus
1606 292 1667 352 in
1707 294 2036 356 christianae
2086 295 2386 375 theologiae

262 382 489 441 ambitu
527 380 600 439 de
636 381 912 443 humanae
951 386 1189 444 rationis
1241 384 1460 446 viribus
1505 389 1916 449 constituebat.
1959 391 2071 451 Sed
2115 390 2274 450 aliud
2316 413 2386 450 ex

262 478 465 537 eadem
511 478 778 558 partein
810 480 934 562 ipso
962 480 1347 564 philosophiae
1384 504 1592 565 campo
1621 483 1833 542 rationi
1871 486 1979 567 ipsi
2007 485 2389 570 impendebat

261 571 549 632 excidium
581 595 594 631 ε
630 574 910 634 nimirum
948 579 1492 659 neo-scepticismus
1531 578 1663 653 ille,
1700 579 1798 660 qui
1836 601 1907 638 ex
1934 582 2235 643 Britannia
2259 583 2387 665 pri-

260 690 426 727 mum
460 669 772 750 prodienS‚
817 694 882 731 ac
918 671 1130 733 deinde
1168 673 1242 732 ab
1280 674 1660 758 Emmanuele
1700 675 1914 735 Kantio
1946 676 2129 738 veluti
2158 679 2217 736 in
2255 700 2383 758 sys-

259 774 415 823 tema
463 765 768 844 redactuS.,
808 780 898 827 tot
939 770 1286 852 opinionum
1337 771 1567 853 peperit
1612 782 1911 844 monstra,
1956 793 2023 830 ac
2061 773 2388 834 Germaniae

257 863 586 943 praesertim
610 864 834 924 scholas
856 865 971 925 late
995 867 1270 948 pervasit.
1290 867 1708 949 Philosophicae
1737 867 1837 947 huj
1848 890 1912 926 us
1934 867 2113 926 cladis
2144 867 2386 927 historia

259 958 433 1016 nimis
464 963 589 1037 jam
618 974 914 1044 comperta
957 975 1065 1023 est.
1109 965 1296 1023 Nemo
1326 975 1412 1022 est
1446 964 1546 1045 qui
1575 965 1793 1023 nesciat
1814 1010 1829 1039 .,
1865 962 2149 1023 Humium
2186 983 2390 1022 neces-

260 1055 495 1116 sitatem
516 1080 555 1115 a
565 1063 780 1139 priori
797 1082 862 1119 ac
885 1060 1383 1120 universalitatem
1411 1062 1719 1144 principii,
1752 1060 1913 1142 quod
1941 1072 2151 1120 vocant
2176 1082 2394 1119 eausa·

260 1154 480 1225 litatis,
512 1178 545 1215 e
585 1157 779 1217 medio
811 1158 1155 1235 tollentem,
1192 1157 1455 1240 illudque
1498 1160 1651 1218 inter
1689 1159 1980 1242 principia
2008 1181 2047 1216 a
2069 1161 2396 1238 posteriori

262 1270 363 1310 seu
397 1253 777 1335 experientiae
806 1267 1245 1330 recensentem7
1278 1256 1733 1315 fundamentum
1772 1257 2133 1338 praecipuum
2161 1253 2391 1315 realita-

262 1345 336 1404 tis
364 1346 666 1427 objectivae
693 1349 1087 1410 humanarum
1114 1353 1511 1432 cognitionum
1542 1353 1902 1412 convellisse.
1943 1352 2189 1412 Kantius
2220 1372 2386 1420 vem,

261 1444 404 1504 dum
445 1469 683 1507 omnem
733 1450 1035 1509 scientiam
1080 1450 1153 1509 ad
1201 1472 1357 1510 mera
1402 1450 1800 1509 sensibilitatis
1842 1450 2232 1532 phaenomena
2260 1495 2277 1523 .‚
2324 1469 2389 1507 ac

262 1540 610 1622 subjectivas
656 1545 942 1628 quasdam
991 1548 1345 1629 easdemque
1397 1548 1747 1607 necessarias
1800 1546 2135 1607 intellectus
2173 1546 2390 1604 formas

260 1638 527 1715 reducit3
569 1641 712 1700 dum
747 1665 855 1701 nos
891 1655 1122 1702 tantum
1157 1644 1555 1724 phaenomena
1600 1643 1779 1716 scire,
1823 1642 1897 1701 de
1934 1642 2109 1702 rebus
2151 1663 2290 1702 vero
2329 1641 2391 1698 in

260 1736 465 1817 seipsis
509 1759 607 1796 seu
653 1744 972 1797 neumenia
1014 1738 1164 1797 nihil
1212 1760 1447 1820 prorsus
1491 1738 1784 1797 affirmare
1833 1760 2001 1817 posse
2048 1735 2388 1809 contendit3

262 1829 405 1888 dum
448 1834 754 1914 proprium
791 1834 987 1916 ipsum
1024 1833 1154 1914 Eyo
1194 1835 1268 1892 ad
1314 1834 1699 1913 phaenomena
1738 1833 2019 1893 amandat
2047 1878 2062 1907 ,
2111 1832 2186 1891 de
2231 1834 2394 1910 cujus

261 1926 533 1987 videlicet
570 1928 833 1989 realitate
869 1952 1178 2012 nunquam
1213 1943 1483 1990 constare
1511 1942 1718 2012 queat5
1758 1952 1878 1989 non
1913 1929 2085 1989 modo
2115 1929 2396 2009 cognitio-

262 2044 402 2083 nem
441 2047 682 2086 omnem
718 2025 892 2109 plane
919 2028 1312 2105 subjectivam
1351 2027 1528 2086 efficit
1552 2074 1567 2100 ,
1609 2027 1712 2086 sed
1743 2025 2168 2108 impossibilem
2193 2037 2253 2085 et
2289 2023 2396 2083 ab-

263 2121 501 2180 surdam
528 2121 757 2196 reddit,
798 2145 863 2182 ac
899 2122 1250 2205 scepticismi
1286 2122 1521 2183 culmen
1554 2123 1812 2203 attingit.
1849 2124 1984 2181 Haec
2007 2120 2392 2203 philosophiae

260 2216 551 2277 revolutio
571 2262 587 2293 ‚
617 2240 719 2277 seu
749 2220 943 2300 potius
972 2218 1246 2279 humanae
1275 2219 1516 2279 rationis
1548 2217 1655 2278 sub
1686 2218 1929 2277 nomine
1959 2220 2287 2276 critz‘cismi
2307 2216 2397 2294 (l)

263 2312 601 2389 subversi0‚
648 2316 1107 2375 protestantium
1143 2317 1469 2396 praesertim
1518 2317 1744 2374 animos
1789 2313 1907 2373 alte
1953 2314 2296 2396 occupavit,
2326 2323 2399 2382 ,et

264 2431 397 2471 cum
431 2413 642 2472 veritas
673 2434 904 2492 semper
942 2434 1007 2471 ac
1041 2412 1329 2487 certitudo
1359 2434 1430 2472 ex
1467 2434 1673 2471 eorum
1717 2410 1986 2471 manibus
2023 2409 2354 2469 elaberetur
2377 2454 2393 2483 ,

264 2528 360 2567 eos
398 2507 473 2567 ad
508 2530 661 2569 nova
698 2509 761 2567 in
809 2507 932 2569 dies
969 2508 1309 2569 absurdiora
1357 2520 1672 2590 systemata
1716 2528 1947 2566 summo
1987 2506 2179 2565 studio
2216 2505 2397 2565 ador-

265 2606 463 2666 nanda
505 2606 799 2690 propellit.
839 2606 1062 2667 Exinde
1108 2608 1268 2667 enim
1305 2609 1665 2676 idealismus
1710 2608 2057 2676 absolutae,
2089 2626 2190 2665 seu
2224 2606 2395 2685 eqois—

336 2845 403 2910 (Ι)
443 2844 629 2911 Optime
666 2845 935 2893 adnotatum
974 2843 1099 2899 fuit,
1139 2845 1291 2906 ipsum

267 2930 526 2978 criticismi
540 2929 737 2977 verbum
755 2938 854 2976 tum
871 2927 1175 2975 temeritatem
1194 2936 1295 2973 tum

268 3012 602 3061 absurditatem
648 3013 900 3060 maximam
928 3025 1031 3074 ‚prae
1074 3026 1121 3058 se
1157 3008 1291 3057 ferre.

268 3093 510 3160 Numquid
544 3096 669 3143 enim
700 3096 749 3142 in
784 3093 882 3141 ullo
914 3092 1106 3141 homine
1144 3091 1297 3157 aliqua

269 3177 360 3225 alia
384 3179 498 3225 ratio
524 3179 731 3243 superior
753 3179 1015 3226 invenietur
1030 3211 1045 3236 ,
1071 3192 1163 3241 qua
1183 3191 1289 3238 pos·

271 3263 328 3310 sit
346 3258 565 3309 humanae
593 3262 786 3309 rationis
811 3261 1134 3308 criticismum
1158 3259 1291 3305 insti-

270 3345 436 3392 tuere?
478 3340 570 3389 Aut
611 3345 648 3389 si
690 3344 787 3407 ipsa
822 3344 935 3391 ratio
970 3340 1293 3389 criticismum

271 3430 343 3476 sui
370 3426 609 3483 instituit,
641 3442 778 3491 quem
813 3426 1016 3473 valorem
1036 3426 1122 3471 iste
1149 3422 1294 3470 habe-

270 3510 381 3559 bit?
414 3507 803 3574 Quandoquidem
840 3506 1075 3574 quidquid
1106 3507 1297 3554 certitu-

277 3594 437 3643 dinem
468 3593 741 3659 objectivam
780 3595 975 3641 rationis
1013 3591 1294 3648 destrueret,

274 3665 533 3727 destrueret
569 3675 707 3723 simul
744 3677 998 3725 necessario
1039 3675 1300 3722 criticismi

1377 2844 1521 2908 ipsius
1539 2841 1869 2891 certitudinem
1886 2836 2256 2906 objectivam.1n
2272 2854 2400 2886 eam·

1384 2925 1491 2974 dem
1518 2923 1848 2971 absurditatem
1876 2923 2048 2971 -incidit
2074 2922 2266 2986 quaestio
2289 2929 2401 2967 tras·
2456 2977 2458 2980 ι

1380 3001 1666 3054 cendentalis
1686 3039 1699 3061 ‚
1732 3020 1757 3049 a
1790 3019 1882 3068 qua
1907 2998 2250 3066 philosophiam
2268 3015 2400 3047 exor-

1380 3086 1470 3135 diri
1507 3084 1675 3134 debere
1712 3083 1908 3132 Kantius
1938 3084 2129 3148 ejusque
2158 3090 2400 3129 sectatores

1375 3168 1669 3219 contendunt
1688 3205 1701 3227 ‚
1733 3169 1957 3214 nimirum
1975 3167 2062 3212 An
2080 3165 2146 3211 sit
2154 3162 2400 3229 possibilis

1375 3250 1627 3318 coqnitioP
1650 3249 1834 3299 Etenim
1857 3248 1916 3297 ad
1949 3248 2071 3296 hanc
2089 3250 2235 3312 ipsam
2273 3262 2403 3313 quae-

1377 3340 1574 3402 ctionem
1593 3336 1859 3401 ponendam
1877 3351 1993 3399 opus
2011 3343 2076 3380 est
2089 3370 2102 3389 ‚
2122 3343 2172 3380 ut
2184 3335 2279 3398 jam
2293 3347 2405 3397 cog-

1376 3422 1498 3470 nitio
1512 3429 1555 3468 et
1569 3417 1797 3485 possibilis
1815 3419 1871 3465 sit
1888 3427 1933 3465 et
1945 3420 2122 3464 existat.
2138 3415 2207 3463 Ita
2219 3414 2404 3480 Apric-

1382 3502 1541 3553 ristici
1582 3503 1656 3550 isti
1692 3500 1992 3565 philosophiae
2030 3508 2253 3547 creatores
2273 3535 2285 3556 ‚
2322 3514 2402 3544 seu

1365 3588 1532 3652 'potius
1566 3600 1797 3633 eversores
1814 3623 1827 3644 ,
1873 3584 2093 3632 humanae
2137 3581 2303 3631 rationi
2347 3579 2403 3627 il-

1381 3668 1567 3717 ludunt.
