2502 4134
342 188 497 228 PAR'r.
544 184 633 226 111.
679 187 830 225 SECT.
881 188 924 224 1.
969 183 1094 226 cAP.
1142 187 1181 225 1.
1225 185 1292 225 DE
1334 185 1463 226 Ru.
1508 182 1638 226 Am·-
1684 183 1794 223 mn.
1839 181 2020 221 §Puer-

2103 160 2224 222 345

135 350 262 391 seca
296 327 654 388 certitudinis
675 373 690 402 ,
736 349 836 387 seu
871 327 1210 387 intrinsecos
1240 328 1427 387 fontes
1464 324 1878 406 cognoscendi,
1917 345 1986 384 ex
2013 323 2220 406 quibus

128 423 226 482 illa
251 422 553 482 dimanant
574 468 590 497 ,
621 443 739 482 esse
773 444 1008 482 sensum
1039 427 1322 482 intimum
1354 421 1544 504 quoad
1573 422 1715 481 facta
1736 422 1998 493 interna,
2037 426 2221 479 sensi-

129 521 418 579 bilitatem
433 561 454 589 ,
488 539 663 599 quam
700 529 943 592 vocant,
973 529 1279 576 eoeternam
1295 560 1316 588 ,
1359 516 1550 597 quoad
1587 517 1770 591 facta,
1815 537 1944 598 quae
1984 515 2220 575 aliunde

127 613 511 693 proveniunt,
550 634 613 670 ac
644 612 884 671 demum
910 616 1234 681 rationem,
1264 621 1547 691 quatenus
1572 609 1664 668 vel
1683 610 1877 690 ,prima
1906 611 2220 670 necessaria

128 717 300 787 atque
341 706 686 765 universalia
725 706 1008 787 principia
1052 705 1316 777 exbibet,
1358 703 1452 766 vel
1499 703 1636 761 alias
1676 704 1946 762 veritates
1987 725 2057 762 ex
2096 703 2220 763 aliis

118 805 242 879 jam
282 802 447 859 certis
488 800 882 859 ratiocinando
925 799 1178 859 deducit.
1230 801 1395 857 Patet
1448 798 1724 876 insuper,
1776 797 2217 875 certitudinem,

129 917 304 976 quam
347 896 574 954 diversa
622 894 905 973 ejusmodi
946 897 1164 955 motiva
1208 894 1485 972 gignunt,
1529 912 1651 950 esse
1696 890 1786 950 vel
1829 893 2076 971 loyicam
2120 903 2220 952 aut

127 992 591 1069 metaphys-icam
607 1033 630 1061 ,
665 989 760 1050 vel
777 991 1094 1069 physicam
1132 989 1436 1048 dumtaxat
1454 996 1674 1067 ,prout
1702 987 2060 1046 certitudinis
2090 1009 2216 1047 mo-

126 1086 242 1146 tiva
280 1085 352 1144 ab
385 1108 499 1144 uno
535 1085 791 1146 alterove
824 1106 893 1144 ex
930 1084 1040 1142 illis
1075 1083 1328 1143 fontibus
1357 1082 1743 1141 desumuntur
1777 1082 1887 1162 (l).

206 1179 304 1238 24.
347 1181 455 1239 Per
488 1181 705 1238 motiva
737 1189 932 1237 autem
953 1183 1282 1236 exstrinseca
1308 1175 1668 1236 certitudinis
1695 1197 1758 1234 ea
1783 1177 2010 1256 proprie
2037 1176 2214 1236 intel-

125 1273 352 1353 ligimus
374 1318 389 1347 ,
433 1293 559 1354 quae
586 1271 754 1353 nobis
793 1272 956 1331 nullo
995 1283 1162 1353 pacto
1197 1273 1466 1353 aperiunt
1505 1270 1812 1331 veritatem
1846 1271 2216 1332 intrinsecam

124 1368 564 1450 propositioniS,
605 1389 706 1426 seu
734 1369 1118 1427 necessarium
1158 1388 1409 1441 nexum,
1452 1388 1567 1448 quo
1602 1364 1921 1444 subjectum
1956 1388 2018 1425 ac
2057 1388 2216 1448 prae-

125 1461 379 1520 dicatum
418 1462 728 1520 intrinsece
755 1461 1137 1543 copulantur,
1188 1461 1291 1520 sed
1331 1473 1527 1520 tamen
1561 1459 1730 1518 nobis
1755 1459 2024 1542 -praebent
2061 1463 2218 1522 indi-

124 1557 276 1614 cium
314 1555 410 1619 vel
449 1568 828 1615 connotatum
865 1556 1099 1638 aliquod
1140 1568 1364 1616 certum
1401 1556 1474 1615 de
1507 1576 1663 1614 nexu
1696 1554 1830 1630 illo,
1874 1576 1939 1614 ac
1973 1556 2219 1637 proinde

124 1650 196 1710 de
230 1651 405 1732 ipsius
450 1652 856 1734 propositionis
899 1654 1141 1712 veritate
1181 1652 1292 1733 (2).
1338 1649 1684 1729 Hujusmodi
1724 1671 1897 1731 porro
1942 1649 2221 1710 indicium

123 1747 488 1827 potissimum
535 1758 623 1809 est
659 1752 1019 1821 auctoritas,
1067 1748 1189 1811 sive
1237 1746 1634 1808 testimonium
1676 1745 1949 1824 aliorum3
1995 1748 2219 1828 quoties

192 2006 257 2069 (1)
292 2006 473 2072 Loqica
500 2024 554 2056 ac
580 2007 901 2074 metaphysica
929 2010 1128 2058 necessi·

122 2097 187 2135 tas
212 2105 291 2152 pro
315 2106 408 2136 una
436 2089 689 2154 eademque
708 2106 734 2137 a
758 2090 982 2138 veteribus
1010 2092 1130 2138 acci-

121 2168 332 2232 piebatur
354 2186 407 2217 ac
423 2172 559 2217 etiam
585 2187 711 2218 nunc
726 2170 965 2235 accipitur.
990 2170 1130 2220 Pleri-

123 2266 214 2313 que
264 2259 419 2297 tamen
473 2251 666 2315 logicam
712 2253 769 2300 ad
815 2255 1128 2302 necessitatem

122 2331 415 2378 intrinsecam
468 2348 524 2380 ex
576 2333 873 2381 relationibus
922 2335 1129 2382 idearum

122 2423 418 2476 exurgentem
437 2450 451 2474 ‚
508 2414 864 2479 metaphysicam
905 2416 965 2463 ad
1012 2417 1130 2464 sacta

120 2510 278 2541 sensus
309 2496 462 2542 intimi
491 2497 755 2545 immediate
786 2497 1003 2545 referunt·
1034 2496 1128 2546 Nos

121 2575 476 2639 metaphysicam
531 2580 845 2626 necessitatem
892 2578 1090 2628 dicimus
1111 2616 1126 2640 ,

121 2663 218 2701 tum
249 2674 349 2720 quae
380 2659 428 2703 in
459 2660 703 2706 intrinseca
728 2659 938 2707 idearum
965 2677 1127 2709 conve·

121 2738 295 2785 nientia
326 2739 395 2786 vel
422 2743 720 2804 repugnantia
751 2743 836 2789 sita
868 2751 966 2801 est,
1003 2758 1129 2808 quae-

119 2835 236 2884 que,
261 2818 469 2868 absoluta
494 2838 600 2868 cum
630 2824 717 2883 sit,
745 2840 852 2871 cum
881 2824 1025 2887 logica
1044 2841 1127 2871 ne-

118 2903 320 2950 cessitate
346 2903 683 2966 identilicatur3
704 2915 801 2952 tum
822 2921 926 2970 quae
942 2908 991 2952 in
1009 2905 1128 2954 facto

120 2998 276 3041 sensus
303 2985 452 3031 intimi
483 2986 750 3035 immediato
778 2989 970 3047 nititur,
999 3004 1128 3051 quae-

121 3080 211 3127 que
243 3055 550 3132 metaphysica
579 3067 870 3134 hypothetice
902 3080 986 3118 est.
1017 3071 1128 3119 Cer-

121 3144 266 3191 titudo
311 3147 500 3213 physica
555 3150 752 3215 duplicis
795 3161 863 3199 est
912 3154 1087 3217 generis
1110 3168 1126 3213 ;

123 3227 493 3293 quandoquidem
521 3233 625 3281 talis
659 3244 727 3282 est
755 3244 855 3282 tum
883 3235 960 3283 illa
977 3272 990 3294 ,
1026 3253 1126 3301 quae

121 3322 175 3353 ex
204 3310 492 3361 sensibilitate
514 3324 699 3364 externa
727 3318 992 3365 immediate
1025 3335 1128 3382 pro-

122 3388 271 3446 venit,
290 3399 388 3439 tum
415 3393 492 3442 illa
522 3413 623 3461 quae
647 3402 811 3463 partim
834 3402 1000 3448 nititur
1017 3400 1127 3448 huic

122 3468 327 3517 sensibili
363 3474 633 3527 immediatae
672 3484 982 3545 perceptioni,
1024 3500 1126 3547 par-

122 3550 206 3596 tim
234 3566 340 3598 vero
367 3556 586 3621 principio
611 3561 743 3610 firmo
771 3562 963 3611 rationis
987 3566 1037 3611 in
1060 3564 1126 3612 le-

123 3649 229 3696 gum
249 3633 543 3701 physicarum
564 3646 816 3695 constantia
829 3645 1042 3696 fundato.
1056 3645 1121 3696 Ita

1215 2007 1328 2056 dum
1355 2024 1519 2073 corpus
1541 2007 1728 2074 aliquod
1750 2007 1914 2070 video,
1944 2017 2092 2056 certus
2117 2025 2220 2055 sum

1213 2090 1426 2156 physice,
1453 2090 1568 2137 illud
1596 2093 1813 2154 gravitate
1852 2089 2023 2155 pollere
2041 2126 2055 2151 ,
2083 2092 2220 2139 etiam

1213 2182 1319 2221 ante
1350 2189 1487 2220 omne
1517 2174 1900 2236 experimentum.

1283 2253 1349 2315 (2)
1386 2251 1575 2316 Egregie
1611 2253 1840 2316 duplicem
1874 2252 2001 2300 hunc
2033 2269 2222 2318 cognos-

1213 2335 1346 2383 cendi
1381 2335 1570 2382 modum
1604 2351 1658 2382 ac
1691 2333 1976 2381 certitudinis
2009 2335 2183 2382 fontem
2203 2371 2218 2395 ‚

1213 2417 1512 2464 intrinsecum
1556 2424 1602 2464 et
1641 2417 1945 2464 extrinsecum
1970 2452 1984 2475 ‚
2024 2416 2221 2480 explicat

1213 2497 1276 2546 cl.
1313 2496 1567 2557 Gerdilius,
1612 2498 1662 2545 in
1703 2514 1785 2545 sua
1828 2495 2085 2546 Introduz.
2128 2496 2221 2545 alle

1213 2579 1370 2627 studio
1425 2578 1547 2627 della
1602 2577 1830 2643 reliqione
1853 2615 1870 2637 ,
1920 2579 2030 2628 edit.
2081 2578 2220 2629 Rom.

1214 2671 1329 2711 tom.
1360 2677 1442 2720 lx,
1476 2678 1581 2726 pag.
1622 2677 1683 2727 27
1724 2678 1737 2709 ε
1772 2662 1872 2708 Per
1901 2677 2140 2709 conoscere
2174 2661 2221 2709 la

1213 2743 1364 2791 veritis
1390 2759 1416 2790 ο
1442 2742 1494 2804 ζα
1516 2742 1685 2807 falsitc'z
1704 2743 1757 2790 di
1773 2759 1872 2790 una
1888 2745 2224 2809 proposizione

1213 2825 1438 2873 conviene
1472 2841 1667 2890 sapere,
1701 2840 1750 2873 se
1782 2822 2037 2872 Pau-ribato
2067 2825 2151 2872 che
2178 2825 2226 2872 si

1213 2907 1413 2972 afferma
1452 2923 1478 2952 o
1515 2907 1562 2953 si
1597 2922 1719 2969 nequ
1756 2907 2008 2954 convenire
2040 2905 2221 2970 (11309-

1210 2995 1332 3051 9etto
1349 3021 1364 3047 ,
1397 3003 1427 3035 a
1457 2986 1531 3034 lui
1555 2989 1778 3034 conviene
1801 2985 2054 3035 realmente
2070 3003 2097 3034 ο
2123 3003 2224 3035 non

1214 3070 1457 3118 conviene.
1500 3068 1604 3117 Ora
1649 3069 1740 3117 due
1779 3085 1890 3117 sono
1933 3068 1974 3116 le
2012 3069 2223 3116 muniere

1212 3148 1554 3213 d'investiyare
1618 3158 1789 3197 coteste
1849 3152 2175 3200 convenienza
2200 3184 2217 3210 ,

1211 3231 1346 3280 Pana
1386 3231 1578 3281 truendo
1613 3230 1728 3278 dall’
1763 3232 1871 3279 idea
1912 3231 1986 3280 del
2023 3239 2222 3296 squetlo

1213 3333 1237 3363 e
1271 3315 1378 3373 dell’
1408 3315 1635 3363 attributo
1653 3316 1916 3379 arqomenti
1932 3332 1958 3363 o
1981 3315 2218 3376 evidenti,

1213 3415 1239 3447 o
1268 3397 1557 3458 verisimili,
1588 3397 1670 3445 che
1688 3414 1787 3446 una
1807 3395 1875 3446 tal
1901 3399 2223 3445 convem'enza

1207 3481 1489 3528 dimostrino
1536 3496 1562 3527 ο
1607 3480 1846 3530 additino.
1890 3479 2070 3528 L’alera
2114 3495 2221 3526 ma-

1206 3547 1346 3610 niem
1373 3564 1421 3610 si
1450 3561 1655 3627 adopera
1675 3600 1688 3624 ,
1717 3562 1907 3627 quando
1926 3560 2006 3609 nel
2021 3567 2221 3625 soqqetto

1205 3661 1230 3692 e
1259 3642 1370 3692 nell‘
1408 3644 1635 3693 attributo
1671 3643 1965 3693 considerati
2002 3657 2130 3691 verso
2169 3640 2223 3689 di
