2502 4134
2100 166 2214 225 129

419 188 581 225 PART.
627 187 693 224 11.
737 185 863 224 GAP.
909 185 999 223 111.
1044 187 1114 222 DE
1156 184 1317 225 SACB.
1366 185 1662 224 scmr'rtm.
1707 186 1896 222 INTER.

96 349 316 389 errores
342 328 679 407 omnigenos
708 325 1231 386 comminiscendos
1255 347 1321 386 ac
1347 326 1734 388 invehendOS.
1754 328 1822 386 2⁰
1850 329 2043 387 Animi
2072 330 2216 390 item
2273 387 2278 390 ,

96 424 351 482 furorem
396 443 498 480 seu
541 421 923 480 fanatismum
970 421 1253 499 ejusmodi
1300 432 1614 501 systemate
1649 425 1710 482 in
1755 425 1958 504 primis
1998 424 2217 502 foveri,

94 517 560 577 Protestantismi
609 515 843 575 abunde
893 515 1062 575 docet
1110 516 1371 575 historia.
1425 516 1656 589 Quanta
1698 520 1857 577 enim
1902 532 2217 601 eapropter

93 612 471 672 sectariorum
507 613 672 692 copia
712 632 781 669 ex
819 611 945 692 ipso
977 612 1443 670 ProtestantiSmi
1476 611 1609 669 sinu
1654 611 1832 671 veluti
1862 613 2217 673 crabronum

94 709 325 787 agmina
347 706 714 788 pullularunt
736 752 751 780 7
776 728 808 764 a
832 705 1040 786 quibus
1061 706 1160 767 ille
1184 705 1516 767 intotidem
1537 704 1722 767 veluti
1741 706 1986 765 frustula
2009 710 2220 770 misere

95 803 301 861 scissus
336 802 457 860 est!
500 802 606 860 Cui
635 823 756 858 non
790 802 914 859 noti
944 801 1239 860 Storchius
1261 847 1277 875 v
1309 800 1634 860 Stubnerus
1655 845 1671 876 ,
1710 801 2020 860 Muncerus
2040 847 2055 876 ,
2086 804 2220 864 Cel-

95 896 271 957 larius
297 942 315 965 ,
346 906 514 955 sectae
543 894 979 976 anabaptisticae
1002 897 1366 975 antesignani
1389 897 1511 977 (1);
1540 897 1758 955 Menno
1775 895 1918 953 item
1945 896 2215 974 SimoniS‚

94 1003 293 1050 auctor
315 990 792 1050 Mennonitarum
817 1002 983 1050 sectae
1012 988 1122 1067 (2);
1147 987 1424 1067 Georgius
1450 993 1593 1065 Fox‚
1617 1000 1784 1050 sectae
1809 989 2218 1063 Quakerorum

94 1107 304 1167 parens
324 1131 339 1160 ,
371 1085 582 1168 aliique
604 1104 755 1164 pene
777 1083 1104 1155 innumeri„
1138 1104 1389 1163 quorum
1416 1083 1658 1162 longum
1686 1086 1861 1143 nimis
1887 1084 2036 1144 foret
2060 1099 2219 1148 cata-

95 1182 291 1261 logum
313 1191 506 1239 texere
534 1177 668 1256 (3)?
696 1179 832 1236 Jam
853 1198 993 1238 vero
1019 1176 1078 1235 hi
1095 1199 1298 1236 omnes
1321 1178 1542 1259 Spiritu
1565 1180 1625 1237 S.
1648 1224 1663 1254 ‚
1698 1190 1762 1237 ut
1791 1180 1902 1261 ipsi
1923 1180 2032 1239 sibi
2055 1183 2218 1244 facile

93 1274 415 1336 suadebant
436 1316 452 1346 ‚
478 1271 667 1331 edocti
687 1317 702 1346 ,
740 1271 1158 1353 perduellionis
1193 1272 1469 1333 vexillum
1499 1273 1778 1333 adversus
1803 1276 2219 1337 protestantis-

93 1393 287 1445 mum,
317 1390 491 1451 quem
520 1368 888 1451 primitivum
904 1368 1118 1428 dixeris
1139 1414 1155 1442 ,
1189 1381 1506 1428 erexerunt
1526 1415 1542 1444 a
1579 1369 1921 1452 bellumque
1946 1384 2220 1434 mutuum

92 1477 151 1526 et
185 1476 349 1524 atrox
385 1465 540 1523 inter
578 1486 640 1523 se
679 1463 1074 1539 concitarunt,
1121 1486 1480 1546 quamquam
1521 1466 1717 1524 cuncti
1748 1487 1780 1524 a
1814 1466 2032 1547 Spiritu
2064 1468 2122 1526 S.
2156 1470 2220 1527 in

92 1559 399 1642 Scripturis
425 1558 881 1639 interpretandis
917 1571 1250 1640 agerentur.
1290 1559 1356 1618 30
1392 1559 1624 1642 Impelli
1661 1560 1769 1619 hac
1812 1563 1937 1642 ipsa
1972 1583 2219 1643 persua-

97 1657 256 1715 sione
309 1654 384 1714 ad
436 1653 681 1713 infanda
730 1655 975 1714 crimina
1022 1654 1235 1714 exinde
1272 1654 1490 1736 liquet,
1540 1655 1700 1737 quod
1741 1678 1866 1714 non
1902 1659 2070 1738 pauci
2118 1658 2221 1718 tali

92 1751 283 1810 furore
320 1750 572 1832 correpti
610 1749 912 1809 interdum
953 1771 1077 1809 sese
1123 1772 1155 1807 a
1193 1752 1316 1809 Deo
1355 1750 1632 1809 excitatos
1680 1751 2099 1830 proclamarint
2143 1752 2221 1812 ad

92 1845 336 1928 populos
374 1868 407 1904 a
447 1846 777 1921 servitum,
818 1844 1231 1905 dominationis
1270 1846 1551 1904 nimirum
1596 1845 1880 1927 politicae,
1927 1851 2067 1929 jugo
2103 1848 2221 1907 eri-

91 1942 333 2024 piendos
367 1943 490 2023 (4),
526 1942 600 2002 ad
638 1964 883 2023 regnum
920 1942 1174 2017 Messias,
1217 1964 1317 2001 seu
1360 1943 1630 2024 quintam
1669 1943 1733 2001 in
1766 1945 1936 2002 terris
1972 1965 2220 2003 monar-

93 2037 282 2095 chiam
310 2037 671 2096 fundandam
695 2083 711 2111 ‚
746 2059 807 2097 se
835 2058 1019 2098 novos
1051 2037 1365 2118 prophetas
1401 2037 1798 2097 dictitaverint
1817 2084 1833 2113 .,
1871 2050 1937 2097 ut
1959 2039 2220 2100 homini-

93 2130 201 2189 bus
223 2132 565 2207 suaderent,
589 2154 649 2192 se
674 2131 889 2192 liberos
915 2154 1037 2192 esse
1063 2155 1094 2191 a
1121 2133 1479 2214 proprietate
1497 2178 1513 2201 .,
1539 2143 1602 2191 ut
1623 2146 1836 2192 vocant
1854 2179 1869 2207 ἦ
1900 2133 2214 2211 bonorum,

97 2227 448 2308 proprietate
497 2248 746 2286 uxorum
788 2239 848 2287 et
889 2228 1251 2310 proprietate
1286 2228 1713 2309 superstitionis
1757 2249 1889 2286 cum
1929 2230 2031 2304 iis,
2085 2253 2219 2312 quae

166 2442 234 2505 (1)
253 2441 347 2490 cfr.
360 2405 586 2503 Moehler‚
604 2442 811 2508 Symbol.
824 2443 904 2491 liv.
920 2443 1106 2504 second,

94 2520 120 2587 §
147 2521 213 2586 54
233 2560 246 2581 ,
274 2525 449 2573 introd.
477 2535 575 2573 tum
600 2527 736 2589 chap.
771 2541 790 2572 1
813 2561 827 2584 ,
856 2521 948 2573 Les
966 2526 1111 2573 Ana-

95 2604 317 2670 baptistes
362 2622 424 2652 ou
463 2605 526 2653 les
568 2607 907 2667 Mennonites,
948 2605 974 2671 §
1012 2607 1106 2665 55,

28 2706 31 2710 ·
95 2684 179 2734 ubi
205 2687 261 2735 de
288 2687 378 2735 illis
411 2688 620 2736 fanaticis
641 2689 798 2736 scribit
819 2706 832 2736 ε
850 2685 988 2735 Dans
1006 2697 1110 2736 tous

94 2766 217 2815 leurs
235 2770 407 2816 crimes
434 2768 494 2816 ils
522 2787 570 2817 se
593 2772 838 2835 croyaient
852 2769 915 2818 les
930 2771 1111 2818 instru-

93 2865 224 2898 mens
249 2849 316 2898 du
337 2850 700 2918 Sciat-Esprit.

163 2933 228 2997 (ἃ)
266 2933 387 2984 Ibid.
421 2932 558 3000 §62.

159 3014 225 3076 (3)
262 3015 380 3064 lbid.
422 3016 454 3082 §
502 3014 569 3079 64
602 3028 646 3066 et
682 3035 815 3084 seqq.
860 3021 1108 3085 praesertim

96 3111 201 3144 vero
227 3095 334 3163 §65
356 3135 369 3157 ‚
391 3097 602 3163 Sysleme
633 3099 713 3147 des
750 3090 1106 3167 Qudkers-Lu-

98 3177 239 3225 miere
271 3170 560 3241 interieure3
603 3191 648 3229 et
678 3180 703 3247 §
732 3179 799 3230 66
817 3219 831 3242 ‚
871 3181 1025 3248 Effets
1051 3182 1107 3229 de

101 3251 148 3300 la
176 3255 367 3307 lumiere
398 3262 671 3310 interieure.

170 3335 230 3397 (4)
264 3338 362 3393 cfr.
401 3341 568 3392 Milner
593 3381 607 3403 ‚
653 3361 728 3408 op.
772 3346 851 3394 cit.
896 3354 1012 3392 tom.
1055 3358 1104 3404 1,

102 3414 222 3464 lettr.
251 3434 299 3466 vt
318 3454 332 3476 ,
360 3421 440 3471 ubi
466 3425 742 3474 documenta
761 3426 959 3491 plurima
975 3428 1106 3474 inve-

15 3551 19 3560 ·
98 3498 215 3546 nies.
258 3496 377 3549 Sane
411 3502 458 3552 J.
497 3505 695 3555 Boekold
730 3525 777 3556 se
806 3508 1107 3573 proclamavit

99 3595 246 3643 regem
284 3578 464 3646 Sionis,
499 3585 764 3638 Monasterii
797 3593 968 3655 potitus
999 3595 1103 3649 est,

100 3661 312 3709 undecim
337 3664 608 3718 simultanee
630 3687 791 3721 uxores
817 3673 969 3737 duxit,
992 3689 1107 3738 quas

258 3743 323 3801 T.
374 3745 470 3804 IX.

1194 2461 1353 2492 omnes
1378 2454 1531 2507 postea
1552 2447 1786 2492 interemit
1810 2446 1896 2494 snb
1914 2449 2217 2512 inspiratione

1192 2520 1387 2588 Spiritus
1403 2522 1576 2572 Sancti.
1606 2524 1844 2574 Hermann
1861 2564 1874 2586 ‚
1896 2546 1921 2576 a
1937 2546 2024 2577 suo
2042 2530 2216 2595 Spiritu

1193 2605 1244 2654 S.
1285 2607 1511 2670 impulsus
1534 2643 1547 2668 ‚
1590 2624 1637 2655 se
1673 2608 1921 2657 declaravit
1955 2611 2172 2663 Messiam
2197 2652 2211 2674 ‚

1193 2687 1397 2735 clamans
1420 2687 1707 2736 auditoribus
1731 2693 1825 2736 suis
1855 2707 1868 2737 τ
1899 2691 2120 2742 Occidite
2135 2711 2216 2743 sa-

1192 2768 1396 2816 cerdotes
1410 2785 1430 2831 7·
1459 2770 1656 2818 occidite
1673 2772 1984 2834 ‘maqistratus
1999 2775 2055 2821 in
2075 2792 2216 2823 mun-

1192 2851 1250 2898 do
1263 2868 1285 2912 ‚-
1306 2853 1645 2916 paenitentiam
1673 2854 1799 2915 aqite
1815 2890 1829 2909 ‚
1857 2855 2215 2920 appropinquat

1191 2931 1447 2998 redemptio
1483 2941 1581 2981 vest
1606 2950 1654 2982 a.
1688 2933 1834 2982 David
1862 2934 2080 2999 Georgius
2106 2956 2212 3002 per·

1191 3018 1332 3063 suasit
1366 2951 1654 3063 multitmfini
1675 3053 1688 3076 ‚
1722 3017 1978 3065 doctrinam
2025 3019 2127 3069 Vet.
2150 3032 2212 3070 et

1190 3096 1600 3146 NoviTestamenti
1616 3099 1932 3162 imperfectam
1945 3118 2061 3160 esse,
2077 3119 2209 3151 snam

1190 3196 1297 3227 vero
1328 3197 1423 3228 esse
1454 3180 1699 3244 perfectam
1723 3217 1735 3239 ‚
1769 3197 1822 3228 ac
1850 3198 1896 3229 se
1922 3198 2088 3229 verum
2111 3200 2210 3232 esse

1189 3257 1285 3309 Dea·
1312 3260 1493 3322 filium.
1519 3260 1734 3309 Nicolaus
1750 3297 1763 3321 ,
1788 3262 2043 3326 discipulus
2059 3263 2210 3314 David

1191 3339 1375 3408 Georgii
1398 3382 1411 3403 ‚
1452 3361 1499 3391 se
1533 3343 1772 3391 conferens
1813 3345 1863 3391 in
1902 3343 2118 3408 Angliam
2155 3364 2210 3394 ex

1188 3434 1410 3489 praetensa
1426 3424 1515 3474 Dei
1538 3427 1745 3491 jussione
1759 3462 1772 3484 ‚
1790 3425 1948 3474 docuit
1964 3426 2176 3476 homines
2192 3464 2207 3485 ‚
2263 3421 2267 3424 ’

1190 3510 1435 3556 essentiam
1465 3507 1699 3573 religionis
1728 3509 1973 3556 consistere
2000 3510 2050 3555 in
2071 3526 2207 3556 sensu

1190 3593 1358 3640 amoris
1385 3592 1563 3654 divini3
1597 3601 1643 3639 et
1671 3589 1904 3657 quidquid
1929 3590 2122 3639 refertur
2149 3591 2207 3638 ad

1190 3672 1331 3723 fidem
1351 3684 1396 3724 et
1413 3674 1591 3724 cultum
1609 3710 1624 3736 ‚
1645 3671 1821 3723 nullius
1840 3689 1936 3721 esse
1955 3670 2208 3736 momenti;

1933 3751 1969 3808 9
