2502 4134
2039 116 2155 176 467

255 141 411 178 PART.
459 140 544 177 111.
594 138 744 176 SEGT.
792 139 831 174 1.
883 138 1005 175 GAP.
1054 140 1095 172 1.
1145 137 1212 172 ΒΕ
1256 133 1383 172 RAT.
1431 136 1560 173 ANT.
1609 138 1718 172 Fu).
1767 137 1948 174 SPECT.

35 283 312 364 possibile
350 291 431 338 est
475 280 595 357 (1);
639 278 742 337 sed
794 299 897 357 ego
931 297 1158 358 nequeo
1204 275 1350 333 illud
1388 277 1735 343 admz'ttere,·
1773 277 2156 359 quemadmm

45 377 185 435 dum
213 374 405 456 quoad
442 373 874 454 persuasionem
915 377 1171 431 rationis
1202 372 1559 440 theoreticae,
1594 374 1881 450 ‘possibile
1919 384 2002 432 est
2025 395 2159 433 con-

44 474 348 534 trarium,·
372 468 475 528 sed
493 492 596 548 ego
619 467 764 527 illud
789 479 980 526 tenere
1007 487 1256 551 nequeo.
1289 466 1584 525 Hactenus
1606 468 1937 527 Hermesius
1956 514 1972 541 ,
1997 473 2158 547 cujus

42 565 328 624 theoriam
367 565 561 646 paucis
595 563 698 622 sed
725 562 973 622 fideliter
1000 560 1302 621 retulimus
1338 560 1449 639 (⁶2).
1518 582 1528 594 ³

131 660 268 721 185.
317 662 449 718 Jam
486 681 624 719 vero
659 658 708 717 si
752 659 882 739 quis
919 656 1071 715 hanc
1105 655 1433 739 doctrinam
1461 656 1534 716 de
1560 659 1784 717 morali
1807 662 2163 719 certitudine

45 754 245 815 sedulo
282 766 606 828 scrutetur,
659 753 706 811 si
742 751 1279 811 animadversiones
1312 750 1476 824 illas,
1532 773 1673 832 quas
1710 752 1767 810 in
1814 753 1965 812 notis
1999 754 2162 833 adje-

47 852 229 909 cimus
250 895 266 922 ,
305 848 380 907 ob
411 849 605 908 oculos
650 846 862 906 habeat
882 892 900 918 ,
947 846 994 905 si
1022 845 1350 904 consideret
1391 845 1501 905 hoc
1526 848 1840 906 admittere
1856 870 1971 927 pro
1998 871 2128 908 vero
2145 896 2162 919 ,

46 967 146 1004 seu
167 948 511 1024 practicam
545 942 694 1001 hanc
716 941 1151 1023 persuasionem
1174 985 1188 1012 ,
1225 940 1359 1000 licet
1395 962 1529 1000 cum
1556 942 1860 1001 theoretico
1885 945 2068 1003 dubio
2092 943 2166 1004 de

49 1041 314 1121 opposito
341 1042 747 1116 conjunctam,
788 1058 908 1095 esse
946 1035 1190 1095 demum
1227 1032 1715 1110 fundamentum,
1759 1039 1852 1096 cui
1888 1038 2162 1096 innititur

49 1134 337 1194 certitudo
352 1134 788 1203 miraculorum
810 1152 875 1190 ac
883 1131 1350 1210 prophetiarum
1370 1174 1389 1201 ,
1417 1130 1703 1189 certitudo
1719 1132 2001 1191 historica
2017 1133 2170 1191 exis-

51 1230 249 1289 tentiae
286 1228 454 1288 realis
486 1227 702 1287 Christi
736 1238 796 1285 et
824 1225 1238 1306 Apostolorum
1257 1269 1277 1300 ‚
1297 1225 1587 1288 certitudo
1610 1225 1683 1284 de
1705 1225 1971 1306 ipsorum
1992 1249 2167 1285 vera-

49 1329 224 1385 citate
238 1367 260 1396 ,
304 1322 588 1384 certitudo
627 1324 910 1380 historica
954 1340 1249 1379 sacrorum
1288 1318 1630 1393 Librorum,
1663 1341 1782 1378 uno
1810 1320 2018 1395 verbe,
2048 1342 2170 1380 cer·

50 1418 236 1477 titudo
258 1417 520 1475 omnium
553 1417 910 1472 molinorum
945 1415 1369 1471 credibilz’tatis
1393 1413 1723 1471 christianae
1758 1415 2166 1491 revelationiS‚

51 1533 116 1570 ac
143 1509 388 1592 proinde
427 1520 549 1568 tota
594 1510 1019 1567 demonstratio
1067 1506 1144 1566 de
1183 1506 1358 1585 hujus
1398 1507 1775 1568 revelationis
1813 1510 2062 1570 veritate
2096 1511 2170 1570 ab

52 1608 355 1671 Hermesio
405 1607 663 1666 confecta
690 1650 706 1678 ἦ
749 1605 796 1663 is
849 1605 1089 1664 demum
1145 1615 1418 1682 agnoscat
1465 1615 1733 1686 oportet,
1793 1627 1969 1687 quam
2012 1606 2174 1666 labili

52 1703 438 1762 fundamento
463 1713 585 1760 tota
614 1700 738 1760 haec
775 1701 852 1758 sit
878 1699 1148 1760 machina
1178 1710 1573 1780 superstructa
1599 1699 1808 1780 (3).1d
1829 1713 1987 1760 certe
2008 1701 2171 1761 lucu-

123 1894 189 1955 (1)
225 1890 297 1938 Eu
341 1892 479 1955 igitur
499 1927 514 1949 ,
559 1906 653 1954 quo
695 1905 873 1953 semper
912 1887 1074 1936 recidit

55 1985 149 2021 tota
177 1973 402 2021 certitudo
437 1971 764 2029 Hermesiana‚
805 1988 859 2019 ex
899 1970 1072 2035 duplici

56 2056 182 2104 fonte
212 2057 397 2103 rationis
432 2056 526 2102 sive
558 2052 820 2100 theoreticae
840 2055 934 2101 sive
951 2069 1072 2117 pra-

55 2139 191 2185 cticoe
206 2138 385 2184 hausta.
401 2135 532 2184 Ratio
547 2134 797 2182 theoretica
816 2137 934 2199 cogit
946 2134 1049 2200 phy
1062 2165 1075 2172 -

58 2223 154 2269 sice
179 2222 234 2269 ad
267 2220 519 2269 tenendum
556 2218 736 2286 aliquid
768 2237 849 2284 pro
885 2236 991 2266 vero
1022 2236 1074 2267 ac

59 2302 182 2350 reali
197 2321 214 2363 ‚·
244 2303 322 2351 sed
349 2314 506 2350 tamen
536 2319 717 2366 semper
727 2300 956 2366 possibile
979 2309 1070 2361 est,

62 2391 115 2433 ut
142 2385 375 2450 objectum
399 2387 448 2432 iu
476 2401 522 2432 se
542 2400 707 2432 veram
739 2399 796 2431 ac
827 2381 948 2430 reale
980 2401 1075 2430 non

60 2470 135 2516 sit.
164 2467 302 2515 Ratio
329 2468 551 2533 practica
588 2469 708 2532 cogit
740 2465 984 2515 moraliter
1017 2467 1076 2514 ad

62 2548 411 2596 adnn'ttendum
439 2549 618 2614 aliquid
638 2565 720 2613 pro
739 2564 844 2595 vero
869 2556 913 2595 et
929 2546 1076 2607 reali;

63 2631 143 2679 sed
175 2641 330 2679 tamen
357 2629 582 2696 possibile
611 2647 795 2695 semper
823 2638 920 2691 est,
952 2630 1076 2695 quod

65 2713 298 2778 objectum
333 2715 382 2759 iu
423 2731 469 2760 se
508 2729 671 2760 verum
721 2728 779 2759 ac
819 2710 941 2759 reale
983 2729 1078 2759 non

66 2794 127 2841 sit
143 2831 156 2853 ‚
180 2811 347 2859 nempe
371 2795 497 2859 quod
521 2805 712 2859 utraque
734 2797 850 2843 ratio
875 2811 959 2842 nos
978 2809 1080 2859 per-

70 2883 207 2939 petuo
234 2877 397 2924 illudat
425 2887 563 2941 atque
592 2876 806 2940 decipiat.

138 2959 204 3019 (2)
241 2959 407 3007 Totam
452 2960 799 3023 inquisitionem
849 2975 977 3005 suam
1025 2958 1082 3006 de

73 3043 246 3090 ratione
267 3042 520 3090 theoretica
550 3052 593 3090 et
610 3042 830 3106 practica
849 3040 1085 3090 concludit

76 3120 363 3181 Hermesiusff'
407 3141 483 3172 eas
518 3124 576 3171 ad
608 3125 829 3170 unitatem
872 3124 1086 3187 principii

75 3203 335 3252 revoc-ando
353 3243 365 3263 ‚
394 3208 617 3253 nimirum
649 3205 706 3252 ad
733 3204 925 3252 Fidem.
952 3203 1082 3269 Intr.

67 3281 193 3347 phil·
217 3282 243 3349 ὃ
270 3283 352 3348 44.
381 3285 620 3352 Siquidem
648 3292 774 3353 juxta
808 3288 958 3351 ipsum
991 3286 1085 3333 Fi-

79 3364 159 3411 des
196 3367 480 3429 amplectitur
516 3378 618 3416 tum
662 3379 816 3415 tenere
849 3385 938 3433 pro
978 3384 1086 3415 vero

81 3448 450 3513 (persuasionem
493 3452 820 3513 theoreticam)
865 3465 961 3500 tum
1000 3451 1087 3498 ad-

1152 1888 1318 1947 saria,
1354 1906 1409 1935 ex
1453 1889 1595 1938 altero
1624 1889 1776 1938 Fides
1813 1890 1995 1952 libera;
2030 1897 2091 1942 ita
2121 1907 2171 1944 ut

1153 1971 1202 2015 in
1238 1971 1365 2016 omni
1406 1969 1587 2036 objecto
1619 1973 1714 2021 sive
1749 1975 1949 2023 scientiae
1974 1978 2068 2024 sive
2089 1995 2173 2025 au-

1154 2052 1372 2098 ctoritatis
1396 2050 1549 2099 Fides
1566 2055 1625 2100 sit
1639 2070 1801 2101 verum
1829 2057 2057 2105 motivum
2075 2075 2174 2107 cer-

1155 2133 1397 2196 titudinis3
1435 2145 1503 2182 est
1543 2135 1620 2182 illa
1644 2177 1655 2194 ‚
1694 2153 1797 2202 quae
1831 2139 1965 2186 nobis
2000 2149 2174 2189 tutatur

1155 2216 1391 2264 veritatem
1412 2226 1456 2264 et
1470 2219 1733 2266 realitatem
1754 2221 2054 2287 objectivam3
2076 2235 2144 2271 est
2161 2262 2173 2283 ,

1154 2300 1251 2362 ipse
1278 2299 1422 2358 diem
1461 2300 1622 2348 ultima
1659 2312 1778 2350 meta
1798 2326 1813 2361 ¹,
1845 2321 1938 2368 quo
1969 2303 2174 2368 philoso-

1155 2378 1274 2444 phus
1314 2383 1453 2445 possit
1491 2383 1763 2447 pertingere.
1798 2382 1867 2430 De
1902 2385 1990 2432 hoc
2027 2386 2173 2435 fusius

1155 2463 1524 2525 postea31iuterea
1543 2471 1697 2513 tamen
1712 2466 1798 2513 cfr.
1812 2461 2170 2530 ‚Praenotanda,

1157 2560 1207 2590 n.
1243 2540 1324 2591 28.

1164 2634 1167 2640 '
1224 2625 1291 2688 (3)
1329 2625 1471 2684 Jam,
1535 2629 1662 2676 Intr.
1701 2627 1831 2693 phil.
1877 2647 1982 2696 pag.
2049 2648 2174 2693 121,

1158 2707 1397 2770 profitetur
1426 2718 1579 2771 aperte
1614 2709 1880 2758 Hermesius
1902 2749 1914 2770 ‚
1949 2731 2003 2761 se
2029 2713 2177 2762 aliam

1160 2789 1296 2853 plane
1335 2791 1573 2838 veritatem
1614 2791 1927 2841 doctrinarum
1970 2795 2180 2845 christia-

1160 2889 1325 2919 narum
1357 2891 1560 2938 quaerere
1584 2891 1639 2921 ac
1666 2875 1793 2922 illam
1812 2911 1826 2934 ,
1855 2879 1929 2924 cui
1957 2878 2175 2929 hactenus

1161 2957 1397 3004 christiani
1430 2960 1566 3005 unice
1598 2960 1691 3005 vim
1727 2959 2007 3010 tribuerunt.
2042 2961 2175 3012 Hanc

1163 3054 1301 3102 porro
1345 3041 1522 3087 invenit
1563 3042 1614 3087 in
1659 3042 1929 3105 imperativo
1969 3047 2176 3094 rationis

1158 3122 1415 3186 practicae,
1455 3139 1557 3187 quae
1601 3124 1799 3191 supplet
1823 3134 1970 3173 totum
2006 3129 2053 3174 id
2076 3165 2088 3186 ‚
2128 3132 2177 3176 in

1167 3222 1260 3269 quo
1288 3204 1534 3252 christiana
1568 3205 1784 3254 revelatio
1814 3207 1969 3255 deficit
2001 3196 2179 3258 theore-

1166 3290 1255 3335 tice
1282 3307 1306 3335 a
1340 3289 1628 3338 certitudine.
1647 3289 1821 3351 Verbo,
1847 3301 1938 3339 tota
1954 3296 2178 3343 certitudo

1167 3372 1307 3436 hujus
1349 3372 1637 3419 revelationis
1682 3371 1932 3422 theoretica
1977 3393 2071 3423 nou
2115 3388 2183 3425 est

1169 3454 1255 3499 nisi
1277 3451 1617 3516 probabilitate,
1642 3457 1837 3503 maxima
1858 3457 1993 3504 etiam
2020 3460 2055 3504 si
2080 3461 2144 3506 vis
2161 3494 2174 3519 ‚

81 3531 263 3576 mittere
285 3547 378 3595 pro
422 3549 527 3579 vero
571 3534 943 3599 (persuasionem
976 3551 1094 3599 pra·
1174 3534 1250 3582 sed
1282 3534 1398 3582 nibil
1433 3545 1654 3598 praeterea.
1673 3535 1850 3584 Veritas
1875 3539 2084 3586 historica
2107 3551 2188 3588 aut

81 3612 304 3674 eticam)‚·
330 3630 382 3661 ex
408 3603 556 3677 primo
573 3618 751 3681 exurgit
771 3616 918 3664 Fides
937 3633 1093 3665 ueces—
1178 3618 1366 3684 physica
1386 3620 1710 3667 miraculorum
1728 3637 1914 3668 summe
1923 3621 2190 3685 probabilis

1762 3699 1859 3757 30.
