2502 4134
269 141 387 201 518

881 159 1079 196 TRAGT.
1132 161 1199 196 ΒΕ
1245 160 1808 201 ιο018.ΤΗΕΟῐ.0οι1018.

265 303 522 366 clausula
547 303 730 361 donee
761 305 1114 380 eorrzyatur
1152 299 1484 382 prohibitus
1530 301 1738 385 aliquis
1788 303 1937 364 liber
1982 307 2056 365 sit
2081 352 2095 378 7
2132 318 2190 366 et
2225 327 2419 366 corre·

273 402 498 463 ctiones
529 420 561 456 a
585 417 699 456 sac.
722 396 1186 476 Congregatione
1207 397 1516 476 recognitas
1546 408 1605 457 et
1628 397 1890 477 probatae
1913 399 2133 462 fuerint
2159 428 2174 477 ς
2211 403 2278 462 40
2298 424 2420 461 non

275 497 352 556 ad
392 493 700 552 arbitrium
751 490 932 550 libros
969 493 1032 550 in
1071 491 1335 552 Iudicem
1381 492 1620 568 referri7
1681 493 1783 552 sed
1820 497 1988 572 juxta
2025 499 2423 577 prudentissi-

277 613 402 650 mas
448 588 675 669 regulas
739 610 770 647 a
829 590 1002 647 Rom.
1053 588 1432 648 Pontificibus
1483 588 1850 671 praescriptas
1892 610 1957 648 ac
2000 603 2133 671 post
2180 594 2423 675 diligens

278 706 528 747 examen
546 684 1019 767 multiplicesque
1039 684 1499 744 consultationes
1517 685 1629 765 (l).
1652 686 1794 759 Quae
1819 706 1956 744 cum
1973 687 2052 744 ita
2068 707 2129 746 se
2143 687 2425 765 habeant,

277 784 496 865 liquet,
531 779 765 839 nullum
787 782 1031 839 omnino
1067 780 1495 841 detrimentum
1527 781 1911 858 exejusmodi
1944 780 2141 842 Indice
2171 784 2427 845 scientiis

282 877 596 960 provenire
617 924 633 953 7
655 898 978 957 earumque
1003 877 1359 958 progressui.

366 973 512 1032 264.
560 972 646 1032 Ad
669 972 778 1046 5³¹7
806 973 966 1032 Dist,
1003 972 1063 1031 Si
1091 971 1313 1032 Galilaei
1346 993 1516 1032 causa
1546 994 1613 1032 ea
1648 983 1801 1033 esset
1823 993 1951 1054 quae
1987 972 2061 1032 ab
2089 973 2438 1034 adversariis

288 1069 646 1149 confingitur
667 1114 683 1142 7
720 1088 884 1127 conc.
909 1088 930 1136 ,·
958 1069 1004 1126 si
1047 1068 1294 1127 omnino
1323 1066 1590 1145 diversa,
1623 1090 1758 1149 neq.
1801 1071 1939 1128 Jam
1987 1090 2130 1130 vero
2171 1069 2439 1130 Galilaeus

290 1167 509 1250 duplici
533 1213 548 1241 7
587 1167 680 1225 cui
709 1165 996 1225 obnoxius
1030 1166 1142 1224 fuit
1181 1167 1451 1226 examine
1474 1211 1490 1241 7
1520 1166 1947 1227 humanissime
1976 1167 2088 1226 fuit
2130 1179 2440 1250 exceptum

290 1271 416 1345 ejus
438 1263 705 1323 doctrina
726 1264 876 1322 circa
904 1274 1135 1322 motum
1161 1261 1390 1322 telluris
1421 1264 1509 1322 uti
1544 1263 1890 1345 hypothesis
1923 1284 2235 1346 nunquam
2264 1263 2442 1323 dam-

289 1374 428 1421 nata
471 1360 615 1434 fuit7
668 1360 770 1419 sed
815 1370 1053 1419 tantum
1101 1369 1168 1417 ut
1213 1358 1428 1434 thesis7
1474 1381 1655 1442 quam
1701 1360 1827 1442 ipse
1874 1359 2051 1418 nimis
2102 1360 2446 1442 pugnaciter

291 1456 654 1518 adstruebat.
687 1455 857 1529 Quod
910 1477 1050 1516 vero
1093 1456 1172 1515 ita
1209 1477 1273 1515 se
1306 1457 1549 1535 gesserit
1590 1477 1714 1515 sac.
1748 1456 2147 1538 inquisitionis
2186 1456 2447 1516 tribunal

294 1553 355 1612 id
392 1575 608 1613 caussae
652 1553 765 1611 fuit
783 1596 800 1626 7
837 1552 971 1633 quia
994 1596 1010 1625 7
1052 1573 1117 1610 re
1143 1551 1413 1610 nondum
1441 1552 1579 1610 satis
1607 1550 1863 1632 eliquata
1886 1597 1902 1625 7
1928 1553 1992 1610 in
2019 1551 2280 1612 diversas
2306 1573 2445 1613 sen-

292 1651 511 1710 tentias
538 1649 698 1709 docti
741 1648 897 1707 illius
933 1647 1122 1707 aetatis
1148 1646 1486 1729 philosophi
1510 1646 1816 1723 abierant,
1845 1669 1919 1707 ex
1942 1648 2129 1728 iisque
2166 1646 2451 1707 nonnulli

294 1746 741 1829 deprehendere
778 1744 887 1804 sibi
919 1743 1280 1806 videbantur
1308 1746 1375 1802 in
1415 1743 1638 1803 Galilaei
1668 1745 1963 1803 sententia
1998 1742 2224 1824 aliquid
2244 1788 2260 1818 7
2292 1743 2453 1826 quod

292 1863 469 1903 sacrae
503 1843 820 1921 Scripturae
844 1839 1281 1900 adversaretur.
1317 1840 1388 1898 In
1415 1839 1704 1916 ejusmodi
1727 1850 2044 1922 propterea
2074 1860 2276 1899 rerum
2298 1851 2457 1899 statu

294 1938 624 2022 prudenter
671 1959 732 1995 se
770 1937 945 2016 gessit
986 1937 1253 1995 Romana
1300 1935 1609 2017 Inquisitio
1632 1980 1649 2011 7
1701 1934 1845 1994 dum
1887 1934 2195 2018 prohibuit
2230 1934 2455 1996 Galilaei

293 2057 510 2119 opera7
559 2033 747 2093 donec
788 2054 882 2092 res
933 2030 1146 2092 melius
1189 2033 1590 2092 innotesceret
1613 2078 1629 2108 7
1679 2032 1992 2115 eidemque
2032 2031 2246 2092 indixit
2285 2031 2457 2093 silen-

292 2131 446 2191 tium
471 2177 487 2206 7
529 2129 604 2189 ad
647 2128 1065 2212 praecavendas
1107 2126 1313 2188 turbas
1337 2174 1352 2204 7
1388 2150 1519 2211 quae
1550 2150 1622 2189 ex
1649 2133 1772 2208 ejus
1809 2130 2111 2190 occasione
2134 2128 2272 2188 oriri
2292 2127 2458 2189 facile

290 2227 620 2310 potuissent
654 2227 766 2306 (⁶2).
793 2225 908 2300 Qui
936 2224 1089 2284 ultra
1113 2226 1392 2285 corticem
1422 2247 1546 2285 non
1571 2226 1697 2307 figit
1728 2224 1971 2286 obtutus
1989 2271 2007 2302 ‚
2047 2225 2453 2308 Inquisitionis

299 2450 483 2498 decreto
521 2447 736 2497 Trident.
767 2447 908 2496 fuerit
942 2444 1190 2513 vulgatus3
1225 2445 1344 2495 liber

303 2535 475 2597 pariter
507 2531 574 2580 Μ.
606 2530 766 2580 Mariae
796 2530 1021 2596 d’Agreda
1059 2532 1112 2590 in
1137 2530 1343 2578 indicem

305 2616 483 2664 relatus
502 2615 593 2664 fuit
610 2652 623 2675 ‚
656 2614 828 2664 deinde
851 2623 1110 2679 expunctus
1127 2627 1141 2674 ς
1159 2623 1343 2662 contro-

307 2700 453 2747 versia
468 2697 530 2748 V.
545 2698 814 2747 Bellarmini
829 2734 843 2757 7
863 2694 936 2746 De
949 2704 1179 2763 potestate
1199 2696 1342 2746 Rom.

313 2780 578 2845 Pontifiois
616 2778 892 2846 temporali,
932 2777 1063 2845 jussu
1091 2778 1207 2827 Sixti
1227 2778 1269 2827 V
1294 2781 1345 2827 in

315 2864 522 2912 indicem
551 2866 680 2929 prius
710 2863 852 2912 relata
873 2901 886 2922 7
926 2871 1081 2928 postea
1122 2879 1227 2911 vero
1264 2860 1344 2910 illo

314 2946 539 2994 defuncto
571 2945 796 2994 Pontifice
833 2945 1000 2994 exinde
1029 2945 1210 2993 sublata
1240 2954 1345 3007 θεῖς

313 3029 379 3075 sic
409 3028 599 3077 famosae
632 3030 904 3093 quaestiones
938 3030 1059 3076 circa
1090 3028 1347 3076 christiana

317 3109 469 3158 officia
513 3107 737 3175 Stephani
787 3109 822 3158 F
826 3110 1039 3175 agundez
1083 3110 1345 3159 interdictae

320 3203 428 3240 sunt
448 3228 464 3257 7
517 3210 619 3259 quae
665 3193 847 3242 dei-ude*
883 3194 1069 3242 decreto
1117 3192 1344 3258 speciali,

320 3274 428 3323 dato
453 3274 513 3324 18
533 3276 706 3341 Aprilis
725 3295 806 3326 an.
833 3274 961 3325 1630
978 3312 992 3336 ‚
1019 3275 1177 3324 liberae
1198 3294 1223 3324 a
1240 3292 1347 3339 pro-

320 3357 551 3404 hibitione
573 3358 810 3407 declaratae
838 3368 975 3421 sunt;
1005 3355 1125 3407 liber
1149 3360 1262 3407 item
1285 3357 1346 3405 V.

323 3437 378 3487 P.
409 3437 597 3503 Segneri
619 3477 634 3498 ‚
663 3438 736 3488 De
763 3440 1021 3489 concordia
1053 3444 1186 3488 inter
1215 3438 1348 3488 labo-

323 3540 422 3571 rem
446 3531 491 3571 et
513 3525 719 3587 quietem
735 3560 753 3586 ,
786 3526 846 3573 ad
874 3536 1055 3590 tempus
1087 3525 1348 3591 prohibitus

326 3616 428 3669 est,
453 3605 622 3654 deinde
656 3605 838 3655 decreto
874 3606 1044 3672 Congr.
1082 3625 1121 3656 s.
1150 3607 1352 3674 Inquisi-

327 3690 464 3737 tionis
497 3698 706 3738 revocata
743 3699 809 3737 est
838 3689 1092 3752 prohibitio
1114 3727 1127 3750 7
1162 3700 1212 3737 ut
1244 3706 1356 3738 con-

1429 2456 1517 2495 stat
1556 2465 1610 2495 ex
1644 2450 1745 2514 ejus
1777 2450 1867 2495 vita
1904 2448 2165 2513 conscripta
2207 2464 2233 2495 a
2274 2446 2329 2496 P.
2360 2445 2460 2496 Jos.

1429 2529 1626 2596 Maffejo
1644 2566 1658 2589 ‚
1695 2527 1721 2595 S
1747 2530 1833 2597 49.

1501 2612 1569 2677 (l)
1609 2612 1662 2660 Id
1690 2622 1844 2677 aperte
1878 2612 2024 2679 liquet
2058 2630 2113 2661 ex
2141 2612 2470 2661 constitutione

1430 2695 1669 2745 Benedicti
1693 2694 1806 2743 XIV
1826 2731 1841 2758 7
1872 2711 1977 2762 quae
2010 2696 2223 2761 praemitti
2249 2694 2365 2743 solet
2381 2696 2456 2743 in-

1432 2778 1525 2827 dici
1551 2777 1779 2826 librorum
1815 2777 2160 2843 prohibitorum
2183 2814 2197 2837 ,
2239 2794 2332 2843 qua
2363 2774 2459 2823 sola

1432 2860 1729 2926 impudentes
1741 2859 1987 2909 calumniae
2002 2859 2336 2916 dissolvuntur,
2352 2855 2460 2923 qui-

1431 2943 1522 2992 bus
1537 2942 1696 2992 Petrus
1710 2943 2047 2992 Tamburinius
2065 2943 2259 3006 insurgit
2277 2942 2327 2988 in
2345 2957 2456 2987 eum

1433 3025 1645 3075 Iudicem
1664 3063 1678 3085 ‚
1710 3026 1803 3075 hoc
1827 3029 1927 3092 ipso
1947 3026 2073 3092 quod
2091 3026 2249 3072 omnia
2268 3034 2348 3070 aut
2367 3022 2463 3071 fere

1435 3110 1592 3157 omnia
1637 3111 1738 3175 ejus
1774 3126 1912 3174 opera
1951 3111 2001 3156 in
2045 3106 2250 3155 indicem
2290 3106 2463 3154 fuerint

1435 3191 1595 3240 relata.

1505 3274 1574 3338 (2)
1612 3272 1712 3323 Cfr.
1734 3272 2005 3322 Tiraboschi
2024 3269 2075 3320 S.
2099 3270 2142 3320 J.
2159 3268 2325 3321 Storia
2344 3268 2467 3318 della

1437 3355 1714 3405 letteratma
1740 3354 1975 3415 italiana,
2010 3351 2246 3402 dall’anno
2277 3369 2361 3400 nnc
2390 3352 2465 3401 all’

1437 3456 1564 3489 anno
1589 3456 1700 3487 unce
1720 3476 1735 3499 ‚
1765 3437 1850 3501 lib.
1869 3453 1904 3485 n
1921 3472 1937 3499 7
1956 3454 2065 3502 cap.
2085 3453 2113 3485 2
2127 3474 2140 3496 ‚
2164 3435 2190 3503 S
2210 3454 2236 3504 7
2266 3447 2311 3485 et
2331 3454 2464 3503 seqq.

1433 3539 1520 3572 nec
1559 3539 1655 3571 non
1696 3519 1800 3569 Gio.
1843 3519 2036 3569 Battista
2085 3520 2313 3580 Venturi,
2352 3518 2464 3567 Me-

1437 3608 1588 3653 morio
1621 3622 1648 3653 e
1679 3603 1833 3652 lettere
1878 3604 2061 3653 inedite
2097 3604 2262 3669 finem
2301 3620 2328 3652 o
2366 3601 2466 3649 dis-

1437 3703 1576 3753 perse
1588 3687 1641 3735 di
1660 3685 1782 3735 Gala·
1784 3685 1850 3735 leo
1869 3685 2079 3749 Galim,
2098 3685 2301 3737 Modena
2316 3681 2401 3735 181
2411 3680 2468 3731 8·
