2502 4134
288 121 412 182 542
889 148 1086 189 τηατ.
1133 150 1203 190 mi
1246 152 1399 192 mms
1442 155 1821 200 runotomms,

370 289 512 349 299.
564 287 735 362 Quod
779 288 827 347 si
869 289 936 348 id
979 312 1215 374 semper
1245 293 1414 354 licuit
1439 340 1456 371 ,
1507 296 1627 357 imo
1676 310 1736 358 et
1778 306 2245 368 commendabile
2282 309 2428 383 fuit,

289 385 454 447 nulla
497 395 693 466 potest
719 380 960 445 subesse
984 388 1135 447 ratio
1155 433 1170 463 ,
1211 388 1288 448 ob
1321 412 1501 473 quam
1535 392 1599 451 in
1628 397 1942 475 praesentia
1975 401 2162 462 veluti
2189 404 2434 465 noxium

288 480 685 562 ainciendum
729 481 838 558 sit,
884 494 989 542 aut
1033 482 1107 542 ab
1157 506 1228 546 eo
1267 487 1593 570 quidquam
1636 491 2210 575 pertimescendum,
2254 500 2433 560 dum-

290 579 464 639 modo
489 579 646 638 intra
677 578 828 639 fines
848 624 864 655 ,
904 602 1051 662 quos
1080 582 1539 664 praestituimus,
1579 607 1639 647 se
1670 588 2015 649 contineant
2041 591 2117 667 ii,
2146 595 2260 675 qui*
2278 618 2434 678 prae-

287 690 378 736 ter
429 675 608 736 fidem
631 657 1089 758 intelsigentiam
1118 691 1392 760 quaerunt
1412 725 1428 757 ‚
1472 703 1575 742 seu
1599 683 1699 764 qui
1737 684 2051 745 scientifica
2090 694 2434 753 tractatione

285 772 424 832 fidei
471 772 803 832 doctrinam
844 771 1233 855 amplificant.
1278 776 1436 850 Quin
1475 777 1654 838 etiam
1694 778 1843 839 illud
1875 779 2183 859 addimuS‚
2225 796 2286 845 et
2325 806 2432 848 nos

285 870 349 927 in
385 890 453 928 ea
489 869 774 951 proficere
799 879 859 929 et
894 865 1138 929 ulterius
1170 871 1447 953 progredi
1478 861 1648 956 posse
1668 921 1684 951 7
1717 877 1960 936 Patrum
1987 879 2259 962 exempla
2292 902 2434 943 con-

286 975 576 1025 sectantes
597 1010 613 1038 .,
643 969 812 1044 juxta
847 964 1123 1047 praeclara
1156 967 1443 1028 Vincentii
1486 969 1806 1031 Lirinensis
1842 973 2023 1035 verba
2052 996 2066 1035 :
2114 977 2233 1035 Sed
2239 981 2434 1056 forsi-

284 1073 394 1120 tan
431 1063 589 1119 dicet
629 1062 859 1140 aliquis
883 1080 904 1120 .·
937 1062 1247 1122 Nullusne
1286 1085 1423 1146 erqo
1454 1069 1526 1124 in
1568 1067 1841 1128 Ecclesia
1884 1071 2117 1131 Christi
2125 1076 2436 1154 profectus

284 1158 611 1217 habebitur
638 1158 977 1238 Reliqionis
994 1163 1027 1216 ,Ρ
1055 1158 1384 1220 Habeatur
1396 1164 1622 1242 plane,
1657 1175 1713 1223 et
1742 1171 2074 1226 maoeimuS.
2102 1169 2270 1229 Nam
2292 1175 2433 1251 quis

283 1257 383 1313 ille
404 1266 490 1314 est
512 1265 639 1313 tam
672 1255 926 1313 invidus
951 1254 1306 1316 hominibus
1326 1302 1342 1332 a
1383 1268 1509 1317 tam
1548 1281 1761 1321 caesus
1783 1263 1905 1323 Deo
1926 1307 1944 1340 ‚
1973 1266 2083 1343 qui
2104 1267 2272 1324 istud
2284 1288 2436 1345 pro·

288 1353 489 1410 hibere
527 1361 778 1411 conetur
797 1350 830 1411 P
864 1351 986 1412 Sed
1018 1354 1109 1412 ita
1155 1363 1360 1413 tamen
1396 1365 1470 1413 ut
1505 1377 1635 1415 vere
1661 1361 1969 1438 profectus
2000 1363 2083 1419 sit
2117 1362 2216 1420 ille
2253 1364 2433 1441 fidei,

284 1471 408 1508 non
431 1444 1179 1529 permutatio.'Siquidem
1228 1451 1316 1508 ad
1337 1454 1680 1529 profectum
1706 1458 2001 1532 pertinet,
2037 1468 2107 1514 ut
2137 1461 2205 1515 in
2237 1469 2435 1518 semet-

282 1548 490 1626 ipsum
530 1566 914 1625 unaquaeque
974 1566 1069 1603 res
1110 1547 1546 1624 amplificatum
1594 1549 1682 1606 ad
1704 1555 2217 1628 permutationem
2260 1574 2429 1629 vero,

284 1653 354 1701 ut
386 1642 631 1720 aliquid
658 1662 733 1700 ea·
770 1642 892 1699 alio
929 1641 998 1698 in
1035 1641 1219 1699 aliud
1249 1651 1724 1702 transvertatur.
1764 1645 2006 1703 Crescat
2041 1650 2236 1726 iqitur
2265 1668 2435 1727 opor-

285 1749 399 1809 tet,
432 1749 487 1796 et
524 1742 787 1796 multum
841 1737 1322 1815 vehementerque
1352 1739 1640 1823 proficiat
1671 1749 1795 1796 tam
1835 1742 2215 1819 sireyulorum
2246 1764 2435 1821 quam

284 1837 589 1902 omnium,
632 1842 759 1891 tam
808 1833 998 1890 unius
1045 1831 1311 1890 hominis
1353 1854 1540 1911 quam
1592 1835 1776 1892 totius
1818 1833 2138 1911 Ecclesiae,
2184 1847 2436 1898 aetatum

283 1952 356 1989 ac
375 1930 716 1988 seculorum
734 1928 1038 2009 yradibus
1053 1970 1076 2000 ‚
1104 1929 1512 2009 intelliqentia
1524 1970 1549 2001 ,
1584 1933 1839 1989 scientia
1855 1978 1873 2001 ‚
1905 1936 2279 2011 sapientia...
2310 1935 2436 1995 Fas

283 2037 367 2086 est
390 2031 608 2085 etenim
624 2066 649 2098 ,
679 2034 751 2084 ut
777 2028 993 2105 prisca
1029 2025 1140 2083 illa
1165 2012 1827 2106 coelestis'pliilosophioe
1851 2027 2132 2109 dogmata
2151 2051 2435 2110 processu

284 2123 569 2201 temporis
619 2131 1019 2192 emetirentur,
1073 2121 1405 2194 limentur,
1442 2125 1804 2202 poliantur;
1852 2126 1956 2183 sed
1991 2128 2162 2205 nefas
2202 2138 2320 2200 est,
2366 2138 2437 2187 ut

281 2227 795 2278 commutentur...
838 2219 1173 2297 Accipiunt
1212 2220 1348 2278 licet
1402 2206 1794 2290 evidentiam,
1829 2222 2057 2292 lucem,
2097 2224 2431 2283 distinctio·

286 2336 421 2374 nem
441 2322 482 2382 ,·'
515 2313 622 2372 sed
674 2318 980 2374 retineant
1031 2335 1253 2375 necesse
1307 2326 1392 2374 est
1431 2316 1918 2396 plenitudinem,
1980 2321 2389 2399 inteyritatem
2408 2362 2431 2394 ,

275 2412 714 2492 proprietatem
742 2409 850 2490 (1).

1084 2583 1087 2587 ’
1118 2576 1583 2623 DlFFICULTATES

368 2728 508 2790 300.
553 2728 685 2809 Obj.
718 2729 884 2791 Fides
920 2729 1194 2790 historica
1232 2752 1475 2791 omnem
1517 2753 1759 2816 prorsus
1799 2733 2177 2820 scientificam
2205 2731 2430 2814 respuit

285 2827 736 2904 tractationem3
776 2829 840 2885 10
877 2825 976 2885 illa
1010 2828 1175 2888 enim
1212 2849 1429 2888 caecum
1462 2827 1727 2911 postulat
1761 2851 2097 2903 assensum,
2142 2829 2261 2888 haec
2290 2847 2427 2890 vero

284 2923 545 3006 postulat
575 2923 1051 3006 intelligentiam.
1093 2926 1161 2985 20
1194 2926 1468 2987 Haeretici
1495 2925 1761 2986 omnium
1807 2922 1984 3010 primi
2024 2925 2327 2986 scientiam
2363 2945 2429 2983 ac

284 3020 737 3101 intelligentiam
782 3021 1128 3103 dogmatum
1174 3024 1532 3083 invexerunt
1558 3069 1576 3094 ,
1610 3035 1816 3105 utpote
1851 3024 1952 3106 qui
1980 3022 2114 3082 fidei
2139 3019 2426 3102 simplici-

286 3128 407 3176 tate
451 3118 695 3179 minime
744 3119 1041 3194 contenti,
1094 3118 1170 3179 ad
1216 3119 1432 3179 formas
1478 3118 1910 3202 philosophicas
1967 3117 2099 3177 fidei
2156 3116 2431 3196 Mysteria

285 3210 649 3292 1‘edigenteS‚
688 3235 918 3274 sacrum
960 3214 1297 3298 depositum
1324 3214 1773 3275 labefactarunt.
1816 3215 1882 3274 30
1924 3215 2088 3272 Hunc
2117 3234 2255 3271 sane
2278 3212 2431 3272 abu-

285 3329 417 3368 sum
468 3309 582 3369 illis
631 3322 925 3394 perpetuo
970 3311 1335 3392 exprobrant
1390 3311 1658 3372 Ecclesiae
1712 3314 1947 3382 PatreS,
2001 3320 2176 3390 atque
2220 3309 2281 3367 in
2338 3308 2430 3367 his

244 3416 253 3423 ’
287 3404 682 3466 Tertullianus
703 3453 719 3482 ,
747 3407 848 3491 qui
875 3407 1088 3469 exinde
1129 3408 1418 3470 haeresum
1453 3408 1720 3468 omnium
1751 3400 2034 3487 originem
2060 3405 2275 3488 repetit
2302 3402 2426 3484 (2),

358 3602 426 3665 (1)
460 3599 577 3667 Cap.
618 3619 756 3662 xxiii,
787 3602 1079 3652 Commom't.
1108 3620 1153 3664 ι,
1176 3600 1203 3668 §
1227 3600 1319 3663 23,
1474 3599 1542 3663 (ᾖ)
1585 3598 1690 3648 Lib.
1720 3594 1791 3647 De
1812 3600 2084 3665 proescript.
2101 3616 2205 3663 cap.
2225 3614 2252 3664 7
2269 3608 2430 3663 etseq.

288 3683 526 3733 Biblioth.
568 3681 832 3746 Gallandi‚
866 3697 982 3735 tom.
1013 3706 1061 3735 x.
