2502 4134
257 169 417 206 Purr-
465 166 554 204 111.
603 162 756 203 slm'r.
807 164 849 202 1.
894 164 1019 203 GAP.
1064 165 1105 201 1.
1156 164 1226 202 ΒΕ
1268 163 1400 201 ΕΔΤ.
1450 163 1579 201 ΔΠΤ.
1621 163 1730 201 Fu).
1779 159 1960 201 SPEGT.

2047 140 2166 202 449

46 322 131 372 tat
153 309 384 369 diverso
421 306 663 380 omnino
699 304 875 364 modo
907 326 972 364 ac
997 304 1353 364 intellectus,
1385 305 1499 363 Iste
1533 307 1835 384 analytice
1861 323 1926 363 ac
1954 305 2132 385 quice
2153 353 2170 375 ,

42 406 139 467 illa
165 406 494 484 synthetiee.
520 404 635 461 Iste
658 403 973 482 intelliqit‚
1012 412 1071 461 et
1087 403 1261 480 plene
1286 399 1527 482 quidem
1547 400 1852 481 intelligit3
1889 399 1988 460 illa
2020 399 2172 460 nihil

43 500 346 580 intelligit,
375 510 434 558 et
482 510 683 557 tamen
725 498 960 576 fundat
988 516 1095 555 ens
1119 539 1136 570 7
1168 504 1236 553 ut
1271 515 1410 556 vere
1440 495 1533 553 sit.
1572 496 1687 555 Iste
1721 496 1933 575 cogitat
1965 516 2173 556 neces-

45 596 195 655 sario
230 594 527 673 obJectum
563 591 836 673 aliquod3
877 589 980 650 illa
1025 588 1349 649 necessario
1384 590 1595 669 cogitat
1624 592 2106 669 fundamentum
2133 613 2175 651 a

34 694 287 772 priori,
330 688 867 768 superaddendum
891 685 1117 764 objecto
1135 729 1153 759 ‚
1197 683 1358 766 quod
1387 684 1601 766 cogitat
1632 685 1985 747 intellectus,
2017 685 2172 759 Quid

45 807 185 848 vero
210 784 508 867 compellit
543 782 832 842 rationem
868 781 940 840 ad
970 779 1117 839 illud
1140 779 1597 859 fundamentum
1625 774 1999 860 cogitandum
2016 782 2044 839 Ρ
2073 783 2173 841 Est

47 880 354 941 necessitas
403 891 628 937 naturae
667 876 944 949 rationiS.‚
986 895 1148 957 quae.
1199 884 1267 932 ut
1307 873 1584 933 admittat
1631 874 1852 956 aliquid
1888 877 2170 953 existere,

48 974 224 1034 debet
252 995 420 1056 posse
463 972 710 1052 cogitare
729 1017 746 1046 ,
799 971 1087 1051 quomodo
1133 970 1295 1028 illud
1325 990 1441 1028 esse
1473 981 1672 1048 queat.
1713 971 1836 1031 Hoc
1871 993 2012 1033 vero
2047 995 2173 1033 non

48 1080 136 1130 est
165 1072 420 1148 coqitare
450 1071 712 1147 logicum
733 1090 755 1133 ‚·
777 1077 866 1126 est
899 1065 1416 1144 comprehendere,
1445 1085 1515 1124 ex
1539 1085 1656 1145 quo
1672 1066 1966 1147 sequitur,
1995 1067 2172 1128 ratio-

48 1185 189 1223 nem
234 1162 308 1221 ad
341 1162 402 1221 id
433 1160 657 1243 impelli
689 1182 761 1220 ex
797 1159 1140 1229 necessitate
1183 1159 1757 1237 comprehendendi„
1811 1182 1878 1220 ac
1916 1161 2169 1244 proinde

49 1258 197 1317 ratio
223 1256 453 1318 definiri
481 1256 660 1316 etiam
707 1265 902 1337 potest
927 1254 1470 1334 comprehendendi
1493 1256 1763 1332 facultas
1789 1254 1900 1336 (1).
1950 1258 2051 1316 Ast
2080 1258 2177 1318 hic

49 1373 225 1435 porro
249 1352 539 1430 detegitur
558 1394 576 1424 ,
601 1350 892 1409 rationem
920 1360 1064 1407 tunc
1090 1348 1281 1406 solum
1308 1347 1594 1427 adstringi
1626 1347 1700 1407 ad
1718 1349 2176 1413 fundamentum

49 1445 425 1527 cogitandum
446 1489 463 1519 ‚
506 1445 554 1503 si
581 1443 744 1525 prius
782 1442 1060 1501 admittat
1099 1463 1205 1501 ens
1222 1485 1245 1514 ,
1277 1442 1600 1503 necessario
1633 1444 1950 1525 cogitatum
1985 1446 2061 1507 ab
2083 1448 2178 1508 in·-

49 1696 219 1761 possit‚
252 1704 304 1741 ut
332 1691 444 1741 alibi
462 1691 691 1755 diximus,
721 1708 781 1740 an
796 1691 895 1740 haec
914 1701 1068 1741 tamen

48 1774 383 1824 substantialis
403 1774 639 1822 distinctio
654 1810 667 1834 ‚
689 1775 740 1821 in
760 1775 862 1838 ipsa
883 1773 1068 1821 illarum

49 1858 251 1907 essentia
279 1859 425 1921 posita
442 1891 457 1915 ‚
489 1855 622 1903 detur
640 1892 654 1915 ,
684 1854 941 1903 sanioribus
967 1855 1071 1918 phi-

48 1939 251 2003 losophis
280 1937 589 2004 judicandum
619 1935 946 2003 relinquimus.
975 1934 1067 1984 Ce-

50 2033 198 2070 terum
224 2019 525 2084 functionem
555 2017 788 2078 rationis,
826 2017 941 2065 dum
969 2016 1071 2064 enti

45 2101 414 2168 fundamentum
423 2098 725 2164 superaddit(
733 2098 1048 2162 hinzudenkt)
1055 2135 1069 2160 ,

52 2202 150 2234 esse
191 2183 511 2248 syntheticam
551 2185 685 2248 juxta
732 2182 1024 2231 Hermesium
1050 2219 1064 2242 ,

52 2268 238 2317 evidens
266 2275 335 2315 est
367 2283 423 2314 ex
454 2268 563 2330 ipsis
597 2268 821 2315 terminis.
856 2263 1065 2325 Baltzer‚

52 2348 342 2398 Hermesium
371 2347 628 2412 explanans
648 2385 661 2406 ‚
705 2348 842 2411 plane
872 2345 1066 2411 synthe-

51 2432 197 2478 ticam
231 2438 395 2489 vocat,
430 2429 518 2477 loc.
552 2430 632 2477 cit.
664 2446 772 2493 pag.
812 2425 1070 2477 225.Hinc

52 2511 319 2560 Hermesius
351 2511 440 2559 hoc
470 2527 608 2578 sensu
636 2518 796 2558 actam
826 2508 1073 2574 coqitandi

51 2596 241 2643 rationis
281 2602 415 2642 vocat
447 2595 712 2642 creativam
747 2592 867 2657 (das
900 2593 1067 2659 schop-

44 2678 252 2742 serieche
289 2675 540 2742 Denken)‚
575 2677 664 2726 loc.
698 2679 780 2726 cit.
808 2695 912 2743 pag.
942 2674 1033 2743 157
1052 2714 1065 2736 ,

51 2762 163 2826 quia
181 2777 350 2824 nempe
366 2776 397 2807 a
405 2760 569 2825 priori
587 2776 646 2807 ea·
671 2775 758 2807 suo
778 2759 931 2827 fundo
952 2759 1069 2807 edu·

52 2843 114 2889 cit
135 2841 510 2905 fundamentum
535 2841 653 2890 illud
685 2842 702 2906 (
721 2839 955 2904 Grund),
984 2843 1071 2906 sciss

52 2923 156 2971 lieet
187 2933 463 2987 conceptum
505 2922 651 2970 realis
694 2923 961 2972 substantiae
992 2932 1072 2971 aut

53 3003 198 3052 realis
232 3021 378 3054 causae
398 3043 412 3064 ‚
454 3022 547 3070 quo
576 3004 784 3069 fundat,
813 3003 999 3053 stabilit
1018 3021 1073 3053 ac

54 3083 178 3132 reale
198 3087 348 3135 reddit
366 3085 603 3152 objectum
628 3104 709 3135 seu
734 3103 820 3134 ens
849 3085 973 3134 illud
990 3103 1073 3135 ne·-

57 3169 245 3214 cessario
267 3179 533 3234 perceptum
562 3168 620 3217 ab
649 3167 920 3228 intellectu,
945 3167 1070 3234 quod

57 3261 182 3294 secus
193 3244 246 3294 in
260 3264 389 3297 mero
398 3248 621 3314 formalis
634 3249 938 3315 coqitationis
953 3258 1073 3298 statu

59 3339 281 3378 maneret.
316 3396 318 3399 v

127 3411 196 3474 (1)
235 3411 407 3473 Ratio,
445 3417 632 3481 ait‘ipse
652 3453 665 3477 ‚
702 3415 834 3463 debet
863 3415 1071 3479 coqitare

51 3508 218 3558 posse,
250 3495 479 3557 quomodo
511 3496 635 3545 illud
666 3498 815 3561 (ens)
847 3513 945 3545 esse
959 3512 1073 3562 pos-

58 3575 139 3621 sit.
170 3571 338 3635 Patet,
369 3574 454 3623 hoc
482 3593 579 3625 non
608 3578 890 3644 siqnificare
919 3577 1073 3625 ullam

59 3654 259 3718 loqicam
319 3658 670 3719 coqitationem.
727 3659 824 3722 (Et
882 3661 1075 3725 quinam

140 3735 207 3793 T.
258 3736 349 3795 lX.

1155 1688 1346 1740 aliunde
1367 1729 1380 1752 ‚
1413 1694 1707 1758 prosequitur
1737 1690 2001 1742 Hermesius
2021 1731 2034 1755 ,
2072 1712 2178 1760 pos-

1153 1784 1221 1822 set
1243 1774 1343 1822 haec
1357 1774 1457 1822 fieri
1475 1773 1704 1839 possibilis
1728 1792 1810 1839 per
1831 1776 2179 1841 superadditam

1155 1857 1478 1920 cogitationem
1499 1856 1695 1922 alicujus
1703 1856 2062 1920 fundamenti?
2082 1857 2182 1907 Ali-

1154 1937 1269 2002 quid
1304 1935 1452 2001 loqice
1490 1955 1588 1986 non
1631 1947 1698 1986 est
1735 1938 1983 2003 cogitabile
2022 1939 2177 1988 solum

1153 2028 1392 2084 propterea
1410 2054 1423 2076 ‚
1458 2021 1569 2085 quia
1604 2023 1810 2068 continet
1835 2022 1886 2068 in
1916 2036 1966 2069 se
1996 2033 2176 2070 contra-

1151 2101 1403 2150 dictionem
1427 2137 1441 2161 ,
1475 2111 1520 2149 et
1553 2099 1702 2166 quice
1732 2102 1979 2167 cogitabile
2009 2104 2062 2151 fit
2092 2121 2174 2168 per

1152 2197 1333 2231 meram
1371 2184 1678 2231 remotionem
1717 2183 2116 2233 contradictionis
2130 2187 2169 2249 ).

1150 2262 1418 2328 Siqnificat
1430 2281 1540 2330 erqo
1557 2267 1730 2314 intime
1739 2268 2011 2332 perspicere
2031 2272 2050 2332 (
2068 2269 2176 2318 ein-

1152 2346 1295 2395 sehen
1313 2347 1358 2410 ),
1398 2347 1792 2414 comprehendere
1832 2347 2172 2414 (beqreifen),

1113 2475 1115 2477 ,
1153 2429 1242 2476 loc.
1279 2430 1361 2478 cit.
1396 2447 1504 2494 pag.
1552 2427 1639 2478 161
1665 2466 1680 2492 ‚
1716 2428 1842 2480 ⁴162.
1882 2430 1969 2480 Hic
2007 2434 2177 2481 iterum

1153 2509 1420 2559 Hermesius
1447 2510 1684 2571 excludit,
1717 2512 1844 2578 quod
1863 2515 2006 2572 ratio,
2038 2514 2174 2563 adhi-

1151 2591 1308 2640 bendo
1344 2594 1626 2658 principium
1662 2592 1887 2655 causale,
1934 2594 2178 2661 analytice

1150 2673 1359 2738 judicet3
1396 2672 1476 2723 sed
1509 2677 1694 2724 interim
1723 2676 2039 2726 animadverte
2068 2695 2179 2726 con-

1153 2755 1488 2804 tradictionem
1521 2756 1778 2817 Hermesii,
1808 2776 1950 2824 quam
1980 2759 2176 2809 inferius

1154 2837 1320 2886 melius
1358 2840 1704 2904 patefaciemus.
1736 2839 1873 2889 Ratio
1917 2841 2056 2890 debet
2099 2843 2177 2889 in-

1154 2920 1266 2967 time
1305 2922 1614 2986 perspicere,
1665 2920 1796 2986 juxta
1847 2922 2172 2982 Hmmesium,

1155 3002 1388 3067 quomodo
1407 3003 1660 3068 possibilis
1685 3021 1755 3053 res
1776 3007 1868 3063 sit,
1901 3012 1946 3053 et
1964 3006 2177 3071 possibi-

1154 3082 1244 3130 lem
1272 3100 1370 3131 non
1395 3080 1655 3148 judicaret,
1685 3087 1790 3132 nisi
1815 3084 2007 3133 haberet
2031 3087 2179 3134 ratio-

1154 3181 1265 3213 nem
1291 3180 1375 3212 sen
1399 3181 1597 3213 cansam
1620 3166 1933 3232 sufficientem
1949 3160 2177 3218 unde-sit.

1155 3247 1274 3314 Ergo
1315 3249 1431 3296 ratio
1475 3247 1566 3297 hoc
1603 3246 1831 3313 judicium
1871 3249 2083 3299 efformat
2124 3267 2178 3316 ex

1143 3331 1399 3396 principio
1438 3330 1543 3395 ipso
1586 3330 2022 3394 contradictionis,
2073 3349 2179 3397 ergo

1146 3429 1239 3478 per
1265 3414 1573 3460 remotionem
1606 3412 2037 3476 contradictionis,
2073 3429 2181 3479 ergo

1155 3494 1302 3558 loqice
1334 3503 1381 3542 et
1409 3492 1651 3558 analytice
1676 3511 1708 3542 a
1735 3497 1925 3560 priori,
1969 3497 2184 3561 quamvis

1156 3574 1364 3625 realiter.
1399 3575 1500 3625 cfr.
1547 3572 1758 3628 Proenot.
1801 3596 1851 3626 n.
1890 3575 1954 3626 35
1984 3576 2180 3642 (uota).

1753 3738 1896 3796 ··29
