2502 4134
2092 69 2213 129 205

299 97 457 133 PART.
502 95 568 133 11.
616 93 738 131 CAP.
788 91 843 133 V.
891 92 960 128 ΒΕ
1003 89 1156 129 sAcR.
1201 90 1371 128 scnn’.
1401 91 1560 128 LECT.
1606 91 1664 127 m
1710 91 1855 130 uua.
1899 90 2028 130 VER-

115 249 389 312 tuerunt3
429 236 586 318 quod
632 234 835 294 melius
871 233 1059 293 adhuc
1087 232 1310 315 patebit
1352 255 1421 292 ex
1461 232 1865 293 difficultatum
1902 233 2208 294 solutione.

116 332 337 393 Deinde
378 332 423 389 si
454 329 739 408 ejusmodi
778 340 1136 410 praeceptum
1171 326 1378 386 alicubi
1418 329 1723 403 existeret,
1755 340 1907 388 certe
1944 329 2037 410 pia
2061 330 2215 387 anti-

115 427 332 508 quitaS,
366 437 429 483 ut
469 424 783 484 adversarii
830 423 1185 504 loquuntur,
1226 422 1370 480 illud
1411 424 1947 511 comperissetyast
1987 435 2218 482 tantum

117 521 280 580 abest
300 566 316 595 ,
351 531 417 578 ut
454 520 790 599 agnoverit,
823 530 886 575 ut
923 518 1013 577 vel
1035 518 1383 576 contrarium
1410 517 1654 575 omnino
1676 530 2007 599 supponant
2035 518 2218 577 Eccle-

115 617 207 675 siae
234 618 429 674 Patres
451 661 466 689 ,
493 626 665 695 atque
683 613 933 673 Concilia
958 613 1130 671 etiam
1155 623 1351 693 aperte
1379 612 1617 670 omnino
1634 612 1693 670 id
1714 613 2050 672 excludant.
2073 615 2219 672 Con-

115 711 356 769 trarium
381 711 596 790 quippe
629 719 966 789 supponunt
1003 719 1090 765 tot
1114 707 1225 765 illis
1252 705 1750 767 exhortationibus
1773 750 1787 779 ,
1820 707 2032 787 quibus
2055 707 2223 767 adni·
2301 717 2307 722 '

117 804 390 863 tebantur
432 803 630 862 fideles
674 802 947 861 inducere
999 801 1073 860 ad
1120 802 1427 882 Scripturae
1472 820 1642 858 sacrae
1690 799 2032 877 lectionem,
2075 803 2219 882 quin

118 921 373 980 unquam
422 909 777 979 praeceptum
828 908 1286 956 commemorent
1337 907 1436 953 aut
1484 896 1784 953 insinuent
1834 896 2067 975 quidem
2102 899 2215 979 (l).

120 995 333 1075 Aperte
364 1015 500 1053 vero
524 991 837 1052 excludunt
859 990 1195 1048 eorumdem
1211 989 1526 1047 Bibliorum
1550 989 1913 1047 testimoniis,
1946 992 2020 1049 Ex
2038 992 2218 1049 innu-

120 1089 292 1146 meris
334 1108 548 1168 prope,
609 1106 736 1165 quae
774 1083 981 1141 adduci
1025 1094 1298 1162 possent,
1354 1105 1536 1140 unum
1588 1094 1687 1142 aut
1729 1083 1975 1142 alterum
2014 1086 2220 1167 selige-

121 1203 264 1240 mus.
308 1180 690 1240 Tertullianus
724 1200 736 1235 :
766 1179 943 1236 Fides
970 1189 1075 1235 tua
1094 1224 1111 1246 ‚
1150 1177 1374 1258 inquit,
1401 1188 1450 1236 tc
1472 1180 1706 1236 salvum
1724 1182 1895 1257 fecit,
1918 1200 2031 1238 non
2055 1203 2221 1240 caser-

118 1279 320 1335 citatio
342 1277 830 1352 Scripturarum.
867 1273 1042 1331 Fides
1066 1276 1136 1330 in
1161 1274 1367 1352 reyula
1395 1273 1417 1352 (
1439 1272 1711 1354 Symbolo
1727 1274 1749 1353 )
1768 1277 1966 1352 posita
1991 1286 2074 1332 est
2103 1277 2216 1355 (2).

120 1370 271 1442 Quid
308 1369 550 1427 senserit
590 1368 645 1425 S.
703 1369 985 1436 IrenaeuS,
1042 1366 1214 1448 paulo
1261 1379 1396 1425 ante
1440 1369 1713 1426 diximus.
1766 1370 1823 1427 S.
1872 1370 2220 1448 Augustinus

118 1462 314 1522 scribit
343 1485 356 1519 :
388 1463 579 1521 Homo
610 1462 753 1539 fide,
781 1482 878 1538 spe
905 1472 962 1519 et
982 1462 1271 1520 charitate
1293 1464 1591 1521 subnioeus
1606 1506 1626 1534 ,
1665 1457 1846 1542 eaque
1881 1466 2223 1524 inconcusse

118 1562 409 1627 retinens,
445 1578 563 1614 non
592 1557 817 1634 indiqet
847 1557 1213 1638 ScrijoturiS,
1240 1561 1363 1615 nisi
1385 1560 1470 1615 ad
1489 1560 1636 1616 alios
1663 1560 2059 1618 instruendos.
2092 1562 2225 1619 Ita-

117 1673 228 1731 que
244 1658 425 1710 multi
427 1673 542 1730 per
550 1652 671 1709 hoec
685 1637 807 1708 tria
822 1655 998 1709 etiam
1011 1654 1079 1708 in
1098 1654 1413 1710 solitudine
1427 1658 1554 1711 sine
1567 1654 1870 1711 codicibus
1884 1659 2096 1712 vivunt
2109 1655 2219 1735 (3).

121 1746 419 1820 Quomodo
458 1767 631 1828 porro
659 1745 780 1804 haec
826 1745 1051 1827 aliaque
1084 1745 1173 1804 his
1207 1746 1413 1805 similia
1436 1793 1451 1818 ,
1490 1768 1614 1828 quae
1637 1749 1851 1829 passim
1888 1749 1950 1806 in
1988 1751 2222 1809 Patrum

123 1844 345 1923 scriptis
376 1853 722 1912 occurrunt,
761 1841 1048 1901 conciliari
1086 1854 1323 1923 possent
1348 1863 1477 1901 cum
1503 1844 1694 1924 aliquo
1719 1844 1839 1903 sive
1876 1843 2074 1904 divino
2104 1846 2226 1907 sive

122 1936 495 1996 ecclesiastico
539 1949 864 2019 praeceptO,
915 1937 964 1995 si
1023 1937 1134 1997 hoc
1169 1938 1355 2019 reipsa
1394 1939 1665 1997 existeret
1710 1938 1844 2019 (4)‘?
1881 1941 2047 2013 Quod
2085 1962 2225 2001 vero

123 2032 331 2091 attinet
367 2032 439 2091 ad
467 2032 719 2090 Concilia
739 2077 755 2108 ,
792 2034 928 2090 satis
958 2044 1047 2091 est
1070 2053 1403 2112 percurrere
1426 2034 1763 2093 eorumdem
1793 2046 1918 2094 acta
1938 2079 1955 2107 ,
1980 2046 2044 2093 ut
2071 2037 2226 2117 quis·

124 2145 234 2204 que
259 2126 576 2205 intelligat,
606 2149 726 2184 non
761 2127 943 2186 semel
994 2126 1312 2186 Bibliorum
1349 2128 1653 2188 lectionem
1685 2130 1746 2187 in
1784 2129 1975 2209 lingua
2005 2129 2227 2210 vulgari

125 2219 362 2277 vetitam
411 2220 600 2278 fuisse.
651 2221 938 2297 Ejusmodi
989 2232 1127 2279 sunt
1160 2222 1318 2282 inter
1346 2223 1454 2280 alia
1493 2223 1813 2282 Concilium
1844 2224 2223 2299 Tolosanum,

193 2422 254 2485 (1)
291 2423 475 2471 Pati-um
504 2432 603 2471 tum
634 2441 882 2487 graecorum
906 2410 1003 2471 tuni
1026 2424 1132 2472 lati-

125 2520 323 2562 norum,
374 2507 454 2569 qui
498 2505 832 2552 exhortationes
871 2505 1043 2553 habent
1075 2506 1131 2552 ad

125 2585 367 2633 lectionem
392 2603 626 2634 sacrorum
652 2586 930 2651 Bibliorum,
968 2597 1012 2634 et
1045 2587 1130 2634 do-

126 2677 300 2714 ctorum
322 2703 334 2726 ,
355 2670 434 2732 qui
453 2685 528 2715 eos
558 2670 699 2716 secuti
723 2655 830 2716 snut
848 2705 862 2727 ,
899 2667 1133 2731 duplicem

126 2751 292 2812 pariter
315 2752 676 2812 copiosissimum
695 2751 891 2797 indicem
912 2786 925 2811 ,
956 2751 1131 2798 adduc-

127 2830 182 2876 tis
211 2831 348 2877 etiam
387 2832 675 2895 singulorum
710 2831 888 2891 verbis,
926 2832 1132 2879 similiter

128 2912 322 2960 confecit
346 2912 395 2962 P.
422 2912 714 2961 Cherubinus
734 2950 747 2974 ,
779 2930 860 2978 op.
880 2925 924 2962 et
940 2915 1029 2963 loc.
1050 2917 1129 2963 cit.

129 3001 214 3039 art.
249 2990 310 3052 5,
342 3004 449 3043 sect.
482 3009 510 3040 2
549 3004 593 3042 et
622 2994 682 3054 δ’,
714 2994 978 3059 incipiendo
1009 3013 1035 3043 a
1065 3013 1134 3043 se·

131 3071 296 3133 culor,
317 3091 342 3121 a
371 3074 605 3123 Clemente
631 3093 797 3141 nempe
824 3076 960 3125 Rom.
990 3093 1133 3142 usque

136 3153 191 3199 ad
211 3154 412 3206 seculum
434 3175 505 3206 xv!
523 3158 744 3208 inclusive
760 3195 774 3217 ‚
806 3177 971 3224 nempe
987 3176 1132 3224 usque

137 3232 194 3280 ad
217 3251 293 3283 an.
326 3236 467 3304 1597.
490 3227 590 3288 Hoc
611 3243 761 3305 ipsum
786 3243 882 3307 jam
909 3244 1130 3305 praestite·

137 3324 205 3361 rat
239 3314 431 3367 Jodocus
464 3320 654 3371 Coccius
676 3360 689 3384 ,
731 3325 811 3389 qui
844 3325 989 3387 reipsa
1027 3340 1133 3371 vere

140 3392 420 3446 Thesaurum
447 3402 720 3451 catholicum
752 3404 930 3467 collegit
958 3400 1025 3465 24
1048 3421 1132 3451 an-

138 3491 306 3524 norum
325 3483 484 3543 spatio.
510 3482 551 3530 ls
572 3487 724 3551 itaque
738 3523 751 3546 ,
769 3496 884 3535 tom.
899 3503 915 3534 1
928 3523 941 3547 ‚
958 3484 1042 3534 lib.
1060 3503 1102 3534 vn
1116 3522 1130 3545 ,

138 3568 224 3607 art.
267 3574 329 3608 20
347 3596 361 3620 ,
407 3562 616 3614 eumdem
651 3567 912 3634 catalogum
949 3566 1136 3617 exhibet

1215 2442 1366 2490 usque
1385 2425 1444 2472 ad
1472 2443 1550 2473 an.
1591 2424 1733 2474 1510.
1752 2425 1880 2473 Prior
1899 2436 2054 2475 tamen
2069 2439 2227 2477 auctor

1216 2508 1438 2570 copiosior
1462 2515 1528 2554 est
1548 2543 1561 2567 ‚
1591 2509 1734 2572 magis
1752 2511 1934 2556 criticus
1950 2546 1963 2568 ‚
1994 2512 2228 2576 magisque

1216 2598 1454 2635 accuratus
1474 2625 1487 2648 ,
1529 2591 1634 2653 quia
1667 2591 1752 2652 ipsi
1784 2590 1918 2638 facile
1948 2591 2034 2638 fuit
2066 2609 2118 2639 ex
2144 2609 2228 2640 an-

1216 2671 1378 2717 teriore
1407 2671 1643 2734 prolicere.
1681 2669 1734 2717 In
1764 2670 2001 2719 nonnullis
2033 2682 2188 2721 tamen
2208 2709 2223 2733 ,

1217 2766 1317 2814 quae
1354 2751 1411 2798 ad
1444 2755 1713 2799 severiorem
1749 2754 1951 2801 criticam
1987 2764 2224 2817 spectant,

1215 2832 1447 2879 interdum
1483 2844 1526 2880 et
1557 2836 1650 2897 ipse
1680 2833 1870 2883 labitur.

1285 2912 1350 2976 (Ξ)
1386 2910 1458 2961 De
1492 2916 1762 2980 proescript.
1806 2914 1968 2964 hoeret.
2014 2932 2115 2980 cap.
2169 2912 2228 2978 14

1216 2994 1326 3043 edit.
1359 2994 1525 3059 Rigalt.

1283 3075 1347 3139 (3)
1386 3076 1464 3124 De
1489 3076 1707 3125 doctrina
1737 3076 2006 3126 christiana
2022 3114 2038 3138 ,
2065 3079 2150 3128 lib.
2175 3096 2192 3127 ι
2209 3116 2224 3140 ,

1214 3173 1315 3220 cap.
1345 3156 1409 3224 39
1430 3194 1444 3216 ,
1477 3175 1528 3205 n.
1560 3155 1640 3219 45.

1282 3238 1348 3300 (4)
1385 3239 1484 3287 Cfr.
1522 3238 1762 3299 Fontana,
1797 3238 2084 3288 Constitutio
2109 3238 2226 3288 Um-

1215 3335 1394 3367 omu‘rus
1418 3319 1670 3384 theoloqice
1687 3330 2009 3387 propugnata,
2037 3332 2226 3378 teman,

1214 3403 1264 3449 in
1293 3419 1475 3467 propos.
1505 3419 1661 3465 mxxix,
1682 3420 1785 3468 cap.
1813 3419 1830 3451 ι
1854 3413 1941 3453 et2
1959 3439 1975 3463 ,
2002 3421 2106 3468 pag.
2125 3398 2226 3463 584

1215 3492 1260 3532 et
1286 3500 1414 3550 seqq.
