2502 4134
262 137 381 197 512

883 163 1081 201 TRAc‘r.
1129 158 1198 201 ΒΕ
1243 164 1394 204 Locis
1438 167 1818 210 winomalcls.

343 302 482 364 253.
531 305 619 364 Ad
664 303 784 363 haec
832 304 1087 380 accedit,
1145 306 1341 388 plures
1386 306 1461 367 ab
1506 310 1754 372 Ecclesia
1800 315 2081 378 catholica
2127 320 2398 380 articulos

262 400 414 461 tradi
440 446 457 476 a
488 400 589 481 qui
618 398 694 457 ad
728 398 914 460 bonas
937 413 1093 462 artes
1124 403 1534 485 provehendas
1563 407 1805 468 mirifice
1829 413 2137 474 conferunt
2157 461 2172 491 ,
2210 421 2405 495 cujus-

261 496 423 557 modi
467 506 607 553 sunt
647 517 782 577 quae
831 496 1059 557 cultum
1107 509 1419 560 externum
1470 500 1699 584 aliaque
1744 503 1808 563 id
1843 526 2028 586 genus
2071 511 2401 592 attingunt3

262 590 474 674 quibus
516 591 910 671 factum-est,
960 605 1024 652 ut
1065 598 1332 676 pictura,
1378 596 1802 673 architectura,
1858 604 2138 663 statuaria
2164 628 2405 689 ⁴semper

261 687 480 748 fuerint
510 687 754 748 excultae
779 735 795 764 7
845 711 1226 773 summosque
1258 693 1412 753 viros
1452 695 1662 775 quovis
1695 707 1963 779 tempore
1995 699 2310 762 extulerint
2334 703 2407 763 de

260 784 562 846 aesthetica
609 786 832 868 optime
883 788 1123 846 meritos
1163 787 1273 869 (l).
1332 789 1487 862 Quid
1534 790 1621 855 de,
1654 790 1996 874 linguarum
2031 796 2408 859 orientalium

260 881 456 941 studio
498 881 720 951 dicamq
775 904 1027 965 quarum
1065 883 1348 967 pleraque
1385 900 1776 947 monumenta
1819 891 1883 947 in
1920 890 2168 951 Ecclesia
2207 892 2410 954 catho-

260 978 374 1039 lica
410 991 752 1041 conservata
778 992 947 1056 sunt,
995 980 1324 1064 quibusque
1359 982 1692 1066 impensam
1738 1007 1972 1069 semper
2010 987 2120 1050 viri
2155 990 2410 1070 insignes

260 1075 558 1137 dederunt
605 1097 847 1158 operam
889 1077 1025 1156 (2)?
1078 1078 1294 1138 Eodem
1334 1101 1574 1161 prorsus
1619 1082 1797 1141 modo
1850 1081 2188 1144 dicendum'
2216 1095 2305 1144 est
2339 1085 2412 1147 de

263 1172 646 1253 archaeologia
695 1195 854 1234 sacra
892 1187 951 1234 et
995 1175 1277 1258 profana,
1327 1176 1402 1236 de
1445 1176 1910 1261 palaeographia,
1959 1182 2407 1258 numismatica‚

263 1270 641 1354 epigraphia‚
695 1283 808 1332 etc.
862 1294 994 1354 quae
1042 1273 1105 1331 in
1147 1274 1396 1353 gratiam
1449 1286 1508 1334 et
1549 1275 1929 1335 commodum
1983 1278 2312 1340 christianae
2353 1292 2414 1341 et

263 1366 562 1427 catholicae
611 1366 783 1444 fidei‚
832 1370 1036 1450 quavis
1075 1381 1249 1429 aetate
1289 1369 1425 1431 altae
1464 1383 1604 1430 sunt
1643 1384 1703 1432 et
1738 1373 2172 1434 incrementum
2210 1376 2414 1457 ingens

264 1475 618 1546 acceperunt
661 1464 770 1545 (3).
817 1464 982 1526 Idem
1039 1466 1103 1525 in
1151 1468 1358 1548 primis
1411 1467 1636 1527 adstrui
1679 1468 1753 1528 de
1794 1471 2143 1551 geographia
2178 1493 2414 1532 necesse

265 1572 391 1636 est,
444 1580 573 1643 quae
622 1582 841 1643 nempe
881 1583 955 1621 ex
1002 1565 1542 1622 mz‘ssionariorum
1589 1575 1929 1623 nostrorum
1971 1567 2411 1627 excursionibus

265 1658 564 1740 superiore
617 1669 786 1718 aetate
826 1660 1084 1718 maxime
1120 1659 1382 1717 innotuit
1415 1659 1527 1740 (4).

345 1753 488 1815 254.
536 1755 606 1813 Et
651 1752 778 1814 ‘haec
828 1753 1072 1836 quidem
1122 1756 1383 1822 directe‚·
1437 1776 1644 1814 verum
1701 1755 1861 1815 haud
1906 1757 2119 1816 minori
2162 1758 2414 1819 efficacia
2470 1799 2473 1802 -

265 1850 648 1910 scientiarum
681 1871 1056 1930 progressum
1115 1848 1260 1909 fides
1298 1850 1589 1908 indirecte
1643 1852 1942 1933 promovit
1978 1874 2045 1911 ac
2079 1865 2413 1935 promovet.

267 1947 417 2005 Cum
458 1945 619 2004 enim
647 1944 930 2005 catholica
962 1945 1107 2005 fides
1136 1944 1328 2007 veluti
1355 1965 1673 2006 commune
1709 1959 1982 2007 centrum
2011 1948 2086 2008 sit
2104 1994 2122 2025 .,
2164 1950 2226 2008 in
2255 1950 2414 2032 quod

266 2041 639 2103 ethnicorum
694 2054 755 2102 et
797 2041 1162 2120 infidelium,
1208 2042 1573 2122 judaeorum,
1622 2043 2034 2104 haereticorum
2055 2091 2071 2120 .,
2124 2045 2415 2107 schisma-

336 2280 402 2343 (l)
437 2280 538 2329 Hoc
562 2282 684 2329 inter
713 2290 863 2330 cetera
900 2280 1156 2329 ostendunt
1183 2297 1302 2346 prae-

268 2366 550 2413 stantissima
565 2382 700 2429 opera
714 2365 1078 2413 clarissimorum
1094 2368 1300 2413 virorum

268 2446 409 2496 Joan.
423 2446 808 2508 Winckelmann,
825 2447 851 2496 J
856 2465 961 2497 oan.
979 2448 1112 2512 Bapt.
1131 2448 1302 2514 Aloysii

269 2529 452 2595 Georgii
465 2527 647 2599 Seroux
663 2530 966 2596 d’Agincourt
979 2569 992 2590 ‚
1017 2540 1064 2580 et
1078 2531 1302 2597 Leopoldi

270 2611 560 2679 Cicognara‚
615 2616 695 2680 qui
738 2615 929 2679 picturae
971 2624 1017 2663 et
1056 2615 1302 2680 sculpturae

270 2695 514 2745 historiam
538 2715 563 2744 a
586 2700 681 2745 suis
712 2699 855 2745 initiis
878 2716 1026 2764 usque
1045 2698 1104 2746 ad
1122 2707 1302 2747 aetatem

270 2788 478 2828 nostram
524 2779 839 2844 perduxerunt
892 2767 1304 2846 monumentisque

273 2867 535 2929 omnigenis
563 2865 884 2928 illustrarunt3
914 2866 1136 2930 pleraque
1167 2881 1303 2928 porro

271 2946 372 2995 haec
411 2958 718 2996 monumenta
759 2948 817 2996 ad
863 2966 963 2997 rem
1004 2944 1304 2996 christianam

273 3042 499 3097 spectant.
535 3030 664 3080 Idem
697 3034 774 3080 dic
805 3032 864 3081 de
893 3033 1084 3081 historia
1111 3034 1305 3097 picturae

273 3113 350 3164 Cl.
383 3114 559 3181 Aloysii
589 3115 734 3164 Lanzi
762 3112 871 3165 S.J.
903 3134 1003 3182 quae
1033 3117 1204 3180 pariter
1225 3135 1307 3182 pa-

274 3198 430 3246 tefacit
453 3236 466 3258 ,
518 3208 754 3264 quantum
805 3199 1051 3247 contulerit
1098 3198 1305 3247 Ecclesia

276 3279 506 3328 catholica
554 3281 612 3329 ad
661 3282 760 3347 ejus
807 3298 1071 3346 progressus
1111 3291 1156 3329 et
1192 3297 1307 3346 aug-

277 3373 509 3411 mentum.

346 3446 413 3510 (2)
451 3445 590 3495 Certe
623 3457 930 3496 monumenta
959 3446 1129 3511 linguae
1157 3449 1306 3511 copti-

277 3544 341 3578 cae
361 3567 374 3589 ‚
412 3529 581 3593 linguae
626 3533 810 3595 syriacae
832 3565 846 3588 ‚
890 3530 1140 3578 chaldaicae
1164 3567 1178 3589 ‚
1210 3539 1304 3579 etc.

278 3629 385 3678 quae
413 3618 693 3678 supersunt,
714 3630 769 3660 ac
785 3613 982 3677 proinde
1005 3611 1191 3661 illarum
1208 3623 1308 3661 stu-

279 3694 410 3743 dium
437 3705 482 3744 et
508 3694 688 3744 cultura
720 3705 800 3744 aut
828 3698 963 3745 unice
981 3734 994 3756 ,
1029 3706 1109 3744 aut
1139 3712 1308 3759 magna

1387 2281 1550 2330 saltem
1575 2299 1630 2330 ex
1661 2290 1790 2346 parte
1811 2281 2050 2331 catholicae
2064 2281 2171 2330 fidei
2187 2283 2236 2330 in
2254 2298 2418 2346 accep-

1387 2366 1444 2413 tis
1480 2363 1722 2413 referenda
1761 2375 1899 2427 sunt3
1939 2364 2198 2431 polyglottae
2235 2365 2417 2414 biblicae

1388 2466 1443 2497 ex
1460 2447 1724 2496 missalibus
1735 2483 1749 2507 ‚
1772 2438 2056 2512 euchologiis
2072 2447 2264 2514 aliisque
2278 2448 2416 2496 litur-

1388 2532 1498 2596 gicis
1536 2530 1701 2590 libris,
1743 2530 1903 2596 quoad
1934 2531 2017 2579 has
2055 2531 2270 2596 linguas,
2311 2542 2420 2579 sunt

1389 2613 1611 2662 confectae
1631 2630 1728 2660 non
1750 2615 1946 2661 minima
1969 2631 2023 2662 ex
2052 2624 2203 2680 parte.
2225 2612 2420 2679 Semper

1388 2694 1471 2744 bas
1518 2696 1697 2761 linguas
1741 2695 2045 2745 excoluerunt
2091 2696 2317 2746 Catholici
2367 2699 2419 2745 in

1392 2780 1667 2827 missionum
1719 2779 1952 2844 gratiam,
1999 2798 2115 2847 quas
2155 2780 2280 2845 apud
2317 2778 2417 2827 illas

1389 2871 1547 2927 gentes
1578 2872 1899 2927 susceperunt.

1462 2943 1526 3009 (3)
1564 2943 1850 2993 Immortalia
1889 2962 2070 3010 semper
2105 2953 2239 2992 erunt
2278 2957 2417 3007 opera

1391 3029 1545 3090 Bosii,
1579 3028 1822 3095 Aringhii,
1860 3028 2093 3091 Boldetti‚
2127 3026 2276 3088 Lupi,
2322 3025 2419 3073 Ma-

1392 3114 1586 3176 rangoni
1605 3148 1618 3170 ‚
1653 3111 1902 3172 Muratori‚
1924 3110 2173 3167 Zaccariae‚
2206 3107 2418 3158 Morcelli

1393 3196 1687 3262 aliorumque
1721 3212 1890 3260 magno
1917 3210 2140 3252 numero,
2170 3209 2277 3260 quae
2319 3193 2419 3243 sru-

1394 3292 1483 3329 stra
1516 3281 1641 3346 apud
1668 3280 1977 3328 Protestantes
2008 3293 2204 3343 quaeras.

1462 3363 1532 3427 (14)
1571 3362 1670 3411 Cfr.
1700 3360 1844 3411 Card.
1871 3360 2033 3420 Zur-la,
2061 3365 2112 3415 in
2140 3359 2411 3409 Dissertaz.

1394 3445 1475 3493 dei
1502 3446 1733 3510 vantaqqi
1756 3443 1886 3492 dalla
1912 3443 2134 3492 cattolica
2164 3442 2411 3509 Reliqione

1390 3528 1600 3576 derivati
1637 3525 1734 3574 alla
1764 3527 2005 3591 qeoqrafia
2032 3544 2057 3575 e
2087 3528 2279 3575 scienze
2320 3542 2414 3574 an-

1391 3627 1557 3672 nesae,
1591 3609 1741 3658 Roma
1777 3607 1927 3659 1822.
