2502 4134
284 72 413 132 462

923 95 1123 132 TRACT.
1154 97 1222 132 ΒΕ
1266 97 1418 134 Locts
1461 98 1838 140 THEOLOGIGIS.

385 239 522 300 177.
573 238 761 297 Nimis
791 248 1033 319 praestat
1064 237 1401 320 expendere
1428 240 1703 322 exempla
1724 286 1741 315 .,
1790 243 2001 324 quibus
2027 268 2149 306 rem
2182 246 2442 308 illustrat

292 334 661 396 HermesiuS.
697 334 780 391 Ex
811 334 1001 414 posito
1033 356 1310 416 supremo
1353 334 1701 395 moralitatis
1735 341 2073 423 principio(
2107 343 2263 426 quod
2299 364 2443 404 con-

293 433 449 491 tinet
490 431 668 489 etiam
710 431 1133 511 obliyationem
1181 429 1503 492 adhibendi
1549 432 1743 493 media
1782 428 2104 498 necessaria
2149 440 2225 499 ad
2269 439 2441 500 illum

294 528 475 586 finem
504 526 528 606 )
557 536 765 607 suapte
789 528 1172 608 consequitur
1194 573 1209 601 ,
1236 528 1297 586 1ο
1322 529 1581 606 officium
1611 530 1957 589 absolutam
1972 575 1993 604 ,
2018 554 2134 614 quo
2164 545 2443 597 tenemur

291 622 372 684 ad
405 624 586 684 vitam
615 624 869 706 proximi
898 624 1222 704 praesertim
1252 624 1690 711 periclitantem
1719 625 1881 685 omni
1908 648 2018 709 ope
2052 633 2399 692 servandam
2420 679 2436 708 ,

295 732 440 803 puta
466 766 483 796 .‚
515 722 761 803 siquem
790 721 1095 782 videamus
1111 722 1178 780 in
1201 722 1366 804 aquis
1383 727 1633 801 jamJam
1646 745 1708 783 se
1735 722 2214 804 submergentem
2235 751 2251 802 .·‚
2276 730 2440 812 atqui

216 849 218 852 v
293 817 404 875 nisi
435 828 579 877 tunc
610 819 1037 877 admitteretur
1063 839 1183 898 pro
1230 839 1364 877 vero
1403 821 1814 879 testimonium
1858 842 2143 880 sensuum
2172 834 2442 884 caterno-

291 935 480 987 rum,
541 917 786 996 quinam
830 913 916 972 illi
960 936 1229 997 unquam
1279 926 1478 997 posset
1525 915 1714 975 officio
1755 916 2066 986 satisfieri?
2118 919 2265 999 Ergo
2305 919 2442 981 licet

291 1014 600 1082 theoretice
638 1011 925 1070 dubitari
964 1031 1196 1091 semper
1232 1012 1302 1069 de
1346 1012 1638 1091 ejusmodi
1669 1015 1999 1074 testimonio
2036 1024 2245 1092 queat,
2290 1015 2441 1075 ratio

275 1109 568 1186 practica
605 1106 860 1188 imponit
895 1117 1039 1165 tunc
1085 1106 1341 1165 officium
1377 1108 1746 1166 admittendi
1769 1130 1889 1188 pro
1925 1130 2060 1169 vero
2098 1108 2246 1168 illud
2282 1110 2445 1170 testi·

293 1203 561 1262 monium
585 1204 695 1283 (1).
724 1202 797 1260 20
823 1203 1099 1281 Officium
1125 1204 1467 1262 ahsolutum
1491 1204 1675 1264 vitam
1701 1215 1967 1263 nostram
1999 1206 2216 1264 mediis
2240 1209 2439 1265 omni-

289 1301 405 1359 hus
435 1297 859 1371 conservandi3
904 1298 1102 1380 atqui,
1139 1298 1252 1357 nisi
1287 1298 1449 1380 quiS‚
1495 1298 1639 1357 dum
1674 1300 2047 1375 infirmatur,
2098 1302 2442 1361 admitteret

283 1417 403 1475 pro
464 1417 633 1468 vero,
683 1396 982 1454 medicum
1045 1396 1261 1453 habere
1313 1399 1631 1454 scientiam
1673 1399 2075 1455 necessariam
2091 1439 2113 1468 ,
2173 1418 2238 1454 ac
2286 1398 2439 1456 mcl-

291 1494 418 1551 lam
449 1495 816 1551 voluntatem
837 1492 1139 1563 necandi,
1165 1512 1473 1572 nunquam
1490 1501 1685 1572 posset
1705 1491 2033 1550 satisfacere
2058 1491 2248 1550 officio
2268 1537 2283 1566 ,
2316 1514 2434 1574 quo

290 1588 546 1649 alienam
584 1609 759 1670 opem
804 1609 873 1647 eo
910 1588 972 1646 in
1001 1608 1137 1646 casu
1179 1597 1414 1646 tenetur
1458 1584 1762 1646 adhibere.
1798 1588 1975 1666 Erg0‚
2015 1589 2247 1648 tametsi
2276 1609 2435 1648 sem-

290 1707 398 1768 per
444 1687 754 1745 theoretice
792 1683 1062 1744 dubitare
1107 1693 1283 1764 queat
1327 1680 1403 1742 de
1451 1682 1691 1741 scientia
1731 1703 1797 1741 ac
1838 1682 2146 1743 honestate
2183 1682 2428 1759 medici,

287 1780 471 1843 debet
483 1802 556 1842 ex
564 1785 858 1860 practicoe
866 1779 1110 1839 rationis
1125 1778 1373 1860 imperio
1387 1788 1708 1859 utrumque
1722 1778 2039 1838 admittere
2042 1799 2160 1859 pro
2177 1800 2309 1838 vero
2323 1780 2432 1861 (2).

284 2048 344 2095 ad
389 2047 518 2095 hunc
562 2042 881 2111 syllogismum
927 2043 1132 2091 revocari
1179 2040 1317 2090 facile

285 2147 420 2196 posse
440 2167 454 2190 ‚
489 2125 629 2176 nohis
655 2129 808 2175 visum
832 2135 915 2175 est.
943 2123 1033 2173 Hic
1062 2142 1197 2190 porro
1223 2126 1319 2190 pri-

288 2231 419 2261 mum
456 2212 651 2260 adnotes
684 2209 857 2266 velim,
898 2209 1125 2261 rationem
1164 2222 1318 2254 mora-

283 2295 375 2344 lem
405 2312 483 2343 seu
506 2294 782 2360 practicam
813 2307 1062 2356 nunquam
1092 2289 1316 2338 essecri-

284 2381 456 2429 terium
488 2393 622 2443 posse
654 2375 950 2425 certitudinis
982 2389 1038 2422 ac
1075 2375 1313 2433 veritatis,

286 2461 366 2511 sed
416 2461 507 2509 hoc
554 2462 655 2526 jam
709 2474 1091 2524 praesupponere.2
1149 2454 1316 2504 Omnis

285 2548 459 2612 quippe
496 2542 765 2601 certitud0‚
809 2560 916 2591 cum
955 2560 981 2590 a
1019 2542 1314 2606 persuasione

284 2629 422 2676 firma
466 2644 519 2675 ac
571 2624 870 2685 rationabili,
910 2627 1011 2672 sine
1057 2623 1314 2672 formidine

286 2712 511 2777 oppositi,
551 2709 838 2775 producatur
859 2742 874 2767 ,
916 2707 1055 2755 debet
1085 2724 1112 2754 a
1140 2707 1315 2754 ratione

284 2793 537 2842 theoretica
564 2807 777 2853 manare3
805 2799 852 2839 et
869 2788 1103 2855 quidquid
1121 2789 1313 2836 demum

283 2878 399 2924 ratio
409 2876 632 2942 practica
655 2874 829 2923 directe
853 2872 927 2921 vel
948 2871 1175 2920 indirecte
1200 2888 1315 2936 prae-

284 2962 475 3019 scribit,
517 2967 708 3007 eatenus
742 2954 966 3005 validum
999 2972 1096 3004 esse
1130 2964 1309 3020 potest,

286 3053 517 3108 quatenus
550 3040 807 3089 theoretica
833 3042 952 3088 ratio
985 3038 1103 3086 illud
1130 3040 1202 3086 uti
1233 3055 1312 3087 ve-

285 3142 393 3172 rum
421 3142 476 3173 ac
498 3124 620 3174 reale
643 3123 822 3186 habet3
860 3139 991 3171 secus
1016 3121 1160 3170 homo
1184 3139 1314 3170 nun-

285 3225 428 3273 quam
455 3225 503 3256 se
531 3207 765 3255 moraliter
795 3205 1067 3255 obstrictum
1098 3205 1307 3253 sentiret.

286 3288 405 3353 Ergo
442 3291 555 3337 ratio
582 3290 807 3354 practica
844 3287 911 3335 nil
947 3304 1029 3352 per
1063 3303 1110 3334 se
1145 3284 1314 3334 addere

285 3384 435 3439 potest
474 3376 597 3421 circa
639 3375 876 3421 veritatem
915 3370 1194 3437 objectivam
1239 3387 1313 3419 re-

287 3475 391 3506 rum
408 3494 422 3518 ‚
446 3474 548 3523 quae
568 3473 736 3521 nempe
751 3466 831 3504 aut
845 3466 996 3511 certa,
1028 3465 1109 3503 aut
1129 3453 1310 3515 dubia,

285 3551 367 3591 aut
376 3539 647 3608 probabilis
666 3551 824 3589 manet
841 3578 854 3601 ‚
889 3550 1027 3606 prout
1051 3541 1167 3589 ratio
1183 3539 1311 3587 theo-

286 3626 428 3672 retice
456 3623 654 3690 judicat.
681 3621 745 3671 Ac
776 3624 929 3687 ipsum
966 3622 1197 3688 judicium
1231 3638 1308 3670 re-

1397 2040 1607 2106 flexum,
1642 2058 1737 2108 quo
1765 2039 2072 2089 theoreticam
2105 2058 2184 2089 seu
2219 2042 2434 2107 specula-

1403 2126 1553 2172 tivum
1589 2123 1791 2172 dubium
1819 2124 2047 2172 directum
2077 2140 2195 2189 saepe
2224 2124 2431 2173 tollimus

1404 2217 1448 2256 et
1488 2209 1692 2273 practica
1730 2209 1972 2257 securitate
2004 2225 2283 2272 operamur,
2314 2226 2431 2258 num

1403 2308 1499 2339 non
1540 2290 1847 2338 theoreticam
1882 2300 1981 2350 est,
2019 2301 2064 2339 et
2094 2293 2145 2338 in
2175 2293 2270 2355 ipsa
2302 2290 2430 2339 theo—

1403 2375 1555 2422 retica
1588 2375 1766 2422 ratione
1792 2376 1886 2421 vim
1913 2376 2054 2423 exerit
2082 2373 2431 2440 persuadendi?

1467 2455 1538 2522 (l)
1577 2455 1688 2505 Loc.
1734 2459 1815 2506 cit.
1861 2474 1965 2523 pag.
2007 2471 2122 2524 227.
2170 2454 2329 2518 Vere,
2365 2459 2432 2506 ait

1405 2539 1669 2588 Hermesius
1684 2576 1697 2599 ,
1720 2541 1843 2587 ratio
1864 2539 2118 2589 theoretica
2133 2542 2190 2588 in
2208 2539 2294 2588 hoc
2311 2555 2430 2589 casu

1400 2623 1457 2672 ob
1483 2639 1623 2671 suam
1641 2626 1968 2671 necessitatem
1997 2620 2431 2689 comprehendendi

1400 2708 1595 2773 estjam
1632 2708 1915 2754 necessitato
1946 2705 2013 2754 ad
2042 2705 2302 2754 tenendum
2329 2721 2423 2770 pro

1400 2788 1525 2839 reali
1562 2787 1717 2850 illud,
1764 2789 1889 2854 quod
1927 2805 2016 2838 noe
2046 2805 2140 2856 per
2174 2796 2424 2836 externum

1398 2889 1591 2921 semum
1608 2873 1873 2920 intuemur.
1899 2867 2020 2928 Sed,
2046 2871 2201 2929 addit,
2221 2868 2307 2917 hoc
2322 2886 2423 2918 non

1397 2953 1644 3004 exclude-re
1660 2955 1985 3003 necessitatem
1995 2952 2286 3001 admittendi
2299 2951 2424 3000 illud

1390 3054 1484 3104 pro
1515 3051 1627 3086 vero
1657 3054 1715 3085 ea·
1752 3036 1928 3086 morali
1953 3036 2128 3102 officio,
2146 3037 2263 3099 quia
2283 3036 2423 3083 iniis

1398 3122 1779 3172 circumstantiis
1809 3136 1993 3186 semper
2016 3126 2172 3184 potest
2205 3120 2422 3167 rationa-

1398 3203 1559 3252 biliter
1609 3203 1729 3269 (mit
1760 3202 1954 3264 Grund)
1988 3200 2209 3249 dubitari
2242 3201 2422 3250 theore-

1400 3289 1492 3337 tice
1519 3286 1576 3335 de
1605 3287 1862 3335 veracitate
1881 3284 2012 3332 illius
2031 3287 2348 3348 sen-sationis,
2371 3301 2429 3333 ac
2497 3297 2499 3301 ·

1400 3379 1564 3418 utrum
1599 3387 1654 3418 ea
1694 3367 1944 3418 sensibilis
1977 3370 2190 3432 coqm'tio
2226 3385 2325 3417 non
2365 3369 2431 3416 sit

1398 3454 1503 3501 πίει·
1531 3468 1664 3500 mera
1696 3449 1890 3512 illusio,
1926 3469 2030 3516 pag.
2052 3448 2167 3500 228.

1468 3536 1533 3601 (2)
1571 3535 1671 3583 Hoc
1698 3535 1880 3602 aliaque
1901 3533 2043 3602 hujus
2067 3539 2247 3602 generis
2273 3553 2426 3585 exem-

1398 3619 1473 3685 pla
1492 3656 1504 3680 ,
1537 3634 1642 3686 quae
1665 3618 1802 3668 affert
1832 3618 2102 3669 Hermesius
2119 3620 2133 3683 (
2152 3637 2225 3668 ex.
2248 3637 2317 3685 gr.
2343 3633 2425 3666 nos
