2502 4134
271 172 392 232 502

815 217 820 222 .
866 190 1065 228 TRACT.
1115 192 1183 227 DE
1227 191 1377 229 touls
1422 193 1800 234 THROLOGIGIS.

274 336 596 398 madvertit
606 337 662 395 S.
679 333 932 394 Thomas
947 333 1056 415 (l).
1075 333 1200 394 Hoc
1216 333 1538 395 declaravit
1549 355 1821 416 expresse
1839 338 2103 420 Synodus
2131 340 2318 400 Later.
2338 341 2403 412 V„

271 433 386 492 illis
432 430 624 493 verbis
660 452 673 488 :
714 430 984 510 Cumque
1018 451 1233 489 verum
1270 452 1405 490 vero
1446 434 1702 490 minime
1734 435 2134 506 contradicat,
2173 458 2407 495 omnem

271 531 659 588 assertionem
700 528 946 584 veritati
967 526 1119 605 fidei
1145 530 1559 602 contrariam,
1598 531 1845 586 omnino
1865 529 2095 605 falsam
2127 553 2242 591 esse
2272 533 2410 611 defi-

275 628 484 683 nimus
514 624 626 706 (2).
664 625 788 683 Hoc
812 622 1054 683 demum
1088 624 1284 706 ipsum
1324 646 1430 683 nos
1457 645 1691 706 quoque
1726 623 1784 682 in
1818 635 1945 682 toto
1973 625 2437 706 praelectionum·

283 731 621 779 nostrarum
659 719 940 794 decursa,
982 718 1084 778 ubi
1115 719 1189 780 de
1230 720 1519 800 mysteriis
1546 719 1683 779 fidei
1717 730 1935 780 nostrae
1965 719 2302 800 singillatim
2325 736 2415 785 est

276 829 511 890 actum.>
555 817 842 877 conficere
881 815 1071 876 adnisi
1110 839 1336 876 sumus,

1093 1008 1581 1051 DIFFICULTATES.

361 1164 503 1225 239.
554 1162 688 1243 Obj.
716 1165 930 1247 prima.
964 1162 1139 1223 Nulla
1157 1163 1285 1224 dari
1301 1169 1489 1243 major
1515 1165 1808 1247 oppositio
1826 1175 2021 1246 potest
2043 1186 2223 1248 quam
2246 1164 2424 1227 fidem

284 1263 440 1320 inter
482 1282 549 1319 ac
592 1261 900 1320 rationem.
945 1261 1098 1319 Nam
1142 1262 1206 1319 10
1250 1259 1417 1319 Fides
1462 1271 1552 1320 est
1597 1281 1782 1321 caecus
1825 1283 2097 1329 assensus
2140 1260 2422 1340 objectiS,

288 1360 349 1418 in
397 1357 608 1439 quibus
656 1356 746 1417 nil
791 1357 941 1416 ratio
984 1355 1262 1437 intelligit
1306 1378 1371 1416 ac
1408 1355 1588 1417 videt.
1636 1358 1802 1416 Ratio
1845 1370 2044 1417 autem
2082 1359 2322 1440 nonnisi
2361 1359 2425 1418 in

293 1453 592 1515 evidentia
621 1453 895 1535 quiescit,
934 1464 1113 1535 atque
1153 1451 1484 1512 absolutum
1501 1458 1598 1531 jus
1622 1453 1801 1513 habet
1826 1466 2035 1513 cuncta
2060 1455 2426 1537 inquisitioni

287 1571 405 1611 suae
458 1549 784 1624 subdendi,
823 1561 892 1609 ut
933 1549 1008 1608 de
1051 1549 1302 1610 veritate
1348 1560 1450 1607 aut
1492 1570 1689 1631 errore
1738 1550 2125 1610 novissimum
2169 1551 2436 1632 proferat

284 1646 598 1727 judicium.
645 1647 712 1704 20
765 1646 919 1705 Hinc
965 1645 1103 1704 satis
1146 1644 1429 1705 celebrari
1470 1656 1814 1726 nequeunt,
1874 1645 1976 1727 qui
2015 1647 2435 1726 cogitationem

288 1741 759 1826 philosophicam
791 1740 866 1800 ab
904 1741 1265 1800 auctoritatis
1303 1745 1445 1820 jugo
1473 1739 1849 1821 emancipare
1878 1743 2074 1801 conati
2105 1753 2279 1817 sunt,
2319 1764 2437 1825 quo

292 1838 513 1897 factum
550 1848 678 1913 est,
714 1848 780 1896 ut
821 1836 1031 1919 cuique
1071 1838 1199 1915 jam
1240 1836 1542 1917 integrum
1580 1836 1657 1894 sit
1691 1834 1765 1895 de
1799 1836 2026 1916 magnis
2056 1835 2174 1896 illis
2205 1836 2438 1920 proble-

291 1932 550 1992 matibus
570 1978 586 2008 ,
639 1951 769 2015 quae
803 1934 1030 2006 Deum,
1062 1931 1378 1991 hominem
1420 1951 1487 1990 ac
1531 1941 1812 1990 naturam
1844 1932 2167 2013 respiciunt
2188 1978 2206 2009 ,
2253 1931 2440 1993 libere

292 2028 683 2112 disceptandi.
717 2029 783 2088 30
820 2027 887 2087 Id
929 2050 1102 2103 vem,
1145 2028 1291 2110 quin
1317 2027 1499 2086 ullam
1527 2027 1894 2111 impietatem
1917 2028 2180 2091 redoleat
2201 2075 2216 2104 ,
2252 2032 2441 2090 Deum

292 2125 491 2208 ipsum
516 2125 758 2184 rationis
786 2136 1092 2184 auctorem
1114 2122 1345 2184 extollit
1365 2170 1382 2200 ,
1411 2125 1636 2207 quippe
1667 2145 1736 2184 ea
1761 2124 1884 2185 sola
1905 2124 2241 2186 obedientia
2261 2126 2441 2186 ratio-

296 2219 512 2280 nabilis
538 2232 628 2281 est
650 2268 665 2297 ,
692 2242 807 2302 qua
825 2221 974 2280 ratio
994 2219 1220 2301 legibus
1245 2221 1536 2302 certisque
1554 2220 1859 2304 principiis
1882 2223 2002 2281 suis
2016 2221 2187 2282 unice
2208 2220 2442 2284 obtem-

296 2327 467 2400 perat
501 2316 611 2397 (3).
641 2318 809 2396 Ergo,
1859 2315 1861 2317 ’

375 2539 443 2604 (1)
479 2537 649 2588 Contr.
681 2547 812 2603 yent.
847 2539 934 2589 lib.
954 2556 993 2600 1,
1019 2549 1118 2588 toto
1143 2556 1247 2605 cap.
1272 2556 1299 2606 7
1317 2577 1328 2597 ,

305 2621 386 2670 ubi
412 2623 503 2672 hoc
529 2625 716 2688 copiose
746 2623 934 2671 evolvit.
956 2621 1074 2671 Satis
1102 2623 1179 2670 hic
1197 2621 1333 2670 nobis

1419 2549 1531 2587 tom.
1555 2556 1634 2588 xix
1657 2576 1669 2599 ,
1703 2539 1792 2587 col.
1830 2537 1953 2602 842.
1990 2539 2182 2588 Editum
2214 2556 2350 2606 porro
2372 2550 2441 2590 est

1417 2621 1510 2670 hoc
1538 2622 1779 2670 decretum
1811 2622 2030 2670 adversus
2058 2622 2358 2689 philosophos
2381 2621 2441 2670 il-

304 2707 364 2753 sit
391 2722 444 2754 ea
473 2705 727 2767 adducere,
763 2723 865 2772 quae
893 2705 1035 2755 habet
1065 2724 1118 2754 n.
1156 2721 1175 2753 1
1212 2723 1227 2753 ε
1250 2702 1334 2752 Ea

305 2789 475 2848 enim,
512 2790 670 2855 inquit
689 2826 703 2848 ‚
745 2805 855 2853 quoe
890 2787 1185 2836 naturaliter
1221 2796 1338 2836 aunt

305 2872 488 2933 imita,
516 2873 770 2919 verissima
799 2888 899 2919 ease
925 2878 1139 2933 conatat,
1166 2873 1336 2919 iman-

306 2963 410 3003 tum
434 2963 489 3002 ut
514 2971 602 3003 ‘nec
632 2971 689 3003 ea
719 2960 819 3003 'esse
844 2953 974 3018 falsa
1013 2956 1080 3002 sit
1106 2954 1338 3021 possibile

306 3040 545 3103 coqitare3
583 3054 671 3086 ‘nec
707 3038 762 3085 id
800 3038 927 3103 quod
964 3038 1061 3102 fide
1108 3046 1334 3101 tenetur,

305 3139 419 3168 cum
462 3130 562 3169 tam
600 3121 847 3170 evidenter
885 3120 1131 3170 divinitus
1164 3123 1341 3186 confir-

309 3213 494 3252 matum
520 3206 608 3262 sit,
623 3205 705 3269 fas
722 3214 790 3253 est
805 3203 994 3253 credere
1018 3222 1115 3253 esse
1124 3205 1334 3271 salsum.

318 3285 455 3353 Quia
489 3288 643 3351 iqitur
677 3287 830 3336 colum
861 3286 1046 3352 falsum
1077 3304 1186 3336 vero
1219 3301 1337 3337 con-

310 3370 517 3415 trarium
535 3378 627 3430 est,
651 3370 948 3436 impossibile
967 3378 1037 3418 eet
1061 3369 1162 3419 illis
1183 3371 1334 3436 prin·-

312 3452 460 3516 cipiis
469 3486 485 3512 ,
503 3468 609 3515 quoe
625 3455 751 3501 ratio
766 3452 1058 3502 naturaliter
1068 3453 1333 3518 coquosoic,

307 3533 597 3599 proedictam
621 3526 870 3585 veritatem
896 3535 1014 3600 fidei
1041 3538 1338 3585 contrariam

308 3634 427 3667 esse.

378 3703 443 3767 (2)
486 3703 539 3750 lu
561 3701 751 3751 Collece.
774 3702 923 3753 Cone.
953 3703 1127 3754 Veneta
1156 3703 1332 3763 coleti,

1417 2705 1488 2754 los
1507 2743 1521 2767 ,
1552 2708 1635 2772 qui
1659 2705 2000 2769 autumabant,
2017 2722 2152 2771 posse
2166 2705 2345 2772 aliquid
2360 2721 2439 2754 ve-

1419 2807 1525 2839 rum
1550 2807 1649 2838 esse
1675 2791 1726 2837 in
1759 2789 1994 2858 theologia
2013 2826 2029 2854 ,
2050 2790 2178 2857 quod
2196 2790 2367 2839 falsum
2383 2788 2443 2836 sit

1420 2875 1472 2922 in
1509 2872 1817 2938 philosophia.
1854 2872 2059 2922 Tantum
2091 2883 2246 2922 autem
2279 2870 2410 2920 abest
2429 2908 2443 2932 ‚

1421 2966 1473 3005 ut
1499 2952 1714 3022 Synodus
1750 2956 1830 3004 illa
1865 2956 2125 3023 quidquam
2155 2973 2181 3003 a
2210 2960 2335 3001 recto
2369 2970 2443 3001 ra-

1423 3041 1562 3087 tionis
1591 3056 1679 3087 usu
1715 3039 1961 3087 adversum
2000 3037 2109 3086 fidei
2148 3037 2443 3102 pertimesce-

1423 3131 1524 3181 ret,
1567 3133 1615 3170 ut
1650 3121 1744 3170 Leo
1777 3121 1820 3169 X
1851 3132 1963 3169 tunc
1995 3119 2205 3184 pontifex
2236 3118 2443 3183 philoso-

1421 3206 1537 3271 phos
1553 3208 1694 3254 aetatis
1708 3204 1840 3253 illius
1853 3201 2064 3253 excitarit
2083 3212 2223 3269 atque
2237 3202 2446 3250 hortatus

1422 3291 1481 3336 sit
1516 3287 1575 3337 ad
1613 3288 2036 3336 demonstrationes
2066 3303 2148 3351 pro
2178 3287 2442 3334 animarum

1424 3369 1769 3419 immortalitate
1792 3385 1852 3418 ex
1873 3368 2070 3416 naturali
2094 3370 2269 3416 ratione
2296 3365 2444 3416 confi-

1421 3450 1612 3503 ciendas
1655 3462 1702 3501 et
1744 3452 1972 3500 contraria
2019 3455 2291 3517 argumenta
2343 3449 2439 3497 dis-

1421 3535 1660 3586 solvenda.

1491 3617 1564 3682 (3)
1602 3617 1713 3665 Haec
1752 3617 1943 3683 quidem
1988 3617 2168 3683 aliaque
2212 3613 2439 3682 ejusmodi

1420 3701 1551 3766 plura
1583 3700 1757 3765 profert
1787 3717 1895 3748 cum
1926 3699 2081 3748 schola
2114 3697 2439 3747 neo-eclectica
