2502 4134
287 108 411 170 234

885 129 1085 168 TRAGT.
1136 131 1206 167 ΒΕ
1249 132 1401 171 Locls
1445 134 1828 176 TnEoLOGICIS.

290 274 587 356 Scriptura
615 270 805 343 enim,
833 280 901 329 ut
928 270 1103 352 paulo
1132 283 1271 332 ante
1304 275 1667 337 ostendimus
1692 279 1783 360 (1)
1805 326 1820 355 ,
1857 279 2098 340 obscura
2126 283 2188 340 in
2215 303 2415 364 quam-

290 366 555 453 pluribus
590 366 727 423 locis
760 374 888 440 est,
936 366 1114 426 etiam
1154 369 1216 426 in
1256 368 1325 427 iis
1349 414 1366 443 .,
1406 390 1478 429 ex
1525 372 1736 454 quibus
1779 375 1910 435 fidei
1952 377 2225 438 veritates
2269 400 2420 458 pen·

289 463 435 523 dent
472 460 582 539 (2).
630 459 754 518 Nisi
788 457 1036 542 proinde
1075 462 1138 521 in
1187 462 1509 524 subsidium
1559 467 1873 529 advocetur
1909 470 2105 532 divina
2144 472 2414 548 traditio7

288 556 439 617 nihil
481 576 742 637 unquam
781 557 923 616 certi
961 557 1249 617 constabit
1268 604 1284 634 .,
1312 564 1717 622 controversiae
1748 564 2148 626 indesinenter
2175 569 2377 630 vivent
2399 613 2415 642 7

284 665 349 713 et
375 651 776 733 unusquisque
805 663 937 734 post
960 655 1166 712 inanes
1197 665 1437 714 conatus
1463 657 1524 714 in
1554 648 1728 718 sensu
1757 681 1860 719 suo
1882 660 2206 721 abundabit
2226 707 2242 736 ,
2274 664 2417 745 quin

288 748 473 831 possit
512 758 642 806 tum
677 746 791 806 sibi
844 760 974 807 tum
1016 750 1221 809 ceteris
1263 751 1683 812 certitudinem
1723 774 2084 836 comparare.
2138 757 2287 816 Talis
2318 770 2422 838 est

283 865 498 919 causa,
538 864 716 926 quare
768 843 1096 918 Sociniani‚
1137 846 1540 923 Methodistae.,
1585 848 1995 924 rationalistae‚
2048 851 2291 931 mythici
2331 864 2422 912 tot

294 941 452 1000 inter
476 941 867 1000 protestantes
891 941 1046 1000 nacti
1067 941 1289 1013 fuerint
1316 954 1627 1009 sectatores
1644 988 1660 1018 ,
1692 964 1826 1003 cum
1850 944 2010 1004 nulla
2039 946 2178 1027 ipsis
2200 946 2422 1029 reliqua

291 1037 386 1097 via
410 1037 486 1109 sit
507 1082 523 1111 .,
553 1035 769 1098 divinis
796 1035 1075 1117 neglectis
1101 1037 1513 1098 traditionibus
1533 1085 1549 1113 ‚
1576 1039 1863 1099 evadendi
1895 1039 1968 1099 ab
1991 1039 2227 1100 illorum
2249 1064 2422 1122 argu-

293 1133 509 1193 mentis
527 1178 544 1205 ,
565 1154 673 1194 nec
695 1154 790 1194 eos
811 1155 1074 1215 unquam
1100 1135 1395 1195 convictos
1414 1134 1487 1194 ad
1502 1134 1798 1194 silentium
1817 1136 2040 1218 possint
2063 1135 2290 1217 adigere
2305 1138 2416 1221 (3).

293 1227 463 1302 Quod
492 1250 630 1289 vero
661 1229 753 1288 hic
787 1228 861 1289 de
897 1228 1267 1312 dogmatibus
1297 1231 1592 1289 Trinitatis
1613 1277 1629 1306 7
1664 1233 2083 1291 Incarnationis
2110 1244 2171 1292 et
2195 1234 2424 1293 satisfa-

291 1324 509 1384 ctionis
539 1325 863 1385 affirmatur
882 1371 898 1401 ‚
929 1325 1002 1386 de
1036 1325 1403 1406 dogmatibus
1426 1326 1662 1408 reliquis
1696 1327 1809 1387 dici
1833 1327 2037 1387 eodem
2060 1332 2191 1409 jure
2217 1328 2427 1407 debet;

296 1442 430 1481 cum
452 1420 616 1480 nulla
644 1433 799 1481 certa
823 1423 1108 1504 firmaque
1143 1422 1456 1482 subsistere
1499 1434 1749 1504 queant,
1780 1422 2128 1506 nutabitque
2162 1424 2425 1506 undique

291 1516 435 1576 fides
472 1527 701 1591 nostra,
736 1528 912 1600 atque
937 1518 1126 1600 reipsa
1149 1518 1263 1578 erit
1282 1563 1297 1593 7
1330 1530 1396 1576 ut
1423 1518 1502 1576 ait
1537 1519 1593 1578 S.
1623 1518 1858 1577 Basilius
1878 1564 1894 1594 ,
1924 1523 2048 1578 sine
2074 1521 2425 1580 traditioni⁴

289 1613 403 1675 bus
432 1635 553 1673 non
577 1617 817 1693 scriptis
840 1615 1246 1694 Evanyelium
1261 1635 1506 1693 purum
1547 1635 1761 1673 nomen
1790 1614 1901 1696 (4).

362 1834 429 1899 (1)
467 1833 586 1883 Sect.
615 1851 631 1881 1
654 1871 666 1894 ‚
703 1851 805 1899 cap.
843 1849 894 1881 lu
918 1870 931 1897 ,
966 1850 1098 1899 prop.
1129 1850 1165 1881 1.

361 1917 430 1982 (2)
466 1917 725 1966 Afferamus
739 1920 906 1965 iterum
921 1954 934 1976 ,
955 1934 1056 1982 quae
1073 1916 1191 1966 ibid.
1206 1933 1315 1981 pro-

289 2002 502 2066 sequitur
528 1998 753 2047 Newman
776 2016 789 2046 ε
814 1996 1006 2054 Biblia,
1041 2001 1222 2064 inquit,
1260 2015 1316 2046 ea

289 2084 480 2130 ratione
523 2084 703 2147 scripta
743 2097 841 2129 non
877 2089 1017 2139 sunt,
1055 2089 1109 2128 ut
1148 2089 1318 2145 coqant

290 2164 504 2214 lectorem
548 2164 614 2212 ad
650 2182 814 2213 eorum
843 2181 1036 2212 sensum
1066 2181 1317 2229 assequen-

291 2247 409 2296 dum
429 2268 446 2296 .·
469 2248 594 2314 Quae
611 2264 709 2295 non
733 2249 1044 2313 reperiuntur
1058 2254 1194 2295 sectae
1203 2264 1318 2312 pro-

291 2339 537 2386 testantes,
566 2347 672 2395 quae
699 2330 990 2378 conveniant
1013 2330 1069 2376 in
1096 2329 1317 2376 determi-

291 2411 460 2461 nanda
483 2413 907 2477 interpretatione,
942 2427 1048 2475 quae
1078 2411 1319 2476 acceptari

290 2495 456 2544 debeat
469 2515 491 2556 ;
536 2504 676 2560 atque
715 2497 773 2542 in
813 2493 898 2542 hoc
938 2509 1056 2542 casu
1082 2483 1318 2557 'quoelibet

291 2587 459 2644 suapte
467 2579 723 2644 propriam
734 2575 936 2643 proefert
962 2577 1318 2642 interpretatio-

291 2679 434 2724 nem,
458 2664 713 2728 propriam
746 2662 1040 2720 doctrinam,
1062 2648 1316 2726 propriam

290 2743 542 2808 linquam,
556 2745 810 2810 propriam
836 2740 1187 2790 revelationem.
1208 2744 1315 2805 Quo

284 2827 347 2892 fit
375 2836 430 2875 ut
462 2827 563 2875 viri
584 2836 722 2876 acuto
748 2827 941 2892 inqenio
959 2825 1162 2892 proediti
1181 2824 1315 2872 vide·

292 2911 423 2972 rint,
454 2909 613 2959 ideam
635 2912 799 2975 ipsam‘
809 2907 1163 2966 elementarem,
1188 2906 1316 2972 quod

293 2991 466 3042 Biblia
484 2995 588 3042 sine
602 2988 727 3041 notis
743 3000 829 3042 aut
843 2992 1201 3041 commentariis
1215 2993 1316 3039 sint
1350 3055 1353 3056 7

290 3073 419 3122 aolus
435 3075 593 3142 judex
614 3076 985 3124 auctoritativae
1001 3075 1058 3121 in
1071 3073 1187 3139 fidei
1201 3090 1316 3122 con·

292 3158 537 3205 troversiie
553 3193 569 3219 ‚
601 3159 909 3225 principi'um
936 3173 1034 3205 esee
1063 3160 1117 3204 in
1150 3172 1197 3203 se
1229 3155 1312 3204 de-

295 3241 581 3288 structivam
601 3278 614 3301 ,
645 3258 702 3289 ac
713 3243 927 3307 practice
944 3239 1183 3289 involvere
1201 3257 1314 3288 con-

295 3319 589 3384 clusionem,
623 3323 747 3387 quod
777 3323 1039 3390 disputatio
1071 3324 1136 3370 sit
1166 3321 1317 3371 simul

297 3412 340 3452 et
353 3403 597 3471 desperata
615 3414 659 3452 et
671 3406 864 3454 inutilis
875 3442 891 3468 ,
911 3408 1009 3455 imo
1026 3413 1070 3454 et
1085 3405 1313 3454 absurda.

299 3485 478 3535 Exinde
504 3488 729 3546 ostendit,
757 3489 992 3554 quomodo
1010 3504 1068 3538 ex
1083 3489 1314 3554 ejusmodi

300 3571 526 3635 principio
558 3569 717 3618 saltem
744 3574 941 3635 practice
964 3573 1201 3637 proveniat
1226 3572 1311 3619 du·

300 3649 437 3700 bium
471 3651 712 3717 generale,
746 3652 933 3702 libertas
961 3653 1186 3703 illimitata
1218 3671 1315 3702 cre-

1396 1833 1542 1882 dendi
1565 1834 1795 1901 quidquid
1815 1834 2032 1895 libuerit,
2061 1852 2115 1883 ac
2138 1837 2213 1884 vix
2230 1836 2425 1885 tenendi

1404 1916 1698 1964 divinitatem
1723 1915 1983 1965 Bibliorum
2004 1955 2018 1978 ‚
2048 1934 2153 1983 pag.
2185 1915 2277 1981 34,
2307 1916 2391 1969 35.

1474 1996 1538 2062 (3)
1580 1997 1701 2047 Sane
1734 1997 2134 2048 protestantismus
2171 2001 2221 2047 in
2259 1998 2423 2064 Anglia

1406 2091 1450 2129 et
1477 2084 1530 2128 in
1562 2081 1774 2130 America
1804 2082 2011 2148 quotidie
2039 2081 2211 2130 diffluit
2228 2118 2241 2142 ‚
2269 2098 2322 2130 ac
2343 2098 2428 2147 pro

1403 2173 1523 2211 recta
1556 2174 1634 2210 aut
1661 2181 1797 2228 prava
1830 2167 1974 2212 animi
2002 2165 2301 2229 dispositione
2328 2164 2425 2228 ple-

1405 2248 1536 2311 rique
1559 2263 1610 2294 ex
1637 2246 1762 2294 illius
1784 2246 2082 2294 sectatoribus
2106 2247 2262 2295 autad
2286 2246 2426 2295 fidem

1406 2325 1685 2375 catholicam
1712 2344 1761 2375 se
1795 2329 2024 2392 recipiunt
2044 2364 2057 2387 ‚
2089 2329 2244 2376 autad
2265 2329 2430 2375 unita-

1406 2410 1612 2456 rismum
1636 2428 1715 2458 seu
1735 2410 2137 2458 socinianismum
2160 2408 2423 2470 declinant,

1406 2501 1514 2550 aut,
1550 2501 1602 2540 ut
1631 2493 1682 2540 in
1716 2490 1960 2541 Germania
1993 2493 2279 2557 potissimum
2310 2509 2425 2540 con-

1406 2575 1572 2640 tingit,
1609 2577 1661 2623 iu
1688 2575 2056 2624 rationalismum
2095 2592 2149 2623 ac
2183 2575 2430 2642 mythicis-

1409 2673 1542 2705 mum
1575 2667 1735 2706 ruunt.

1475 2740 1544 2804 (lt)
1559 2740 1661 2788 Lib.
1678 2739 1757 2789 De
1765 2739 1954 2806 Spiritu
1962 2736 2154 2800 Sancto,
2169 2758 2264 2805 cap.
2276 2757 2421 2800 xxvu,

1402 2840 1452 2872 n.
1474 2820 1558 2871 66.
1595 2822 1666 2869 En
1697 2826 1797 2888 ejus
1822 2822 1959 2870 verba
1995 2839 2008 2872 ς
2044 2826 2098 2871 Εἰ
2120 2819 2209 2888 γοῖρ
2246 2823 2422 2884 ἐπιχει-

1401 2901 1703 2973 ρῆσοιιμεντοῖ
1734 2902 1925 2971 ἄγραφοι
1952 2910 2031 2953 ‘rain
2061 2906 2151 2954 ἐθῶν
2178 2907 2232 2958 ὣς
2251 2902 2321 2968 μδ
2341 2926 2427 2967 με·

1401 2989 1549 3051 ‘70⁸'an
1571 2984 1735 3049 ’ἔχοντα
1759 2986 1835 3043 τήν
1865 2986 2052 3051 ἓᾶνοιμιν
2086 2988 2424 3054 παραιτεῖσθαι,

1403 3073 1625 3135 λάθοιμεν
1650 3067 1700 3120 οῗν
1725 3075 1788 3124 εἷς
1806 3071 1923 3121 aiva-02
1949 3068 2013 3120 ra*
2042 3074 2192 3136 καίρια
2219 3070 2432 3133 ζημιοῦν-

1401 3178 1476 3210 τες
1500 3153 1552 3204 τὲ
1591 3154 1856 3214 εὐαγγέλιον
1897 3167 2076 3216 μαλλον
2110 3152 2167 3203 δὲ
2198 3158 2257 3208 εἷς
2292 3151 2428 3218 ’ὄνομα

1402 3231 1539 3302 ψιλὸν
1571 3242 1879 3303 ereptio-veiim&
1914 3232 1969 3285 w}
1994 3233 2228 3303 κήρυγμα.
2268 3237 2318 3285 ld
2334 3248 2426 3297 est,

1402 3320 1464 3374 Si
1479 3320 1842 3370 consuetudines
1858 3354 1874 3381 ,
1899 3336 2004 3383 quoe
2031 3322 2207 3385 scripto
2223 3320 2429 3385 proditoe

1402 3421 1499 3454 non
1551 3412 1668 3451 eunt
1686 3438 1700 3462 ,
1766 3410 1996 3467 tanquam
2053 3402 2185 3448 haud
2231 3401 2435 3449 multum

1401 3488 1624 3536 habentes
1649 3486 1877 3533 momenti
1903 3483 2243 3549 aqqrediamur
2278 3485 2436 3548 rejice.

1401 3587 1477 3627 re,
1505 3566 1834 3636 imprudentes
1862 3565 2190 3632 Evanqelium
2234 3568 2288 3614 in
2320 3564 2439 3632 ipsis

1401 3651 1543 3701 rebus
1558 3652 1829 3718 proecipuis
1862 3649 2114 3713 loedemue,
2153 3651 2251 3697 imo
2274 3648 2438 3714 potius
