2502 4134
254 140 373 201 320
870 159 1070 197 macr.
1118 161 1189 198 m:
1233 161 1384 199 zocxs
1425 164 1807 202 ‘maome-icis.

255 304 402 364 circa
438 299 729 385 praecipua
764 297 901 358 fidei
929 298 1205 380 dogmata
1231 345 1248 375 ,
1295 322 1424 383 quae
1453 324 1489 362 a
1522 301 1990 365 protestantibus
2030 306 2094 364 in
2140 303 2389 364 dubium

253 409 522 463 revocata
540 405 710 470 sunt,
731 394 851 455 imo
873 396 958 454 uti
987 395 1235 456 totidem
1265 397 1610 478 corruptelas
1634 421 1833 460 recens
1858 401 2110 461 inductae
2139 405 2349 479 rejecta
2369 445 2387 476 ,

253 497 500 555 istorum
529 491 789 571 arguitur
814 514 846 551 a
875 492 1172 574 primaevae
1202 493 1466 553 Ecclesiae
1497 494 1611 554 fide
1644 497 1831 576 turpis
1866 496 2130 557 defectio.
2159 498 2391 557 Etenim

255 612 360 673 per
403 587 502 647 illa
546 588 784 670 patefit,
821 588 883 646 in
920 588 1085 647 nullo
1124 611 1362 670 prorsus
1404 590 1541 650 fidei
1585 590 1826 650 articulo
1870 592 2178 653 Ecclesiam
2215 595 2394 652 inno-

254 707 421 748 vasse
441 731 457 759 ,
502 683 604 744 sed
633 683 1022 744 heterodoxos
1050 685 1229 767 plane
1263 685 1338 744 ab
1368 687 1907 768 antiquaffdoctrina
1942 688 2266 750 descivisse.

339 781 483 841 479.
538 781 618 840 Ex
650 780 934 841 hactenus
964 782 1295 841 constitutis
1331 781 1405 842 de
1439 782 1767 841 traditionis
1797 783 2140 863 dogmaticae
2185 807 2391 867 cogno-

256 878 491 939 scendae
514 876 722 937 mediis
739 923 755 952 ,
780 878 904 938 sive
929 877 1294 958 generalibus
1309 879 1430 939 sive
1455 878 1900 963 particularibus
1918 925 1935 948 ,
1961 880 2213 940 infertur
2234 882 2398 940 insu-

255 998 365 1057 per
408 975 689 1036 adversus
731 974 887 1034 illius
933 997 1162 1050 osoreS,
1216 997 1473 1057 quanam
1521 977 1748 1036 ratione
1793 978 2018 1056 integra
2068 977 2401 1035 conservari

258 1070 497 1131 traditio
531 1072 821 1154 potuerit,
861 1083 921 1131 et
958 1070 1033 1130 ad
1060 1093 1166 1130 nos
1195 1093 1379 1153 usque
1407 1072 1756 1131 intemerata
1791 1071 2119 1131 dimanare.
2155 1071 2402 1132 Ecclesia

259 1168 457 1242 enim,
502 1168 594 1226 cui
634 1166 769 1226 fidei
813 1166 1150 1250 depositum
1186 1190 1218 1226 a
1254 1168 1487 1227 Christo
1523 1173 1646 1247 ejus
1683 1167 1987 1228 conditore
2024 1167 2402 1228 commissum

260 1276 350 1325 est
383 1263 637 1324 fideliter
667 1262 1154 1339 custodiendum,
1196 1263 1395 1324 divina
1429 1286 1539 1347 ope
1571 1264 1719 1324 freta
1757 1265 1978 1347 optime
2017 1284 2263 1323 munere
2299 1285 2403 1323 suo

260 1362 460 1420 functa
491 1370 581 1420 est
615 1360 680 1419 in
726 1381 792 1419 ea
845 1359 1130 1435 tutanda,
1178 1383 1302 1418 non
1350 1382 1514 1420 secus
1548 1382 1613 1420 ac
1650 1361 1989 1443 praestiterit
2024 1361 2172 1420 circa
2203 1358 2404 1419 Libros

258 1479 471 1518 sacros
514 1458 928 1539 .Praepostera,
973 1457 1063 1515 uti
1101 1455 1392 1531 vidimuS,
1442 1456 1773 1516 traditionis
1818 1458 2013 1533 notin,
2066 1478 2246 1537 quam
2294 1454 2405 1514 sibi

262 1556 666 1613 Protestantes
702 1554 1039 1628 finxerunt,
1076 1574 1244 1613 causa
1276 1553 1504 1626 extitit,
1544 1574 1647 1612 cur
1676 1554 1815 1636 ipsis
1850 1555 2043 1613 visum
2076 1551 2252 1610 fuerit
2280 1549 2406 1609 fieri

262 1672 575 1732 nunquam
604 1651 895 1732 potuisse,
929 1660 995 1708 ut
1027 1649 1150 1708 haec
1178 1649 1304 1708 sine
1333 1648 1753 1729 heterogenea,
1785 1660 1853 1708 ut
1880 1651 1960 1707 ita
1990 1648 2227 1729 loquar,
2252 1647 2406 1706 mix-

263 1746 425 1805 tione
468 1746 970 1804 transmitteretur
1004 1756 1182 1825 atque
1217 1756 1667 1803 conservaretur
1698 1744 1811 1825 (1).
1850 1746 2174 1803 Autumant
2212 1743 2403 1817 enim,

264 1864 297 1901 a
338 1840 646 1900 Catholicis
675 1839 1055 1900 traditionem
1084 1840 1311 1923 concipi
1344 1851 1629 1922 tanquam
1657 1839 1941 1915 verbum,
1972 1838 2131 1921 quod
2168 1839 2408 1918 alicujus

264 1938 503 2000 auribus
541 1937 920 1997 commissum
954 1937 1029 1994 sit
1051 1981 1067 2011 ,
1105 1948 1171 1995 ut
1204 1936 1421 1996 deinde
1457 1937 1531 1995 ab
1564 1938 1674 1995 isto
1707 1936 1877 1997 alteri
1914 1937 2407 2011 communicetur,

266 2048 327 2096 et
364 2037 445 2094 ita
483 2056 678 2117 porr0.
726 2036 828 2092 Ast
875 2055 1053 2115 quam
1084 2033 1347 2092 immane
1388 2055 1419 2092 a
1465 2034 1713 2093 veritate
1763 2032 1985 2092 distent
2025 2034 2088 2091 in
2126 2032 2412 2111 ejusmodi

263 2132 378 2192 sibi
402 2141 739 2191 commento
764 2129 1187 2210 confingendO,
1228 2130 1534 2212 perspicue
1568 2140 1733 2212 patet
1767 2151 1839 2189 ex
1876 2130 1999 2212 ipsa
2036 2130 2154 2203 rei,
2184 2129 2258 2189 de
2296 2152 2412 2212 qua

270 2231 497 2310 agitur,
543 2240 776 2287 natura.
824 2228 1060 2286 Etenim
1110 2226 1374 2286 Christus
1417 2226 1750 2286 doctrinam
1796 2247 1965 2285 suam
2006 2248 2129 2284 non
2170 2226 2273 2284 uni
2318 2226 2415 2288 vel

270 2327 443 2386 alteri
477 2324 758 2408 singulari
794 2323 1088 2383 commisit
1115 2322 1422 2383 individuo
1441 2368 1457 2400 ,
1500 2324 1605 2383 sed
1628 2322 1920 2406 Apostolis
1949 2321 2222 2382 omnibus
2245 2366 2263 2399 ,
2292 2323 2414 2383 sive

270 2422 536 2484 Ecclesiae
575 2441 727 2497 suae,
764 2442 944 2503 quam
978 2420 1347 2497 instituerat3
1381 2419 1641 2502 Apostoli
1671 2421 1816 2480 item
1844 2420 1954 2478 toti
1979 2419 2197 2502 pariter
2221 2418 2415 2479 Eccle-

270 2520 368 2581 siae
401 2541 503 2579 seu
547 2519 880 2601 EpiscopiS,
927 2538 1071 2599 quos
1117 2517 1381 2576 Ecclesiis
1426 2516 1806 2597 praefecerant
1841 2515 2202 2590 universim,
2248 2513 2414 2574 illam

273 2616 688 2690 tradiderunt3
744 2613 994 2674 Ecclesia
1045 2613 1308 2696 profiteri
1355 2611 1568 2672 exinde
1622 2612 1803 2694 coepit
1858 2612 2148 2690 integram
2200 2609 2416 2670 Christi

277 2713 606 2773 doctrinam
627 2758 643 2787 ,
678 2710 754 2772 ob
792 2722 925 2771 ortu
955 2731 1172 2792 nempe
1207 2731 1345 2784 suo,
1380 2707 1768 2790 eamdemque
1798 2707 2084 2788 deinceps·
2105 2707 2418 2788 insequen-

277 2809 436 2869 tibus
472 2807 678 2868 seculis
714 2808 973 2892 professa
1011 2818 1101 2867 est
1139 2805 1213 2865 ad
1247 2827 1352 2864 nos
1390 2824 1575 2885 usque
1599 2849 1616 2879 ,
1658 2815 1835 2886 atque
1876 2802 1951 2863 ad
1984 2800 2193 2861 mundi
2230 2821 2415 2883 usque

282 2907 463 2966 finem
497 2905 768 2966 eamdem
802 2901 1196 2987 profitebitur.
1237 2903 1426 2981 Hujus
1462 2900 1737 2982 perennis
1772 2920 1838 2959 ac
1879 2900 2239 2958 intemeratae
2277 2918 2417 2978 pro-

282 3003 546 3064 fessionis
573 3001 784 3065 vadem
806 3000 1090 3061 habemus
1119 2999 1315 3081 ipsum
1338 2996 1667 3070 Christum,
1702 2995 1803 3076 qui
1832 2994 1883 3054 ei
1907 3004 2218 3076 propterea
2244 3015 2415 3053 suum

284 3099 568 3159 auxilium
611 3100 675 3159 in
722 3121 858 3159 eum
904 3099 1086 3157 finem
1130 3094 1422 3177 pollicitus
1471 3101 1591 3163 est3
1631 3090 1809 3150 vades
1852 3091 2091 3171 insuper
2133 3086 2418 3150 habemus

286 3192 387 3253 illa
416 3196 612 3255 omnia
649 3195 841 3255 media
862 3239 878 3270 ,
907 3213 1034 3275 quae
1068 3190 1457 3252 indicavimus
1495 3199 1624 3247 tum
1663 3184 1954 3266 generalia
1990 3195 2120 3243 tum
2158 3184 2420 3266 particu-

358 3429 423 3494 (l)
461 3429 513 3478 Si
538 3430 596 3478 ad
615 3430 715 3478 haec
739 3431 856 3478 serio
876 3428 1141 3478 attendisset
1157 3423 1316 3474 Shult-
1400 3439 1623 3492 queamus
1675 3423 1742 3470 uti
1795 3420 2118 3484 probationem
2139 3464 2143 3468 .
2167 3420 2385 3469 facientes
2405 3455 2420 3479 ‚

287 3515 480 3565 leworth
499 3553 512 3574 ‚
543 3532 788 3579 nunquam
809 3515 848 3561 ei
868 3513 1140 3569 excidisset,
1167 3509 1314 3575 quod.
1402 3524 1544 3575 quam
1581 3506 1679 3553 fieri
1718 3507 1890 3569 possit,
1928 3515 1980 3552 ut
2020 3504 2250 3553 Jordanus
2281 3520 2423 3568 purus

290 3618 370 3665 op.
417 3601 494 3648 cit.
527 3582 631 3662 pag.>
673 3593 771 3655 68,
813 3598 1031 3662 scripsit,
1079 3601 1178 3644 tam
1221 3593 1318 3641 sieri
1402 3589 1738 3656 egrediaturex
1755 3589 1870 3635 mari
1887 3586 2333 3638 mortuo.1taseculo
2349 3601 2424 3634 xlx

292 3700 453 3749 posse,
500 3691 552 3730 ut
585 3679 855 3730 traditiones
893 3678 1041 3728 orales
1077 3676 1321 3726 admittere
1404 3671 1640 3721 Professor
1671 3668 1973 3719 oxoniensis!
