2502 4134
249 154 373 215 522

847 179 1053 218 TRAGT.
1103 178 1171 215 DE
1216 178 1370 217 Locls

1416 179 1797 221 'rflnomalcls-

247 319 448 380 raliter
483 317 937 379 concederemus
969 320 1095 398 (l),
1134 319 1276 380 inde
1314 331 1551 379 tantum
1582 335 1956 404 sequeretur,
1995 329 2391 387 Protestantes

247 415 310 475 in
331 412 730 474 materialibus
754 413 1042 492 ejusmodi
1067 413 1574 475 lucubrationibus
1599 415 1669 474 ‘id
1695 415 1864 476 nobis
1892 433 2168 500 proestare
2192 423 2390 496 officii,

247 510 405 594 quod
432 509 585 591 Tyrii
613 509 912 570 Salomoni
940 511 1006 570 in
1040 510 1250 594 templi
1281 510 1661 571 aedificatione
1688 512 2093 595 praestiterunt
2118 563 2135 593 ,
2163 518 2394 602 lapides

247 607 534 666 nimirum
573 627 638 666 ac
680 606 836 687 ligna
874 606 1144 682 caedunt,
1196 618 1255 668 et
1288 607 1453 668 utilia
1487 606 1657 668 nobis
1703 608 1780 669 ad
1825 611 2213 691 pugnandum
2258 637 2392 675 cum

248 702 387 784 ipsis
424 724 587 762 arma
628 702 1032 785 suppeditant.

314 952 386 1019 (1)
423 952 535 1001 Dixi
573 969 587 1001 τ
618 953 859 1018 Quamvis
887 951 944 1001 id
981 953 1278 1002 adversariis

246 1034 644 1108 conc-ederemus&
684 1053 795 1083 nam
841 1052 997 1102 neque
1038 1035 1128 1084 hoc
1166 1037 1278 1101 ipsis

248 1119 387 1170 facile
408 1119 601 1182 damus3
628 1120 866 1186 siquidem
889 1123 1053 1186 quovis
1071 1130 1278 1186 tempore

247 1203 414 1270 linguae
441 1206 538 1252 istae
559 1203 750 1252 fuerunt
778 1203 1001 1263 excultae,
1031 1204 1280 1271 pluresque

247 1304 429 1352 semper
453 1304 619 1352 magna
648 1303 757 1334 cum
783 1286 922 1335 laude
947 1289 999 1335 in
1027 1288 1091 1336 eis
1122 1287 1275 1337 excel·

247 1369 469 1433 luerunt3
510 1367 645 1436 cujus
682 1371 750 1419 rei
794 1380 1063 1419 assertorem
1110 1370 1279 1420 damus

245 1453 489 1502 hominem
535 1470 591 1502 ex
637 1450 885 1502 lutherana
930 1453 1111 1502 familia
1131 1490 1146 1515 ,
1187 1452 1278 1502 Pe-

247 1545 373 1585 trum
403 1553 574 1601 nempe
607 1534 852 1594 Albinum.
875 1535 945 1597 Is,
971 1546 1278 1601 posteaquam

246 1629 377 1668 trans
404 1618 542 1684 Alpes
566 1628 849 1686 penetrasse
876 1635 937 1667 ea·
970 1617 1125 1667 Italia
1148 1634 1277 1683 qroe·

248 1720 330 1752 cas
362 1702 549 1750 litteras
581 1711 628 1750 et
661 1701 917 1750 hebraicas
953 1719 1143 1767 quoque
1182 1718 1280 1750 me-

249 1795 469 1835 morasset
488 1823 501 1845 ,
538 1788 604 1834 ita
629 1788 775 1850 pergit
807 1802 822 1832 :
856 1783 1025 1848 Neque
1042 1785 1099 1831 in
1127 1780 1281 1832 Italia

249 1869 466 1917 studium
508 1868 562 1916 id
601 1866 799 1932 refrixit
818 1902 837 1929 ,
889 1866 977 1915 ubi
1010 1867 1284 1932 floruerunt

251 1951 473 2001 Ioannes
507 1948 660 1999 Picus
688 1948 1000 1999 Miranduloe
1018 1951 1281 2015 princeps,

254 2033 434 2100 Datyli
470 2032 704 2090 Hebroei,
748 2035 837 2098 qui
876 2031 1099 2081 Taurini
1127 2033 1282 2095 vixit,

251 2116 555 2184 discipulus,
598 2125 643 2164 et
680 2115 826 2182 hujus
864 2115 1144 2164 obtrectator
1175 2115 1286 2164 Mi-

252 2199 487 2248 thridates
511 2199 765 2249 Romanus
781 2235 797 2260 ,
826 2197 1088 2264 AEqydius
1119 2196 1178 2245 V
1172 2199 1286 2246 iter-

254 2283 437 2332 biensis
449 2321 463 2342 ‚
492 2292 536 2331 et
547 2283 695 2350 hujus
709 2283 861 2331 etiam
874 2281 1148 2349 discipulus
1164 2280 1287 2332 Hie-

255 2383 487 2432 ronymus
512 2364 842 2433 Seripandus,
874 2365 1126 2414 Patricius
1153 2365 1286 2414 Nea·-

250 2449 501 2516 politanus
519 2489 532 2511 ‚
558 2447 898 2514 Hieronymus
928 2447 1213 2497 Alexander
1242 2458 1288 2497 et

255 2533 548 2582 Fridericus
588 2531 834 2598 Fulgmsus
853 2566 868 2592 ,
916 2531 1012 2581 duo
1055 2532 1288 2587 Ramanae

257 2614 402 2669 Sedis
439 2625 684 2665 senatores
721 2614 1100 2681 Archiepiscopi
1112 2651 1129 2677 ,
1176 2616 1289 2664 Au-

256 2702 485 2767 9ustinus
533 2697 860 2747 Justinianus
913 2697 1192 2747 Genucnsis
1229 2716 1289 2747 ea·

258 2783 570 2832 dominicano
597 2781 832 2831 monacho
872 2781 1134 2831 Nebiensis
1160 2780 1289 2848 Epi-

260 2884 448 2933 scopus,
464 2883 524 2916 ea:
543 2869 686 2933 cujus
702 2866 890 2915 Bibliis
908 2865 1125 2932 Octoplis
1144 2865 1290 2914 Psal-

260 2953 437 3001 terium
457 2951 652 3000 totidem
673 2950 959 3016 linquarum
987 2950 1288 2999 absolutissi-

263 3051 396 3081 mum
410 3043 502 3096 est,
530 3036 584 3085 A
590 3035 850 3099 uqustinus
868 3031 909 3082 S
911 3031 1111 3082 teuchus
1124 3031 1294 3099 Euqu—

262 3116 409 3165 binus
441 3118 726 3167 Cisanensis
748 3116 1052 3184 Episcopus,
1086 3115 1291 3165 Sanctes

265 3202 499 3265 Paqnini
513 3201 780 3263 Lucensis,
805 3201 988 3249 Petrus
1023 3199 1293 3249 Galatinus

267 3279 540 3345 Minorita,
591 3286 679 3347 qui
717 3283 1016 3349 Capnionem
1061 3283 1293 3332 adversus

266 3363 544 3430 complicem
559 3364 964 3415 Hochstratianos
982 3366 1224 3431 defendit,
1249 3374 1297 3412 et

266 3448 355 3513 qui
401 3447 486 3495 hos
533 3457 923 3506 antecesserunt,
977 3448 1297 3514 Raymundus

268 3532 566 3595 Martinus,
617 3529 893 3581 Gotalanus
933 3540 979 3580 et
1014 3531 1299 3581 Porchettus

270 3623 488 3662 auctores
564 3598 874 3663 Victoriarum
942 3625 985 3663 et
1057 3614 1299 3680 pugionis.

276 3696 473 3763 Quibus
490 3697 718 3748 omnibus
736 3698 1004 3747 Marcellus
1017 3698 1089 3746 II
1101 3708 1146 3747 et
1162 3698 1301 3746 Pau-

1363 951 1441 1000 lus
1461 949 1571 1001 III
1596 951 1863 1016 Pontifices
1886 952 2127 1016 Romani,
2162 971 2262 1004 una
2285 972 2397 1006 cum

1363 1030 1645 1085 Ptolemaeis
1658 1034 1953 1085 Senensibus
1967 1035 2212 1086 nobilibus
2222 1075 2240 1100 ‚
2270 1038 2398 1088 Lac-

1361 1121 1518 1168 tantio
1555 1127 1702 1185 patre
1719 1154 1736 1183 ,
1777 1118 1934 1170 Laelio
1962 1131 2006 1170 et
2037 1120 2252 1171 AEmilio
2272 1122 2400 1187 filiis

1361 1202 1649 1268 linquarum
1672 1203 1894 1251 omnium
1905 1205 2091 1270 peritia
2115 1205 2402 1272 insiqnibus
2473 1260 2476 1265 ,

1362 1286 1654 1335 accensendi
1704 1286 1866 1350 (Petri
1912 1273 2403 1338 Albini'Nivemontii

1368 1368 1724 1419 Commentatio
1763 1369 1822 1419 de
1864 1368 2054 1435 linquis
2086 1373 2398 1437 peregrinis,
2453 1368 2463 1375 ’

1364 1470 1467 1518 pag.
1495 1469 1553 1501 io
1571 1463 1618 1502 et
1641 1472 1741 1520 seq.
1764 1454 1886 1502 edita
1911 1457 2120 1520 primum
2137 1473 2215 1504 an.
2239 1452 2366 1518 1542
2384 1492 2397 1515 ,

1363 1535 1485 1598 apud
1523 1534 1699 1583 Branca
1722 1573 1735 1592 ,
1776 1553 1855 1599 op.
1896 1539 1973 1583 cit.
2010 1554 2115 1602 pag.
2151 1538 2248 1603 37,
2277 1533 2398 1602 38).

1362 1614 1614 1681 Quipostea
1661 1617 1889 1666 accedens
1916 1618 1976 1666 ad
2006 1635 2099 1666 suae
2126 1629 2259 1667 sectae
2286 1617 2400 1668 Ger-

1364 1715 1528 1747 manos
1547 1700 1896 1748 enumerandos
1912 1737 1926 1758 ‚
1949 1708 2043 1748 tres
2061 1710 2249 1748 tantum
2262 1718 2394 1749 com-

1368 1791 1589 1830 memorat
1614 1818 1629 1842 ,
1659 1781 1823 1830 dicens
1861 1796 1876 1831 z
1907 1782 2328 1845 Quemadmodum
2358 1793 2404 1833 et

1363 1881 1456 1913 sua
1481 1863 1591 1913 laus
1611 1864 1809 1913 debetur
1820 1861 2071 1914 Pellicano
2082 1904 2097 1928 ,
2115 1866 2398 1929 Mummi-o,

1365 1947 1528 2013 Faqio
1562 1948 1711 2012 (ibid.
1740 1964 1845 2015 pag.
1872 1949 1984 2013 12);
2019 1966 2079 1998 ex
2108 1950 2281 2016 quibus
2309 1951 2402 2000 duo

1367 2029 1537 2080 saltem
1569 2033 1774 2096 priores,
1812 2031 2045 2098 quidquid
2079 2030 2249 2098 linguis
2279 2033 2402 2083 vale-

1369 2115 1510 2175 bant,
1541 2132 1697 2163 secum
1718 2131 1777 2185 'ex
1806 2114 2155 2165 Catholicorum
2186 2117 2403 2166 societate

1369 2197 1671 2258 detulerant,
1702 2207 1840 2264 prout
1869 2197 2025 2263 plures
2059 2198 2137 2247 alii
2171 2198 2221 2246 id
2246 2201 2399 2264 ipsum

1370 2282 1605 2341 fecerant,
1645 2284 1715 2329 uti
1756 2280 2091 2330 Melanchthon
2115 2317 2129 2343 ‚
2176 2281 2401 2345 Reuchli·

1370 2382 1494 2424 nuS,
1552 2364 1822 2413 Huttenius.
1867 2364 2127 2414 Recensitis
2164 2367 2401 2414 innumeri

1371 2466 1514 2513 prope
1535 2447 1612 2496 alii
1638 2448 1779 2514 adjici
1805 2456 2007 2512 possent.
2038 2446 2214 2496 Verum
2240 2465 2300 2495 ne
2329 2465 2401 2497 res
2461 2473 2470 2482 ¹

1370 2532 1573 2579 nimium
1603 2530 1900 2596 protrahatur
1915 2567 1928 2591 ,
1941 2581 1945 2584 ,
1959 2531 2144 2578 remitto
2170 2530 2403 2579 auditores

1371 2615 1431 2662 ad
1470 2613 1524 2663 P.
1558 2613 1885 2662 Cherubinum
1925 2631 1951 2662 a
1986 2610 2038 2662 S.
2073 2612 2283 2679 Joseph,
2320 2614 2403 2680 qui

1371 2700 1421 2746 in
1446 2699 1704 2764 Apparatus
1727 2695 1926 2754 biblico,
1955 2696 2091 2747 toties
2115 2699 2198 2746 cit.
2227 2707 2339 2747 tom.
2361 2714 2398 2747 1.

1373 2781 1487 2830 diss.
1514 2780 1707 2845 praelim.
1740 2790 1854 2830 sect.
1885 2778 1945 2842 4,
1971 2797 2075 2847 quae
2097 2779 2364 2830 inscribitur
2381 2797 2397 2829 ε

1374 2865 1581 2915 Collatia
1614 2865 1951 2914 lawr-eticorum
1987 2882 2100 2914 oum
2138 2863 2399 2914 Catholicis

1372 2952 1428 2997 in
1469 2946 1742 3014 Scripturoe
1778 2949 1997 3014 peritia,
2043 2948 2126 2997 ubi
2163 2947 2397 3012 duplicem

1374 3033 1579 3080 indicem
1605 3035 1753 3080 texuit
1773 3031 2120 3080 Catholicorum
2141 3067 2155 3090 ,
2185 3031 2265 3095 qui
2292 3040 2399 3078 ante

1374 3115 1633 3164 Lutherum
1651 3152 1664 3175 ,
1689 3132 1744 3163 ac
1761 3124 1895 3162 aetate
1924 3112 2116 3162 Lutheri
2143 3113 2194 3159 in
2226 3111 2396 3175 linguae

1375 3190 1630 3265 praeseriim
1646 3197 1874 3247 hebraicas
1891 3206 1935 3246 et
1951 3210 2107 3261 graecae
2132 3197 2293 3259 peritia
2311 3195 2399 3243 flo-

1377 3292 1607 3345 ruerunt;
1647 3297 1765 3347 quos
1794 3282 1832 3328 si
1866 3275 2180 3344 pervolverint
2208 3288 2401 3326 novato-

1378 3382 1469 3425 res,
1487 3364 1715 3414 haberent
1731 3362 1856 3411 unde
1869 3360 2209 3410 erubescerent.
2227 3359 2406 3409 Omitto

1380 3447 1681 3514 polyglottam
1697 3445 1967 3493 adornatam
1988 3443 2075 3491 sub
2092 3443 2231 3492 Card.
2243 3443 2404 3492 Xime-

1381 3533 1462 3579 nio
1490 3540 1597 3578 ante
1628 3528 2042 3589 reformationem3
2079 3526 2264 3575 decreta
2299 3524 2404 3574 Cle·

1385 3617 1554 3664 mentis
1574 3612 1615 3660 V
1635 3649 1649 3670 ‚
1687 3614 1770 3678 qui
1799 3611 1997 3660 aliorum
2026 3611 2272 3659 doctorum
2288 3648 2301 3671 ,
2324 3611 2405 3675 qui

1387 3702 1748 3756 antecesserant,
1766 3695 1998 3761 exemplo,
2018 3696 2069 3743 in
2085 3710 2251 3743 cecum.
2263 3692 2403 3742 Cone.
