<?xml version="1.0" encoding="UTF-8"?>
<!DOCTYPE html PUBLIC "-//W3C//DTD XHTML 1.0 Transitional//EN"
    "http://www.w3.org/TR/xhtml1/DTD/xhtml1-transitional.dtd">
<html xmlns="http://www.w3.org/1999/xhtml" xml:lang="en" lang="en">
 <head>
  <title>
</title>
<meta http-equiv="Content-Type" content="text/html;charset=utf-8" />
  <meta name='ocr-system' content='tesseract 3.04.00' />
  <meta name='ocr-capabilities' content='ocr_page ocr_carea ocr_par ocr_line ocrx_word'/>
</head>
<body>
  <div class='ocr_page' id='page_1' title='image "a603693809perruoft_0468.png"; bbox 0 0 2502 4134; ppageno 0'>
   <div class='ocr_carea' id='block_1_1' title="bbox 265 83 385 144">
    <p class='ocr_par' dir='ltr' id='par_1_1' title="bbox 265 83 385 144">
     <span class='ocr_line' id='line_1_1' title="bbox 265 83 385 144; baseline 0 -1"><span class='ocrx_word' id='word_1_1' title='bbox 265 83 385 144; x_wconf 79' lang='lat'><strong>460</strong></span> 
     </span>
    </p>
   </div>
   <div class='ocr_carea' id='block_1_2' title="bbox 866 108 1807 153">
    <p class='ocr_par' dir='ltr' id='par_1_2' title="bbox 866 108 1807 153">
     <span class='ocr_line' id='line_1_2' title="bbox 866 108 1807 153; baseline 0.007 -7"><span class='ocrx_word' id='word_1_2' title='bbox 866 109 1064 148; x_wconf 74' lang='lat' dir='ltr'><strong>rnAc&#39;r.</strong></span> <span class='ocrx_word' id='word_1_3' title='bbox 1110 109 1180 148; x_wconf 67' lang='grc' dir='ltr'><strong>ΒΕ</strong></span> <span class='ocrx_word' id='word_1_4' title='bbox 1221 108 1375 150; x_wconf 73' lang='lat' dir='ltr'><strong>Locis</strong></span> <span class='ocrx_word' id='word_1_5' title='bbox 1419 111 1807 153; x_wconf 63' lang='lat' dir='ltr'><strong>rnnonoalcls.</strong></span> 
     </span>
    </p>
   </div>
   <div class='ocr_carea' id='block_1_3' title="bbox 265 248 2412 1106">
    <p class='ocr_par' dir='ltr' id='par_1_3' title="bbox 266 248 2405 622">
     <span class='ocr_line' id='line_1_3' title="bbox 351 248 2405 338; baseline 0.002 -28"><span class='ocrx_word' id='word_1_6' title='bbox 351 250 493 312; x_wconf 75' lang='lat'><strong>174.</strong></span> <span class='ocrx_word' id='word_1_7' title='bbox 544 250 718 310; x_wconf 89' lang='lat' dir='ltr'><strong>Plura</strong></span> <span class='ocrx_word' id='word_1_8' title='bbox 750 248 941 311; x_wconf 85' lang='lat' dir='ltr'><strong>adhuc</strong></span> <span class='ocrx_word' id='word_1_9' title='bbox 974 264 1352 335; x_wconf 82' lang='lat' dir='ltr'><strong>superessent</strong></span> <span class='ocrx_word' id='word_1_10' title='bbox 1385 252 1724 313; x_wconf 87' lang='lat' dir='ltr'><strong>adnotanda</strong></span> <span class='ocrx_word' id='word_1_11' title='bbox 1756 254 1830 315; x_wconf 88' lang='lat' dir='ltr'><strong>de</strong></span> <span class='ocrx_word' id='word_1_12' title='bbox 1857 257 2195 338; x_wconf 90' lang='lat' dir='ltr'><strong>empirismo</strong></span> <span class='ocrx_word' id='word_1_13' title='bbox 2234 256 2405 335; x_wconf 88' lang='lat' dir='ltr'><strong>hujus</strong></span> 
     </span>
     <span class='ocr_line' id='line_1_4' title="bbox 266 345 2405 434; baseline 0.002 -27"><span class='ocrx_word' id='word_1_14' title='bbox 266 346 598 431; x_wconf 83' lang='lat' dir='ltr'><strong>systematis</strong></span> <span class='ocrx_word' id='word_1_15' title='bbox 628 345 757 427; x_wconf 70' lang='lat' dir='ltr'><strong>(l),</strong></span> <span class='ocrx_word' id='word_1_16' title='bbox 793 346 1040 430; x_wconf 89' lang='lat' dir='ltr'><strong>aliisque</strong></span> <span class='ocrx_word' id='word_1_17' title='bbox 1079 370 1203 407; x_wconf 92' lang='lat' dir='ltr'><strong>non</strong></span> <span class='ocrx_word' id='word_1_18' title='bbox 1242 349 1476 430; x_wconf 81' lang='lat' dir='ltr'><strong>paucis;</strong></span> <span class='ocrx_word' id='word_1_19' title='bbox 1503 348 1608 410; x_wconf 90' lang='lat' dir='ltr'><strong>sed</strong></span> <span class='ocrx_word' id='word_1_20' title='bbox 1645 349 1769 409; x_wconf 87' lang='lat' dir='ltr'><strong>haec</strong></span> <span class='ocrx_word' id='word_1_21' title='bbox 1809 352 1948 411; x_wconf 89' lang='lat' dir='ltr'><strong>satis</strong></span> <span class='ocrx_word' id='word_1_22' title='bbox 1970 374 2079 434; x_wconf 89' lang='lat' dir='ltr'><strong>pro</strong></span> <span class='ocrx_word' id='word_1_23' title='bbox 2113 376 2176 414; x_wconf 91' lang='lat' dir='ltr'><strong>re</strong></span> <span class='ocrx_word' id='word_1_24' title='bbox 2207 364 2405 413; x_wconf 89' lang='lat' dir='ltr'><strong>nostra</strong></span> 
     </span>
     <span class='ocr_line' id='line_1_5' title="bbox 268 441 2405 526; baseline 0.004 -24"><span class='ocrx_word' id='word_1_25' title='bbox 268 442 422 502; x_wconf 87' lang='lat' dir='ltr'><strong>dicta</strong></span> <span class='ocrx_word' id='word_1_26' title='bbox 441 443 581 501; x_wconf 88' lang='lat' dir='ltr'><strong>sint.</strong></span> <span class='ocrx_word' id='word_1_27' title='bbox 609 441 817 526; x_wconf 88' lang='lat' dir='ltr'><strong>Aliqua</strong></span> <span class='ocrx_word' id='word_1_28' title='bbox 848 455 1085 503; x_wconf 87' lang='lat' dir='ltr'><strong>tantum</strong></span> <span class='ocrx_word' id='word_1_29' title='bbox 1116 443 1190 504; x_wconf 90' lang='lat' dir='ltr'><strong>de</strong></span> <span class='ocrx_word' id='word_1_30' title='bbox 1212 443 1399 505; x_wconf 89' lang='lat' dir='ltr'><strong>altero</strong></span> <span class='ocrx_word' id='word_1_31' title='bbox 1423 445 1793 504; x_wconf 85' lang='lat' dir='ltr'><strong>certitudinis</strong></span> <span class='ocrx_word' id='word_1_32' title='bbox 1814 445 2194 510; x_wconf 86' lang='lat' dir='ltr'><strong>hermesianae</strong></span> <span class='ocrx_word' id='word_1_33' title='bbox 2217 450 2405 524; x_wconf 83' lang='lat' dir='ltr'><strong>fonte,</strong></span> 
     </span>
     <span class='ocr_line' id='line_1_6' title="bbox 266 538 1829 622; baseline 0.001 -25"><span class='ocrx_word' id='word_1_34' title='bbox 266 538 341 598; x_wconf 92' lang='lat' dir='ltr'><strong>de</strong></span> <span class='ocrx_word' id='word_1_35' title='bbox 368 539 686 598; x_wconf 75' lang='lat' dir='ltr'><strong>admittere</strong></span> <span class='ocrx_word' id='word_1_36' title='bbox 710 561 830 619; x_wconf 80' lang='lat' dir='ltr'><strong>pro</strong></span> <span class='ocrx_word' id='word_1_37' title='bbox 859 561 1026 610; x_wconf 72' lang='lat' dir='ltr'><strong>vem,</strong></span> <span class='ocrx_word' id='word_1_38' title='bbox 1064 539 1412 600; x_wconf 88' lang='lat' dir='ltr'><strong>brevissime</strong></span> <span class='ocrx_word' id='word_1_39' title='bbox 1453 541 1829 622; x_wconf 83' lang='lat' dir='ltr'><strong>attingamus.</strong></span> 
     </span>
    </p>

    <p class='ocr_par' dir='ltr' id='par_1_4' title="bbox 265 633 2412 1106">
     <span class='ocr_line' id='line_1_7' title="bbox 354 633 2405 721; baseline 0.005 -29"><span class='ocrx_word' id='word_1_40' title='bbox 354 633 491 694; x_wconf 86' lang='lat'><strong>175.</strong></span> <span class='ocrx_word' id='word_1_41' title='bbox 548 635 771 695; x_wconf 76' lang='lat' dir='ltr'><strong>Tenere</strong></span> <span class='ocrx_word' id='word_1_42' title='bbox 806 658 923 716; x_wconf 82' lang='lat' dir='ltr'><strong>pro</strong></span> <span class='ocrx_word' id='word_1_43' title='bbox 965 658 1137 709; x_wconf 86' lang='lat' dir='ltr'><strong>vero,</strong></span> <span class='ocrx_word' id='word_1_44' title='bbox 1184 636 1258 696; x_wconf 90' lang='lat' dir='ltr'><strong>de</strong></span> <span class='ocrx_word' id='word_1_45' title='bbox 1293 659 1412 719; x_wconf 91' lang='lat' dir='ltr'><strong>quo</strong></span> <span class='ocrx_word' id='word_1_46' title='bbox 1451 637 1735 698; x_wconf 89' lang='lat' dir='ltr'><strong>hactenus</strong></span> <span class='ocrx_word' id='word_1_47' title='bbox 1759 683 1776 712; x_wconf 85' lang='lat'><strong>,</strong></span> <span class='ocrx_word' id='word_1_48' title='bbox 1811 648 1901 697; x_wconf 91' lang='lat' dir='ltr'><strong>est</strong></span> <span class='ocrx_word' id='word_1_49' title='bbox 1945 641 2242 721; x_wconf 86' lang='lat' dir='ltr'><strong>persuasio</strong></span> <span class='ocrx_word' id='word_1_50' title='bbox 2274 641 2405 716; x_wconf 79' lang='lat' dir='ltr'><strong>illa,</strong></span> 
     </span>
     <span class='ocr_line' id='line_1_8' title="bbox 267 731 2407 814; baseline 0.004 -25"><span class='ocrx_word' id='word_1_51' title='bbox 267 750 396 813; x_wconf 85' lang='lat' dir='ltr'><strong>quae</strong></span> <span class='ocrx_word' id='word_1_52' title='bbox 445 731 634 791; x_wconf 85' lang='lat' dir='ltr'><strong>oritur</strong></span> <span class='ocrx_word' id='word_1_53' title='bbox 668 753 740 791; x_wconf 82' lang='lat' dir='ltr'><strong>ex</strong></span> <span class='ocrx_word' id='word_1_54' title='bbox 777 737 1014 792; x_wconf 72' lang='lat' dir='ltr'><strong>ratione</strong></span> <span class='ocrx_word' id='word_1_55' title='bbox 1035 733 1358 793; x_wconf 71' lang='lat' dir='ltr'><strong>theoretica</strong></span> <span class='ocrx_word' id='word_1_56' title='bbox 1378 754 1400 803; x_wconf 91' lang='lat'><strong>‚·</strong></span> <span class='ocrx_word' id='word_1_57' title='bbox 1422 735 1743 793; x_wconf 77' lang='lat' dir='ltr'><strong>admittere</strong></span> <span class='ocrx_word' id='word_1_58' title='bbox 1771 745 1968 794; x_wconf 85' lang='lat' dir='ltr'><strong>autem</strong></span> <span class='ocrx_word' id='word_1_59' title='bbox 1993 757 2110 814; x_wconf 81' lang='lat' dir='ltr'><strong>pro</strong></span> <span class='ocrx_word' id='word_1_60' title='bbox 2135 757 2269 797; x_wconf 78' lang='lat' dir='ltr'><strong>vero</strong></span> <span class='ocrx_word' id='word_1_61' title='bbox 2288 750 2373 798; x_wconf 89' lang='lat' dir='ltr'><strong>est</strong></span> <span class='ocrx_word' id='word_1_62' title='bbox 2391 783 2407 812; x_wconf 82' lang='lat'><strong>,</strong></span> 
     </span>
     <span class='ocr_line' id='line_1_9' title="bbox 267 829 2407 914; baseline 0.003 -28"><span class='ocrx_word' id='word_1_63' title='bbox 267 848 399 909; x_wconf 85' lang='lat' dir='ltr'><strong>quae</strong></span> <span class='ocrx_word' id='word_1_64' title='bbox 442 829 737 888; x_wconf 83' lang='lat' dir='ltr'><strong>enascitur</strong></span> <span class='ocrx_word' id='word_1_65' title='bbox 760 850 832 889; x_wconf 79' lang='lat' dir='ltr'><strong>ex</strong></span> <span class='ocrx_word' id='word_1_66' title='bbox 877 833 1115 889; x_wconf 77' lang='lat' dir='ltr'><strong>ratione</strong></span> <span class='ocrx_word' id='word_1_67' title='bbox 1143 852 1336 890; x_wconf 89' lang='lat' dir='ltr'><strong>mores</strong></span> <span class='ocrx_word' id='word_1_68' title='bbox 1381 829 1797 912; x_wconf 84' lang='lat' dir='ltr'><strong>praescribente</strong></span> <span class='ocrx_word' id='word_1_69' title='bbox 1816 877 1832 906; x_wconf 84' lang='lat'><strong>,</strong></span> <span class='ocrx_word' id='word_1_70' title='bbox 1867 852 1968 892; x_wconf 90' lang='lat' dir='ltr'><strong>seu</strong></span> <span class='ocrx_word' id='word_1_71' title='bbox 1987 836 2265 912; x_wconf 78' lang='lat' dir='ltr'><strong>practica</strong></span> <span class='ocrx_word' id='word_1_72' title='bbox 2291 833 2407 914; x_wconf 84' lang='lat'>(2).</span> 
     </span>
     <span class='ocr_line' id='line_1_10' title="bbox 265 924 2409 1006; baseline 0.003 -24"><span class='ocrx_word' id='word_1_73' title='bbox 265 924 575 985; x_wconf 87' lang='lat' dir='ltr'><strong>Dictamen</strong></span> <span class='ocrx_word' id='word_1_74' title='bbox 609 924 749 1006; x_wconf 80' lang='lat' dir='ltr'><strong>legis</strong></span> <span class='ocrx_word' id='word_1_75' title='bbox 788 924 1029 984; x_wconf 88' lang='lat' dir='ltr'><strong>moralis</strong></span> <span class='ocrx_word' id='word_1_76' title='bbox 1053 927 1284 1006; x_wconf 79' lang='lat' dir='ltr'><strong>exurgit</strong></span> <span class='ocrx_word' id='word_1_77' title='bbox 1305 931 1477 1005; x_wconf 84' lang='lat' dir='ltr'><strong>juxta</strong></span> <span class='ocrx_word' id='word_1_78' title='bbox 1504 927 1878 987; x_wconf 88' lang='lat' dir='ltr'><strong>Hermesium</strong></span> <span class='ocrx_word' id='word_1_79' title='bbox 1903 949 1976 988; x_wconf 82' lang='lat' dir='ltr'><strong>ex</strong></span> <span class='ocrx_word' id='word_1_80' title='bbox 2004 949 2068 987; x_wconf 86' lang='lat' dir='ltr'><strong>ea</strong></span> <span class='ocrx_word' id='word_1_81' title='bbox 2101 928 2376 989; x_wconf 78' lang='lat' dir='ltr'><strong>facultate</strong></span> <span class='ocrx_word' id='word_1_82' title='bbox 2393 974 2409 1003; x_wconf 87' lang='lat'><strong>.,</strong></span> 
     </span>
     <span class='ocr_line' id='line_1_11' title="bbox 267 1021 2412 1106; baseline 0.002 -26"><span class='ocrx_word' id='word_1_83' title='bbox 267 1042 383 1103; x_wconf 88' lang='lat' dir='ltr'><strong>qua</strong></span> <span class='ocrx_word' id='word_1_84' title='bbox 413 1022 660 1104; x_wconf 89' lang='lat' dir='ltr'><strong>quisque</strong></span> <span class='ocrx_word' id='word_1_85' title='bbox 685 1021 977 1105; x_wconf 87' lang='lat' dir='ltr'><strong>approbat</strong></span> <span class='ocrx_word' id='word_1_86' title='bbox 1005 1021 1154 1082; x_wconf 88' lang='lat' dir='ltr'><strong>illud</strong></span> <span class='ocrx_word' id='word_1_87' title='bbox 1184 1043 1363 1083; x_wconf 89' lang='lat' dir='ltr'><strong>omne</strong></span> <span class='ocrx_word' id='word_1_88' title='bbox 1391 1021 1552 1105; x_wconf 88' lang='lat' dir='ltr'><strong>quod</strong></span> <span class='ocrx_word' id='word_1_89' title='bbox 1574 1027 1666 1082; x_wconf 74' lang='lat' dir='ltr'><strong>vis</strong></span> <span class='ocrx_word' id='word_1_90' title='bbox 1688 1033 1777 1082; x_wconf 90' lang='lat' dir='ltr'><strong>est</strong></span> <span class='ocrx_word' id='word_1_91' title='bbox 1799 1022 1926 1106; x_wconf 80' lang='lat'><strong>(3),</strong></span> <span class='ocrx_word' id='word_1_92' title='bbox 1955 1045 2057 1084; x_wconf 91' lang='lat' dir='ltr'><strong>seu</strong></span> <span class='ocrx_word' id='word_1_93' title='bbox 2082 1023 2236 1106; x_wconf 86' lang='lat' dir='ltr'><strong>quod</strong></span> <span class='ocrx_word' id='word_1_94' title='bbox 2262 1024 2412 1085; x_wconf 83' lang='lat' dir='ltr'><strong>ratio</strong></span> 
     </span>
    </p>
   </div>
   <div class='ocr_carea' id='block_1_4' title="bbox 264 1229 1320 3623">
    <p class='ocr_par' dir='ltr' id='par_1_5' title="bbox 264 1229 1315 3455">
     <span class='ocr_line' id='line_1_12' title="bbox 266 1229 1297 1298; baseline -0.001 -18"><span class='ocrx_word' id='word_1_95' title='bbox 266 1233 436 1281; x_wconf 86' lang='lat' dir='ltr'><strong>mesii?</strong></span> <span class='ocrx_word' id='word_1_96' title='bbox 456 1229 582 1281; x_wconf 76' lang='lat' dir='ltr'><strong>Cum</strong></span> <span class='ocrx_word' id='word_1_97' title='bbox 602 1248 685 1297; x_wconf 79' lang='lat' dir='ltr'><strong>eqo</strong></span> <span class='ocrx_word' id='word_1_98' title='bbox 708 1239 841 1280; x_wconf 77' lang='lat' dir='ltr'><strong>teneo</strong></span> <span class='ocrx_word' id='word_1_99' title='bbox 869 1230 1063 1296; x_wconf 76' lang='lat' dir='ltr'><strong>aliquid</strong></span> <span class='ocrx_word' id='word_1_100' title='bbox 1074 1248 1168 1298; x_wconf 89' lang='lat' dir='ltr'><strong>pro</strong></span> <span class='ocrx_word' id='word_1_101' title='bbox 1188 1247 1297 1279; x_wconf 85' lang='lat' dir='ltr'><strong>vero</strong></span> 
     </span>
     <span class='ocr_line' id='line_1_13' title="bbox 264 1313 1299 1381; baseline 0 -19"><span class='ocrx_word' id='word_1_102' title='bbox 264 1329 323 1363; x_wconf 82' lang='lat' dir='ltr'><strong>ae</strong></span> <span class='ocrx_word' id='word_1_103' title='bbox 338 1313 491 1373; x_wconf 83' lang='lat' dir='ltr'><strong>reali,</strong></span> <span class='ocrx_word' id='word_1_104' title='bbox 501 1315 620 1381; x_wconf 84' lang='lat' dir='ltr'><strong>jam</strong></span> <span class='ocrx_word' id='word_1_105' title='bbox 652 1313 952 1381; x_wconf 77' lang='lat' dir='ltr'><strong>impossibile</strong></span> <span class='ocrx_word' id='word_1_106' title='bbox 978 1323 1047 1362; x_wconf 84' lang='lat' dir='ltr'><strong>est</strong></span> <span class='ocrx_word' id='word_1_107' title='bbox 1068 1314 1196 1378; x_wconf 77' lang='lat' dir='ltr'><strong>quod</strong></span> <span class='ocrx_word' id='word_1_108' title='bbox 1215 1329 1299 1379; x_wconf 76' lang='lat' dir='ltr'><strong>eqo</strong></span> 
     </span>
     <span class='ocr_line' id='line_1_14' title="bbox 265 1395 1300 1464; baseline -0.002 -19"><span class='ocrx_word' id='word_1_109' title='bbox 265 1399 539 1464; x_wconf 75' lang='lat' dir='ltr'><strong>oppositum</strong></span> <span class='ocrx_word' id='word_1_110' title='bbox 566 1405 773 1447; x_wconf 77' lang='lat' dir='ltr'><strong>teneam.</strong></span> <span class='ocrx_word' id='word_1_111' title='bbox 794 1395 930 1452; x_wconf 83' lang='lat' dir='ltr'><strong>Certe</strong></span> <span class='ocrx_word' id='word_1_112' title='bbox 949 1434 962 1458; x_wconf 89' lang='lat'><strong>,</strong></span> <span class='ocrx_word' id='word_1_113' title='bbox 997 1396 1300 1445; x_wconf 85' lang='lat' dir='ltr'><strong>scholasticus</strong></span> 
     </span>
     <span class='ocr_line' id='line_1_15' title="bbox 265 1482 1299 1547; baseline -0.002 -19"><span class='ocrx_word' id='word_1_114' title='bbox 265 1492 469 1546; x_wconf 84' lang='lat' dir='ltr'><strong>regeret,</strong></span> <span class='ocrx_word' id='word_1_115' title='bbox 490 1483 542 1530; x_wconf 89' lang='lat' dir='ltr'><strong>in</strong></span> <span class='ocrx_word' id='word_1_116' title='bbox 558 1497 703 1529; x_wconf 76' lang='lat' dir='ltr'><strong>sensu</strong></span> <span class='ocrx_word' id='word_1_117' title='bbox 717 1482 978 1547; x_wconf 74' lang='lat' dir='ltr'><strong>composito</strong></span> <span class='ocrx_word' id='word_1_118' title='bbox 1003 1482 1299 1530; x_wconf 87' lang='lat' dir='ltr'><strong>verissimum</strong></span> 
     </span>
     <span class='ocr_line' id='line_1_16' title="bbox 267 1565 1302 1632; baseline -0.004 -17"><span class='ocrx_word' id='word_1_119' title='bbox 267 1574 335 1615; x_wconf 85' lang='lat' dir='ltr'><strong>est</strong></span> <span class='ocrx_word' id='word_1_120' title='bbox 351 1602 366 1626; x_wconf 91' lang='lat'><strong>,</strong></span> <span class='ocrx_word' id='word_1_121' title='bbox 403 1566 513 1632; x_wconf 89' lang='lat' dir='ltr'><strong>quia</strong></span> <span class='ocrx_word' id='word_1_122' title='bbox 529 1602 543 1626; x_wconf 95' lang='lat'><strong>,</strong></span> <span class='ocrx_word' id='word_1_123' title='bbox 573 1565 691 1613; x_wconf 91' lang='lat' dir='ltr'><strong>dum</strong></span> <span class='ocrx_word' id='word_1_124' title='bbox 719 1566 970 1628; x_wconf 85' lang='lat' dir='ltr'><strong>assentior,</strong></span> <span class='ocrx_word' id='word_1_125' title='bbox 990 1581 1087 1612; x_wconf 89' lang='lat' dir='ltr'><strong>non</strong></span> <span class='ocrx_word' id='word_1_126' title='bbox 1110 1580 1302 1628; x_wconf 89' lang='lat' dir='ltr'><strong>possum</strong></span> 
     </span>
     <span class='ocr_line' id='line_1_17' title="bbox 266 1644 1302 1714; baseline -0.005 -17"><span class='ocrx_word' id='word_1_127' title='bbox 266 1665 366 1697; x_wconf 89' lang='lat' dir='ltr'><strong>non</strong></span> <span class='ocrx_word' id='word_1_128' title='bbox 393 1649 629 1697; x_wconf 86' lang='lat' dir='ltr'><strong>assentiri.</strong></span> <span class='ocrx_word' id='word_1_129' title='bbox 662 1644 754 1696; x_wconf 87' lang='lat' dir='ltr'><strong>Sed</strong></span> <span class='ocrx_word' id='word_1_130' title='bbox 779 1649 975 1714; x_wconf 84' lang='lat' dir='ltr'><strong>quaestio</strong></span> <span class='ocrx_word' id='word_1_131' title='bbox 1003 1656 1070 1695; x_wconf 89' lang='lat' dir='ltr'><strong>est</strong></span> <span class='ocrx_word' id='word_1_132' title='bbox 1088 1683 1103 1708; x_wconf 93' lang='lat'><strong>,</strong></span> <span class='ocrx_word' id='word_1_133' title='bbox 1141 1655 1302 1694; x_wconf 86' lang='lat' dir='ltr'><strong>utrum</strong></span> 
     </span>
     <span class='ocr_line' id='line_1_18' title="bbox 268 1730 1303 1798; baseline -0.005 -18"><span class='ocrx_word' id='word_1_134' title='bbox 268 1732 375 1798; x_wconf 85' lang='lat' dir='ltr'><strong>quis</strong></span> <span class='ocrx_word' id='word_1_135' title='bbox 413 1730 583 1780; x_wconf 89' lang='lat' dir='ltr'><strong>debeat</strong></span> <span class='ocrx_word' id='word_1_136' title='bbox 624 1732 881 1779; x_wconf 87' lang='lat' dir='ltr'><strong>necessario</strong></span> <span class='ocrx_word' id='word_1_137' title='bbox 920 1731 971 1776; x_wconf 90' lang='lat' dir='ltr'><strong>in</strong></span> <span class='ocrx_word' id='word_1_138' title='bbox 1015 1745 1069 1777; x_wconf 90' lang='lat' dir='ltr'><strong>eo</strong></span> <span class='ocrx_word' id='word_1_139' title='bbox 1114 1745 1303 1777; x_wconf 88' lang='lat' dir='ltr'><strong>assensu</strong></span> 
     </span>
     <span class='ocr_line' id='line_1_19' title="bbox 268 1808 1306 1878; baseline -0.003 -17"><span class='ocrx_word' id='word_1_140' title='bbox 268 1815 321 1861; x_wconf 91' lang='lat' dir='ltr'><strong>in</strong></span> <span class='ocrx_word' id='word_1_141' title='bbox 341 1831 395 1862; x_wconf 87' lang='lat' dir='ltr'><strong>eo</strong></span> <span class='ocrx_word' id='word_1_142' title='bbox 426 1822 585 1862; x_wconf 76' lang='lat' dir='ltr'><strong>tenere</strong></span> <span class='ocrx_word' id='word_1_143' title='bbox 614 1828 928 1878; x_wconf 81' lang='lat' dir='ltr'><strong>perseverare.</strong></span> <span class='ocrx_word' id='word_1_144' title='bbox 947 1808 1123 1877; x_wconf 85' lang='lat' dir='ltr'><strong>Atqui,</strong></span> <span class='ocrx_word' id='word_1_145' title='bbox 1155 1811 1194 1858; x_wconf 89' lang='lat' dir='ltr'><strong>si</strong></span> <span class='ocrx_word' id='word_1_146' title='bbox 1221 1809 1306 1858; x_wconf 87' lang='lat' dir='ltr'><strong>ad-</strong></span> 
     </span>
     <span class='ocr_line' id='line_1_20' title="bbox 268 1894 1305 1962; baseline -0.005 -17"><span class='ocrx_word' id='word_1_147' title='bbox 268 1898 471 1945; x_wconf 83' lang='lat' dir='ltr'><strong>mittitur</strong></span> <span class='ocrx_word' id='word_1_148' title='bbox 487 1933 501 1957; x_wconf 91' lang='lat'><strong>,</strong></span> <span class='ocrx_word' id='word_1_149' title='bbox 521 1894 659 1944; x_wconf 90' lang='lat' dir='ltr'><strong>illum</strong></span> <span class='ocrx_word' id='word_1_150' title='bbox 676 1933 691 1957; x_wconf 90' lang='lat'><strong>,</strong></span> <span class='ocrx_word' id='word_1_151' title='bbox 724 1896 806 1962; x_wconf 92' lang='lat' dir='ltr'><strong>qui</strong></span> <span class='ocrx_word' id='word_1_152' title='bbox 831 1896 1091 1943; x_wconf 88' lang='lat' dir='ltr'><strong>necessario</strong></span> <span class='ocrx_word' id='word_1_153' title='bbox 1119 1902 1305 1942; x_wconf 87' lang='lat' dir='ltr'><strong>tantum</strong></span> 
     </span>
     <span class='ocr_line' id='line_1_21' title="bbox 269 1978 1303 2046; baseline -0.005 -18"><span class='ocrx_word' id='word_1_154' title='bbox 269 1978 452 2046; x_wconf 90' lang='lat' dir='ltr'><strong>aliquid</strong></span> <span class='ocrx_word' id='word_1_155' title='bbox 486 1980 756 2043; x_wconf 81' lang='lat' dir='ltr'><strong>cognoscit,</strong></span> <span class='ocrx_word' id='word_1_156' title='bbox 801 1994 933 2043; x_wconf 85' lang='lat' dir='ltr'><strong>posse</strong></span> <span class='ocrx_word' id='word_1_157' title='bbox 971 1993 1154 2041; x_wconf 83' lang='lat' dir='ltr'><strong>semper</strong></span> <span class='ocrx_word' id='word_1_158' title='bbox 1187 1993 1303 2024; x_wconf 90' lang='lat' dir='ltr'><strong>con-</strong></span> 
     </span>
     <span class='ocr_line' id='line_1_22' title="bbox 269 2057 1305 2128; baseline -0.005 -16"><span class='ocrx_word' id='word_1_159' title='bbox 269 2064 466 2112; x_wconf 87' lang='lat' dir='ltr'><strong>trarium</strong></span> <span class='ocrx_word' id='word_1_160' title='bbox 493 2062 637 2128; x_wconf 84' lang='lat' dir='ltr'><strong>hujus</strong></span> <span class='ocrx_word' id='word_1_161' title='bbox 664 2067 849 2123; x_wconf 78' lang='lat' dir='ltr'><strong>tenere,</strong></span> <span class='ocrx_word' id='word_1_162' title='bbox 869 2057 967 2128; x_wconf 84' lang='lat' dir='ltr'><strong>jam</strong></span> <span class='ocrx_word' id='word_1_163' title='bbox 983 2061 1151 2126; x_wconf 85' lang='lat' dir='ltr'><strong>poterit</strong></span> <span class='ocrx_word' id='word_1_164' title='bbox 1166 2061 1305 2108; x_wconf 86' lang='lat' dir='ltr'><strong>etiam</strong></span> 
     </span>
     <span class='ocr_line' id='line_1_23' title="bbox 269 2146 1308 2196; baseline -0.001 -1"><span class='ocrx_word' id='word_1_165' title='bbox 269 2163 483 2196; x_wconf 88' lang='lat' dir='ltr'><strong>revocare</strong></span> <span class='ocrx_word' id='word_1_166' title='bbox 538 2147 851 2195; x_wconf 87' lang='lat' dir='ltr'><strong>necessarium</strong></span> <span class='ocrx_word' id='word_1_167' title='bbox 910 2162 1151 2194; x_wconf 80' lang='lat' dir='ltr'><strong>assensum</strong></span> <span class='ocrx_word' id='word_1_168' title='bbox 1210 2146 1308 2194; x_wconf 86' lang='lat' dir='ltr'><strong>sive</strong></span> 
     </span>
     <span class='ocr_line' id='line_1_24' title="bbox 270 2225 1309 2297; baseline -0.003 -18"><span class='ocrx_word' id='word_1_169' title='bbox 270 2230 605 2297; x_wconf 85' lang='lat' dir='ltr'><strong>quodcumque</strong></span> <span class='ocrx_word' id='word_1_170' title='bbox 633 2236 812 2277; x_wconf 77' lang='lat' dir='ltr'><strong>tenere.</strong></span> <span class='ocrx_word' id='word_1_171' title='bbox 844 2225 967 2293; x_wconf 81' lang='lat' dir='ltr'><strong>Quid</strong></span> <span class='ocrx_word' id='word_1_172' title='bbox 997 2244 1141 2293; x_wconf 89' lang='lat' dir='ltr'><strong>porro</strong></span> <span class='ocrx_word' id='word_1_173' title='bbox 1179 2227 1309 2276; x_wconf 88' lang='lat' dir='ltr'><strong>aliud</strong></span> 
     </span>
     <span class='ocr_line' id='line_1_25' title="bbox 270 2307 1308 2377; baseline -0.002 -16"><span class='ocrx_word' id='word_1_174' title='bbox 270 2313 459 2377; x_wconf 84' lang='lat' dir='ltr'><strong>sceptici</strong></span> <span class='ocrx_word' id='word_1_175' title='bbox 494 2310 676 2361; x_wconf 86' lang='lat' dir='ltr'><strong>efficere</strong></span> <span class='ocrx_word' id='word_1_176' title='bbox 711 2310 874 2360; x_wconf 87' lang='lat' dir='ltr'><strong>saltem</strong></span> <span class='ocrx_word' id='word_1_177' title='bbox 909 2307 1178 2359; x_wconf 85' lang='lat' dir='ltr'><strong>conantur?</strong></span> <span class='ocrx_word' id='word_1_178' title='bbox 1216 2309 1308 2359; x_wconf 89' lang='lat' dir='ltr'><strong>Sed</strong></span> 
     </span>
     <span class='ocr_line' id='line_1_26' title="bbox 269 2392 1309 2462; baseline -0.003 -17"><span class='ocrx_word' id='word_1_179' title='bbox 269 2413 357 2445; x_wconf 89' lang='lat' dir='ltr'><strong>nos</strong></span> <span class='ocrx_word' id='word_1_180' title='bbox 400 2396 529 2444; x_wconf 87' lang='lat' dir='ltr'><strong>hisce</strong></span> <span class='ocrx_word' id='word_1_181' title='bbox 560 2412 840 2462; x_wconf 89' lang='lat' dir='ltr'><strong>reponemus</strong></span> <span class='ocrx_word' id='word_1_182' title='bbox 868 2411 978 2443; x_wconf 91' lang='lat' dir='ltr'><strong>cum</strong></span> <span class='ocrx_word' id='word_1_183' title='bbox 1008 2393 1149 2443; x_wconf 89' lang='lat' dir='ltr'><strong>Joan.</strong></span> <span class='ocrx_word' id='word_1_184' title='bbox 1175 2392 1309 2443; x_wconf 88' lang='lat' dir='ltr'><strong>Duns</strong></span> 
     </span>
     <span class='ocr_line' id='line_1_27' title="bbox 270 2470 1311 2540; baseline -0.001 -17"><span class='ocrx_word' id='word_1_185' title='bbox 270 2473 409 2524; x_wconf 85' lang='lat' dir='ltr'><strong>Scoto</strong></span> <span class='ocrx_word' id='word_1_186' title='bbox 447 2491 463 2523; x_wconf 70' lang='grc' dir='ltr'><strong>ε</strong></span> <span class='ocrx_word' id='word_1_187' title='bbox 502 2470 565 2525; x_wconf 77' lang='lat' dir='ltr'><strong>Si</strong></span> <span class='ocrx_word' id='word_1_188' title='bbox 593 2475 706 2540; x_wconf 76' lang='lat' dir='ltr'><strong>quis</strong></span> <span class='ocrx_word' id='word_1_189' title='bbox 733 2482 955 2540; x_wconf 81' lang='lat' dir='ltr'><strong>proterve</strong></span> <span class='ocrx_word' id='word_1_190' title='bbox 993 2482 1157 2539; x_wconf 76' lang='lat' dir='ltr'><strong>neqet,</strong></span> <span class='ocrx_word' id='word_1_191' title='bbox 1202 2471 1311 2522; x_wconf 76' lang='lat' dir='ltr'><strong>illos</strong></span> 
     </span>
     <span class='ocr_line' id='line_1_28' title="bbox 273 2557 1310 2614; baseline -0.001 -8"><span class='ocrx_word' id='word_1_192' title='bbox 273 2565 413 2606; x_wconf 76' lang='lat' dir='ltr'><strong>aetus</strong></span> <span class='ocrx_word' id='word_1_193' title='bbox 445 2558 600 2605; x_wconf 70' lang='lat' dir='ltr'><strong>inesse</strong></span> <span class='ocrx_word' id='word_1_194' title='bbox 641 2557 834 2606; x_wconf 77' lang='lat' dir='ltr'><strong>homini</strong></span> <span class='ocrx_word' id='word_1_195' title='bbox 847 2594 863 2614; x_wconf 89' lang='lat'>‚</span> <span class='ocrx_word' id='word_1_196' title='bbox 894 2573 997 2606; x_wconf 74' lang='lat' dir='ltr'><strong>non</strong></span> <span class='ocrx_word' id='word_1_197' title='bbox 1028 2566 1097 2605; x_wconf 77' lang='lat' dir='ltr'><strong>est</strong></span> <span class='ocrx_word' id='word_1_198' title='bbox 1119 2574 1231 2606; x_wconf 79' lang='lat' dir='ltr'><strong>eum</strong></span> <span class='ocrx_word' id='word_1_199' title='bbox 1258 2573 1310 2605; x_wconf 93' lang='lat' dir='ltr'><strong>eo</strong></span> 
     </span>
     <span class='ocr_line' id='line_1_29' title="bbox 275 2640 1312 2707; baseline -0.002 -17"><span class='ocrx_word' id='word_1_200' title='bbox 275 2641 485 2690; x_wconf 76' lang='lat' dir='ltr'><strong>ulterius</strong></span> <span class='ocrx_word' id='word_1_201' title='bbox 516 2640 870 2707; x_wconf 78' lang='lat' dir='ltr'><strong>disputandum</strong></span> <span class='ocrx_word' id='word_1_202' title='bbox 889 2677 908 2704; x_wconf 85' lang='lat'><em>‚</em></span> <span class='ocrx_word' id='word_1_203' title='bbox 938 2642 1065 2689; x_wconf 77' lang='lat' dir='ltr'><strong>sieut</strong></span> <span class='ocrx_word' id='word_1_204' title='bbox 1092 2657 1180 2689; x_wconf 75' lang='lat' dir='ltr'><strong>nec</strong></span> <span class='ocrx_word' id='word_1_205' title='bbox 1197 2656 1312 2688; x_wconf 79' lang='lat' dir='ltr'><strong>cum</strong></span> 
     </span>
     <span class='ocr_line' id='line_1_30' title="bbox 275 2721 1314 2783; baseline -0.003 -10"><span class='ocrx_word' id='word_1_206' title='bbox 275 2724 464 2773; x_wconf 78' lang='lat' dir='ltr'><strong>dicente</strong></span> <span class='ocrx_word' id='word_1_207' title='bbox 492 2743 511 2772; x_wconf 89' lang='lat'><strong>.·</strong></span> <span class='ocrx_word' id='word_1_208' title='bbox 543 2723 659 2773; x_wconf 80' lang='lat' dir='ltr'><strong>Non</strong></span> <span class='ocrx_word' id='word_1_209' title='bbox 683 2723 819 2773; x_wconf 81' lang='lat' dir='ltr'><strong>video</strong></span> <span class='ocrx_word' id='word_1_210' title='bbox 851 2722 1053 2773; x_wconf 84' lang='lat' dir='ltr'><strong>colorem</strong></span> <span class='ocrx_word' id='word_1_211' title='bbox 1069 2744 1089 2783; x_wconf 90' lang='lat'><em>;</em></span> <span class='ocrx_word' id='word_1_212' title='bbox 1119 2723 1204 2771; x_wconf 82' lang='lat' dir='ltr'><strong>sed</strong></span> <span class='ocrx_word' id='word_1_213' title='bbox 1233 2721 1314 2770; x_wconf 73' lang='lat' dir='ltr'><strong>illi</strong></span> 
     </span>
     <span class='ocr_line' id='line_1_31' title="bbox 276 2807 1313 2874; baseline -0.002 -17"><span class='ocrx_word' id='word_1_214' title='bbox 276 2807 537 2858; x_wconf 73' lang='lat' dir='ltr'><strong>dicendum</strong></span> <span class='ocrx_word' id='word_1_215' title='bbox 572 2826 590 2858; x_wconf 91' lang='lat'><strong>.·</strong></span> <span class='ocrx_word' id='word_1_216' title='bbox 637 2807 721 2856; x_wconf 82' lang='lat' dir='ltr'><strong>Tu</strong></span> <span class='ocrx_word' id='word_1_217' title='bbox 750 2807 943 2874; x_wconf 78' lang='lat' dir='ltr'><strong>indiqes</strong></span> <span class='ocrx_word' id='word_1_218' title='bbox 972 2823 1148 2864; x_wconf 78' lang='lat' dir='ltr'><strong>semu,</strong></span> <span class='ocrx_word' id='word_1_219' title='bbox 1191 2808 1313 2872; x_wconf 79' lang='lat' dir='ltr'><strong>quia</strong></span> 
     </span>
     <span class='ocr_line' id='line_1_32' title="bbox 277 2889 1314 2957; baseline -0.004 -16"><span class='ocrx_word' id='word_1_220' title='bbox 277 2908 433 2941; x_wconf 79' lang='lat' dir='ltr'><strong>coecue</strong></span> <span class='ocrx_word' id='word_1_221' title='bbox 461 2908 530 2941; x_wconf 77' lang='lat' dir='ltr'><strong>es.</strong></span> <span class='ocrx_word' id='word_1_222' title='bbox 563 2889 651 2939; x_wconf 81' lang='lat' dir='ltr'><strong>Ita</strong></span> <span class='ocrx_word' id='word_1_223' title='bbox 676 2892 796 2956; x_wconf 80' lang='lat' dir='ltr'><strong>quia</strong></span> <span class='ocrx_word' id='word_1_224' title='bbox 820 2890 1029 2957; x_wconf 79' lang='lat' dir='ltr'><strong>quodam</strong></span> <span class='ocrx_word' id='word_1_225' title='bbox 1057 2906 1203 2938; x_wconf 75' lang='lat' dir='ltr'><strong>semu</strong></span> <span class='ocrx_word' id='word_1_226' title='bbox 1230 2891 1314 2938; x_wconf 75' lang='lat' dir='ltr'><strong>in-</strong></span> 
     </span>
     <span class='ocr_line' id='line_1_33' title="bbox 278 2973 1309 3040; baseline -0.001 -17"><span class='ocrx_word' id='word_1_227' title='bbox 278 2973 450 3023; x_wconf 77' lang='lat' dir='ltr'><strong>teriori</strong></span> <span class='ocrx_word' id='word_1_228' title='bbox 475 2975 756 3040; x_wconf 71' lang='lat' dir='ltr'><strong>experimur</strong></span> <span class='ocrx_word' id='word_1_229' title='bbox 770 2975 887 3022; x_wconf 76' lang='lat' dir='ltr'><strong>istos</strong></span> <span class='ocrx_word' id='word_1_230' title='bbox 906 2982 1044 3022; x_wconf 79' lang='lat' dir='ltr'><strong>actus</strong></span> <span class='ocrx_word' id='word_1_231' title='bbox 1066 2974 1122 3021; x_wconf 75' lang='lat' dir='ltr'><strong>in</strong></span> <span class='ocrx_word' id='word_1_232' title='bbox 1138 2973 1281 3022; x_wconf 74' lang='lat' dir='ltr'><strong>‘nobis</strong></span> <span class='ocrx_word' id='word_1_233' title='bbox 1290 3009 1309 3036; x_wconf 88' lang='lat'><strong>,</strong></span> 
     </span>
     <span class='ocr_line' id='line_1_34' title="bbox 281 3056 1314 3123; baseline 0.002 -19"><span class='ocrx_word' id='word_1_234' title='bbox 281 3059 330 3105; x_wconf 76' lang='lat' dir='ltr'><strong>si</strong></span> <span class='ocrx_word' id='word_1_235' title='bbox 346 3058 461 3106; x_wconf 79' lang='lat' dir='ltr'><strong>istos</strong></span> <span class='ocrx_word' id='word_1_236' title='bbox 477 3066 614 3123; x_wconf 75' lang='lat' dir='ltr'><strong>neqet</strong></span> <span class='ocrx_word' id='word_1_237' title='bbox 628 3093 646 3120; x_wconf 93' lang='lat'>‚</span> <span class='ocrx_word' id='word_1_238' title='bbox 672 3056 934 3106; x_wconf 78' lang='lat' dir='ltr'><strong>dicendum</strong></span> <span class='ocrx_word' id='word_1_239' title='bbox 963 3067 1062 3119; x_wconf 84' lang='lat' dir='ltr'><strong>est,</strong></span> <span class='ocrx_word' id='word_1_240' title='bbox 1089 3074 1199 3106; x_wconf 79' lang='lat' dir='ltr'><strong>eum</strong></span> <span class='ocrx_word' id='word_1_241' title='bbox 1213 3074 1314 3106; x_wconf 78' lang='lat' dir='ltr'><strong>non</strong></span> 
     </span>
     <span class='ocr_line' id='line_1_35' title="bbox 282 3139 1311 3207; baseline 0 -18"><span class='ocrx_word' id='word_1_242' title='bbox 282 3156 381 3189; x_wconf 74' lang='lat' dir='ltr'><strong>esse</strong></span> <span class='ocrx_word' id='word_1_243' title='bbox 413 3139 690 3203; x_wconf 78' lang='lat' dir='ltr'><strong>hominem,</strong></span> <span class='ocrx_word' id='word_1_244' title='bbox 722 3142 841 3207; x_wconf 81' lang='lat' dir='ltr'><strong>quia</strong></span> <span class='ocrx_word' id='word_1_245' title='bbox 871 3157 974 3190; x_wconf 78' lang='lat' dir='ltr'><strong>non</strong></span> <span class='ocrx_word' id='word_1_246' title='bbox 1006 3140 1148 3190; x_wconf 79' lang='lat' dir='ltr'><strong>habet</strong></span> <span class='ocrx_word' id='word_1_247' title='bbox 1177 3139 1311 3189; x_wconf 81' lang='lat' dir='ltr'><strong>illam</strong></span> 
     </span>
     <span class='ocr_line' id='line_1_36' title="bbox 283 3223 1315 3289; baseline -0.001 -18"><span class='ocrx_word' id='word_1_248' title='bbox 283 3223 518 3271; x_wconf 75' lang='lat' dir='ltr'><strong>visionem</strong></span> <span class='ocrx_word' id='word_1_249' title='bbox 557 3225 875 3287; x_wconf 77' lang='lat' dir='ltr'><strong>interiorem,</strong></span> <span class='ocrx_word' id='word_1_250' title='bbox 912 3241 1056 3289; x_wconf 79' lang='lat' dir='ltr'><strong>quam</strong></span> <span class='ocrx_word' id='word_1_251' title='bbox 1098 3224 1196 3271; x_wconf 80' lang='lat' dir='ltr'><strong>alii</strong></span> <span class='ocrx_word' id='word_1_252' title='bbox 1230 3239 1315 3271; x_wconf 73' lang='lat' dir='ltr'><strong>ex-</strong></span> 
     </span>
     <span class='ocr_line' id='line_1_37' title="bbox 279 3305 1314 3373; baseline 0.003 -19"><span class='ocrx_word' id='word_1_253' title='bbox 279 3307 543 3373; x_wconf 80' lang='lat' dir='ltr'><strong>periuntur</strong></span> <span class='ocrx_word' id='word_1_254' title='bbox 567 3323 616 3354; x_wconf 84' lang='lat' dir='ltr'><strong>se</strong></span> <span class='ocrx_word' id='word_1_255' title='bbox 639 3305 830 3357; x_wconf 77' lang='lat' dir='ltr'><strong>habere.</strong></span> <span class='ocrx_word' id='word_1_256' title='bbox 859 3305 931 3355; x_wconf 78' lang='lat' dir='ltr'><strong>In</strong></span> <span class='ocrx_word' id='word_1_257' title='bbox 948 3306 1036 3357; x_wconf 79' lang='lat' dir='ltr'><strong>lib.</strong></span> <span class='ocrx_word' id='word_1_258' title='bbox 1068 3317 1114 3355; x_wconf 77' lang='lat' dir='ltr'><strong>lv</strong></span> <span class='ocrx_word' id='word_1_259' title='bbox 1132 3344 1145 3366; x_wconf 89' lang='lat'><strong>,</strong></span> <span class='ocrx_word' id='word_1_260' title='bbox 1178 3305 1314 3357; x_wconf 76' lang='lat' dir='ltr'><strong>Sem.</strong></span> 
     </span>
     <span class='ocr_line' id='line_1_38' title="bbox 287 3387 681 3455; baseline -0.005 -15"><span class='ocrx_word' id='word_1_261' title='bbox 287 3390 394 3440; x_wconf 84' lang='lat' dir='ltr'><strong>dist.</strong></span> <span class='ocrx_word' id='word_1_262' title='bbox 423 3387 519 3454; x_wconf 73' lang='grc'><strong>43,</strong></span> <span class='ocrx_word' id='word_1_263' title='bbox 551 3407 600 3455; x_wconf 86' lang='lat' dir='ltr'><strong>q.</strong></span> <span class='ocrx_word' id='word_1_264' title='bbox 629 3403 681 3439; x_wconf 82' lang='lat'><strong>2.</strong></span> 
     </span>
    </p>

    <p class='ocr_par' dir='ltr' id='par_1_6' title="bbox 292 3470 1320 3623">
     <span class='ocr_line' id='line_1_39' title="bbox 359 3470 1320 3537; baseline 0.005 -19"><span class='ocrx_word' id='word_1_265' title='bbox 359 3470 428 3537; x_wconf 83' lang='lat'><strong>(1)</strong></span> <span class='ocrx_word' id='word_1_266' title='bbox 466 3471 763 3521; x_wconf 82' lang='lat' dir='ltr'><strong>Remittimus</strong></span> <span class='ocrx_word' id='word_1_267' title='bbox 786 3491 870 3522; x_wconf 88' lang='lat' dir='ltr'><strong>nos</strong></span> <span class='ocrx_word' id='word_1_268' title='bbox 898 3473 959 3522; x_wconf 90' lang='lat' dir='ltr'><strong>ob</strong></span> <span class='ocrx_word' id='word_1_269' title='bbox 989 3473 1038 3522; x_wconf 88' lang='lat' dir='ltr'><strong>id</strong></span> <span class='ocrx_word' id='word_1_270' title='bbox 1063 3474 1123 3522; x_wconf 87' lang='lat' dir='ltr'><strong>ad</strong></span> <span class='ocrx_word' id='word_1_271' title='bbox 1151 3472 1320 3523; x_wconf 86' lang='lat' dir='ltr'><strong>articu-</strong></span> 
     </span>
     <span class='ocr_line' id='line_1_40' title="bbox 292 3556 1151 3623; baseline -0.001 -19"><span class='ocrx_word' id='word_1_272' title='bbox 292 3556 391 3604; x_wconf 90' lang='lat' dir='ltr'><strong>lum</strong></span> <span class='ocrx_word' id='word_1_273' title='bbox 415 3559 631 3604; x_wconf 84' lang='lat' dir='ltr'><strong>nostrum</strong></span> <span class='ocrx_word' id='word_1_274' title='bbox 662 3556 922 3604; x_wconf 89' lang='lat' dir='ltr'><strong>secundum</strong></span> <span class='ocrx_word' id='word_1_275' title='bbox 947 3558 1044 3623; x_wconf 85' lang='lat' dir='ltr'><strong>jam</strong></span> <span class='ocrx_word' id='word_1_276' title='bbox 1073 3558 1151 3605; x_wconf 87' lang='lat' dir='ltr'><strong>cit.</strong></span> 
     </span>
    </p>
   </div>
   <div class='ocr_carea' id='block_1_5' title="bbox 361 3638 1318 3705">
    <p class='ocr_par' dir='ltr' id='par_1_7' title="bbox 361 3638 1318 3705">
     <span class='ocr_line' id='line_1_41' title="bbox 361 3638 1318 3705; baseline 0.001 -18"><span class='ocrx_word' id='word_1_277' title='bbox 361 3638 430 3705; x_wconf 74' lang='lat'><strong>(2)</strong></span> <span class='ocrx_word' id='word_1_278' title='bbox 468 3639 714 3690; x_wconf 83' lang='lat' dir='ltr'><strong>Distinctio</strong></span> <span class='ocrx_word' id='word_1_279' title='bbox 741 3642 934 3690; x_wconf 86' lang='lat' dir='ltr'><strong>rationis</strong></span> <span class='ocrx_word' id='word_1_280' title='bbox 950 3644 1001 3690; x_wconf 84' lang='lat' dir='ltr'><strong>in</strong></span> <span class='ocrx_word' id='word_1_281' title='bbox 1016 3641 1318 3690; x_wconf 75' lang='lat' dir='ltr'><strong>theoreticam</strong></span> 
     </span>
    </p>
   </div>
   <div class='ocr_carea' id='block_1_6' title="bbox 1384 1232 2425 3536">
    <p class='ocr_par' dir='ltr' id='par_1_8' title="bbox 1384 1232 2425 3456">
     <span class='ocr_line' id='line_1_42' title="bbox 1386 1232 2414 1299; baseline 0.002 -19"><span class='ocrx_word' id='word_1_282' title='bbox 1386 1241 1432 1280; x_wconf 90' lang='lat' dir='ltr'><strong>et</strong></span> <span class='ocrx_word' id='word_1_283' title='bbox 1450 1232 1724 1298; x_wconf 78' lang='lat' dir='ltr'><strong>practicam</strong></span> <span class='ocrx_word' id='word_1_284' title='bbox 1747 1232 2068 1299; x_wconf 84' lang='lat' dir='ltr'><strong>antiquissima</strong></span> <span class='ocrx_word' id='word_1_285' title='bbox 2098 1242 2195 1292; x_wconf 89' lang='lat' dir='ltr'><strong>est,</strong></span> <span class='ocrx_word' id='word_1_286' title='bbox 2230 1242 2276 1282; x_wconf 86' lang='lat' dir='ltr'><strong>et</strong></span> <span class='ocrx_word' id='word_1_287' title='bbox 2306 1249 2414 1282; x_wconf 89' lang='lat' dir='ltr'><strong>cum</strong></span> 
     </span>
     <span class='ocr_line' id='line_1_43' title="bbox 1385 1314 2416 1381; baseline -0.001 -17"><span class='ocrx_word' id='word_1_288' title='bbox 1385 1315 1443 1364; x_wconf 83' lang='lat' dir='ltr'><strong>ab</strong></span> <span class='ocrx_word' id='word_1_289' title='bbox 1463 1317 1565 1379; x_wconf 86' lang='lat' dir='ltr'><strong>ipso</strong></span> <span class='ocrx_word' id='word_1_290' title='bbox 1579 1314 1823 1364; x_wconf 83' lang='lat' dir='ltr'><strong>Aristotele</strong></span> <span class='ocrx_word' id='word_1_291' title='bbox 1852 1326 1954 1363; x_wconf 85' lang='lat' dir='ltr'><strong>tum</strong></span> <span class='ocrx_word' id='word_1_292' title='bbox 1983 1331 2145 1381; x_wconf 86' lang='lat' dir='ltr'><strong>saepea</strong></span> <span class='ocrx_word' id='word_1_293' title='bbox 2161 1314 2215 1365; x_wconf 91' lang='lat' dir='ltr'><strong>S.</strong></span> <span class='ocrx_word' id='word_1_294' title='bbox 2234 1314 2416 1363; x_wconf 87' lang='lat' dir='ltr'><strong>Thoma</strong></span> 
     </span>
     <span class='ocr_line' id='line_1_44' title="bbox 1384 1397 2416 1463; baseline 0.001 -18"><span class='ocrx_word' id='word_1_295' title='bbox 1384 1414 1439 1446; x_wconf 89' lang='lat' dir='ltr'><strong>ac</strong></span> <span class='ocrx_word' id='word_1_296' title='bbox 1453 1397 1738 1447; x_wconf 81' lang='lat' dir='ltr'><strong>scholasticis</strong></span> <span class='ocrx_word' id='word_1_297' title='bbox 1753 1401 1924 1447; x_wconf 83' lang='lat' dir='ltr'><strong>caeteris</strong></span> <span class='ocrx_word' id='word_1_298' title='bbox 1938 1409 2154 1463; x_wconf 86' lang='lat' dir='ltr'><strong>usurpata</strong></span> <span class='ocrx_word' id='word_1_299' title='bbox 2168 1415 2182 1461; x_wconf 83' lang='lat'>3</span> <span class='ocrx_word' id='word_1_300' title='bbox 2202 1398 2282 1447; x_wconf 88' lang='lat' dir='ltr'><strong>sed</strong></span> <span class='ocrx_word' id='word_1_301' title='bbox 2297 1397 2416 1446; x_wconf 92' lang='lat' dir='ltr'><strong>illud</strong></span> 
     </span>
     <span class='ocr_line' id='line_1_45' title="bbox 1385 1478 2418 1541; baseline -0.002 -12"><span class='ocrx_word' id='word_1_302' title='bbox 1385 1478 1533 1529; x_wconf 88' lang='lat' dir='ltr'><strong>etiam</strong></span> <span class='ocrx_word' id='word_1_303' title='bbox 1571 1483 1901 1541; x_wconf 85' lang='lat' dir='ltr'><strong>verissimum,</strong></span> <span class='ocrx_word' id='word_1_304' title='bbox 1936 1496 2089 1528; x_wconf 81' lang='lat' dir='ltr'><strong>unam</strong></span> <span class='ocrx_word' id='word_1_305' title='bbox 2124 1490 2308 1529; x_wconf 87' lang='lat' dir='ltr'><strong>tantum</strong></span> <span class='ocrx_word' id='word_1_306' title='bbox 2346 1496 2418 1528; x_wconf 87' lang='lat' dir='ltr'><strong>ra-</strong></span> 
     </span>
     <span class='ocr_line' id='line_1_46' title="bbox 1385 1563 2413 1630; baseline 0 -19"><span class='ocrx_word' id='word_1_307' title='bbox 1385 1564 1563 1612; x_wconf 88' lang='lat' dir='ltr'><strong>tionem</strong></span> <span class='ocrx_word' id='word_1_308' title='bbox 1610 1563 1671 1612; x_wconf 91' lang='lat' dir='ltr'><strong>ab</strong></span> <span class='ocrx_word' id='word_1_309' title='bbox 1723 1565 1780 1612; x_wconf 91' lang='lat' dir='ltr'><strong>iis</strong></span> <span class='ocrx_word' id='word_1_310' title='bbox 1829 1565 2032 1629; x_wconf 85' lang='lat' dir='ltr'><strong>agnitam</strong></span> <span class='ocrx_word' id='word_1_311' title='bbox 2079 1563 2223 1612; x_wconf 86' lang='lat' dir='ltr'><strong>fuisse</strong></span> <span class='ocrx_word' id='word_1_312' title='bbox 2242 1600 2256 1625; x_wconf 96' lang='lat'><strong>,</strong></span> <span class='ocrx_word' id='word_1_313' title='bbox 2305 1579 2413 1630; x_wconf 84' lang='lat' dir='ltr'><strong>quae</strong></span> 
     </span>
     <span class='ocr_line' id='line_1_47' title="bbox 1386 1647 2418 1714; baseline 0.003 -20"><span class='ocrx_word' id='word_1_314' title='bbox 1386 1664 1561 1712; x_wconf 89' lang='lat' dir='ltr'><strong>nempe</strong></span> <span class='ocrx_word' id='word_1_315' title='bbox 1574 1683 1587 1708; x_wconf 89' lang='lat'><strong>,</strong></span> <span class='ocrx_word' id='word_1_316' title='bbox 1615 1649 1654 1695; x_wconf 85' lang='lat' dir='ltr'><strong>si</strong></span> <span class='ocrx_word' id='word_1_317' title='bbox 1681 1648 1732 1695; x_wconf 88' lang='lat' dir='ltr'><strong>in</strong></span> <span class='ocrx_word' id='word_1_318' title='bbox 1753 1663 1883 1696; x_wconf 88' lang='lat' dir='ltr'><strong>mera</strong></span> <span class='ocrx_word' id='word_1_319' title='bbox 1902 1647 2294 1713; x_wconf 76' lang='lat' dir='ltr'><strong>contemplatione</strong></span> <span class='ocrx_word' id='word_1_320' title='bbox 2312 1666 2418 1714; x_wconf 88' lang='lat' dir='ltr'><strong>spe-</strong></span> 
     </span>
     <span class='ocr_line' id='line_1_48' title="bbox 1387 1728 2417 1790; baseline 0.004 -14"><span class='ocrx_word' id='word_1_321' title='bbox 1387 1728 1590 1777; x_wconf 83' lang='lat' dir='ltr'><strong>culativa</strong></span> <span class='ocrx_word' id='word_1_322' title='bbox 1607 1730 1701 1778; x_wconf 86' lang='lat' dir='ltr'><strong>veri</strong></span> <span class='ocrx_word' id='word_1_323' title='bbox 1720 1731 1873 1790; x_wconf 87' lang='lat' dir='ltr'><strong>sistit,</strong></span> <span class='ocrx_word' id='word_1_324' title='bbox 1903 1729 2182 1790; x_wconf 77' lang='lat' dir='ltr'><strong>theoretica,</strong></span> <span class='ocrx_word' id='word_1_325' title='bbox 2206 1732 2244 1777; x_wconf 87' lang='lat' dir='ltr'><strong>si</strong></span> <span class='ocrx_word' id='word_1_326' title='bbox 2263 1740 2417 1780; x_wconf 88' lang='lat' dir='ltr'><strong>autem</strong></span> 
     </span>
     <span class='ocr_line' id='line_1_49' title="bbox 1388 1811 2422 1878; baseline 0.001 -19"><span class='ocrx_word' id='word_1_327' title='bbox 1388 1811 1702 1876; x_wconf 85' lang='lat' dir='ltr'><strong>cognitionem</strong></span> <span class='ocrx_word' id='word_1_328' title='bbox 1734 1813 1831 1860; x_wconf 83' lang='lat' dir='ltr'><strong>veri</strong></span> <span class='ocrx_word' id='word_1_329' title='bbox 1870 1811 2053 1860; x_wconf 87' lang='lat' dir='ltr'><strong>ordinat</strong></span> <span class='ocrx_word' id='word_1_330' title='bbox 2081 1811 2142 1860; x_wconf 88' lang='lat' dir='ltr'><strong>ad</strong></span> <span class='ocrx_word' id='word_1_331' title='bbox 2178 1829 2324 1878; x_wconf 90' lang='lat' dir='ltr'><strong>opus,</strong></span> <span class='ocrx_word' id='word_1_332' title='bbox 2365 1829 2422 1860; x_wconf 89' lang='lat' dir='ltr'><strong>ac</strong></span> 
     </span>
     <span class='ocr_line' id='line_1_50' title="bbox 1389 1890 2419 1959; baseline 0.001 -18"><span class='ocrx_word' id='word_1_333' title='bbox 1389 1890 1540 1942; x_wconf 80' lang='lat' dir='ltr'><strong>mores</strong></span> <span class='ocrx_word' id='word_1_334' title='bbox 1589 1892 1786 1959; x_wconf 86' lang='lat' dir='ltr'><strong>proinde</strong></span> <span class='ocrx_word' id='word_1_335' title='bbox 1834 1892 2102 1942; x_wconf 86' lang='lat' dir='ltr'><strong>moderatur</strong></span> <span class='ocrx_word' id='word_1_336' title='bbox 2129 1929 2144 1953; x_wconf 90' lang='lat'><strong>,</strong></span> <span class='ocrx_word' id='word_1_337' title='bbox 2197 1891 2419 1959; x_wconf 73' lang='lat' dir='ltr'><strong>practica</strong></span> 
     </span>
     <span class='ocr_line' id='line_1_51' title="bbox 1389 1974 2419 2041; baseline 0.002 -18"><span class='ocrx_word' id='word_1_338' title='bbox 1389 1975 1513 2024; x_wconf 88' lang='lat' dir='ltr'><strong>dicta</strong></span> <span class='ocrx_word' id='word_1_339' title='bbox 1558 1985 1646 2024; x_wconf 88' lang='lat' dir='ltr'><strong>est.</strong></span> <span class='ocrx_word' id='word_1_340' title='bbox 1691 1974 1843 2035; x_wconf 90' lang='lat' dir='ltr'><strong>Hinc,</strong></span> <span class='ocrx_word' id='word_1_341' title='bbox 1894 1975 2125 2041; x_wconf 88' lang='lat' dir='ltr'><strong>quidquid</strong></span> <span class='ocrx_word' id='word_1_342' title='bbox 2169 1993 2196 2024; x_wconf 86' lang='lat' dir='ltr'><strong>a</strong></span> <span class='ocrx_word' id='word_1_343' title='bbox 2239 1977 2419 2025; x_wconf 88' lang='lat' dir='ltr'><strong>ratione</strong></span> 
     </span>
     <span class='ocr_line' id='line_1_52' title="bbox 1391 2057 2418 2124; baseline 0.001 -18"><span class='ocrx_word' id='word_1_344' title='bbox 1391 2060 1592 2124; x_wconf 89' lang='lat' dir='ltr'><strong>practica</strong></span> <span class='ocrx_word' id='word_1_345' title='bbox 1611 2057 1879 2107; x_wconf 89' lang='lat' dir='ltr'><strong>decernitur</strong></span> <span class='ocrx_word' id='word_1_346' title='bbox 1894 2094 1910 2122; x_wconf 88' lang='lat'><strong>,</strong></span> <span class='ocrx_word' id='word_1_347' title='bbox 1943 2074 2125 2122; x_wconf 86' lang='lat' dir='ltr'><strong>semper</strong></span> <span class='ocrx_word' id='word_1_348' title='bbox 2148 2060 2199 2106; x_wconf 89' lang='lat' dir='ltr'><strong>in</strong></span> <span class='ocrx_word' id='word_1_349' title='bbox 2221 2060 2319 2124; x_wconf 86' lang='lat' dir='ltr'><strong>ipsa</strong></span> <span class='ocrx_word' id='word_1_350' title='bbox 2342 2075 2418 2107; x_wconf 88' lang='lat' dir='ltr'><strong>ra-</strong></span> 
     </span>
     <span class='ocr_line' id='line_1_53' title="bbox 1390 2137 2421 2189; baseline 0 -2"><span class='ocrx_word' id='word_1_351' title='bbox 1390 2141 1518 2189; x_wconf 82' lang='lat' dir='ltr'><strong>tione</strong></span> <span class='ocrx_word' id='word_1_352' title='bbox 1549 2139 1801 2188; x_wconf 87' lang='lat' dir='ltr'><strong>theoretica</strong></span> <span class='ocrx_word' id='word_1_353' title='bbox 1818 2157 1957 2188; x_wconf 90' lang='lat' dir='ltr'><strong>suum</strong></span> <span class='ocrx_word' id='word_1_354' title='bbox 1976 2137 2117 2188; x_wconf 86' lang='lat' dir='ltr'><strong>debet</strong></span> <span class='ocrx_word' id='word_1_355' title='bbox 2133 2138 2421 2188; x_wconf 86' lang='lat' dir='ltr'><strong>fundamen-</strong></span> 
     </span>
     <span class='ocr_line' id='line_1_54' title="bbox 1391 2223 2419 2273; baseline 0 -1"><span class='ocrx_word' id='word_1_356' title='bbox 1391 2228 1494 2273; x_wconf 87' lang='lat' dir='ltr'><strong>tum</strong></span> <span class='ocrx_word' id='word_1_357' title='bbox 1510 2223 1702 2273; x_wconf 88' lang='lat' dir='ltr'><strong>habere.</strong></span> <span class='ocrx_word' id='word_1_358' title='bbox 1732 2223 2068 2273; x_wconf 86' lang='lat' dir='ltr'><strong>Instaurationi</strong></span> <span class='ocrx_word' id='word_1_359' title='bbox 2094 2223 2167 2273; x_wconf 87' lang='lat' dir='ltr'><strong>vel</strong></span> <span class='ocrx_word' id='word_1_360' title='bbox 2194 2224 2419 2273; x_wconf 83' lang='lat' dir='ltr'><strong>eversioni</strong></span> 
     </span>
     <span class='ocr_line' id='line_1_55' title="bbox 1391 2306 2420 2356; baseline -0.001 -1"><span class='ocrx_word' id='word_1_361' title='bbox 1391 2306 1633 2356; x_wconf 80' lang='lat' dir='ltr'><strong>Kantianae</strong></span> <span class='ocrx_word' id='word_1_362' title='bbox 1655 2306 1852 2356; x_wconf 89' lang='lat' dir='ltr'><strong>debetur</strong></span> <span class='ocrx_word' id='word_1_363' title='bbox 1882 2323 1938 2356; x_wconf 85' lang='lat' dir='ltr'><strong>ea</strong></span> <span class='ocrx_word' id='word_1_364' title='bbox 1974 2306 2226 2356; x_wconf 84' lang='lat' dir='ltr'><strong>essentialis</strong></span> <span class='ocrx_word' id='word_1_365' title='bbox 2257 2306 2420 2355; x_wconf 86' lang='lat' dir='ltr'><strong>distin-</strong></span> 
     </span>
     <span class='ocr_line' id='line_1_56' title="bbox 1393 2388 2421 2456; baseline -0.002 -17"><span class='ocrx_word' id='word_1_366' title='bbox 1393 2393 1485 2439; x_wconf 88' lang='lat' dir='ltr'><strong>ctio</strong></span> <span class='ocrx_word' id='word_1_367' title='bbox 1502 2428 1517 2452; x_wconf 96' lang='lat'><strong>,</strong></span> <span class='ocrx_word' id='word_1_368' title='bbox 1543 2408 1637 2456; x_wconf 87' lang='lat' dir='ltr'><strong>qua</strong></span> <span class='ocrx_word' id='word_1_369' title='bbox 1661 2392 1779 2439; x_wconf 86' lang='lat' dir='ltr'><strong>ratio</strong></span> <span class='ocrx_word' id='word_1_370' title='bbox 1812 2390 2020 2439; x_wconf 87' lang='lat' dir='ltr'><strong>humana</strong></span> <span class='ocrx_word' id='word_1_371' title='bbox 2050 2391 2100 2438; x_wconf 88' lang='lat' dir='ltr'><strong>in</strong></span> <span class='ocrx_word' id='word_1_372' title='bbox 2123 2390 2239 2438; x_wconf 84' lang='lat' dir='ltr'><strong>duas</strong></span> <span class='ocrx_word' id='word_1_373' title='bbox 2276 2388 2421 2438; x_wconf 84' lang='lat' dir='ltr'><strong>veluti</strong></span> 
     </span>
     <span class='ocr_line' id='line_1_57' title="bbox 1394 2473 2422 2540; baseline -0.002 -17"><span class='ocrx_word' id='word_1_374' title='bbox 1394 2483 1546 2540; x_wconf 84' lang='lat' dir='ltr'><strong>partes</strong></span> <span class='ocrx_word' id='word_1_375' title='bbox 1575 2483 1642 2523; x_wconf 85' lang='lat' dir='ltr'><strong>est</strong></span> <span class='ocrx_word' id='word_1_376' title='bbox 1668 2476 1809 2522; x_wconf 87' lang='lat' dir='ltr'><strong>scissa</strong></span> <span class='ocrx_word' id='word_1_377' title='bbox 1828 2511 1841 2531; x_wconf 89' lang='lat'><strong>,</strong></span> <span class='ocrx_word' id='word_1_378' title='bbox 1873 2489 1979 2540; x_wconf 82' lang='lat' dir='ltr'><strong>quae</strong></span> <span class='ocrx_word' id='word_1_379' title='bbox 2008 2473 2148 2523; x_wconf 88' lang='lat' dir='ltr'><strong>simul</strong></span> <span class='ocrx_word' id='word_1_380' title='bbox 2173 2473 2422 2539; x_wconf 84' lang='lat' dir='ltr'><strong>confligant</strong></span> 
     </span>
     <span class='ocr_line' id='line_1_58' title="bbox 1395 2556 2423 2624; baseline -0.002 -16"><span class='ocrx_word' id='word_1_381' title='bbox 1395 2568 1603 2624; x_wconf 83' lang='lat' dir='ltr'><strong>oportet,</strong></span> <span class='ocrx_word' id='word_1_382' title='bbox 1631 2557 1744 2613; x_wconf 87' lang='lat' dir='ltr'><strong>dum</strong></span> <span class='ocrx_word' id='word_1_383' title='bbox 1772 2560 1892 2605; x_wconf 84' lang='lat' dir='ltr'><strong>ratio</strong></span> <span class='ocrx_word' id='word_1_384' title='bbox 1915 2558 2136 2623; x_wconf 80' lang='lat' dir='ltr'><strong>practica</strong></span> <span class='ocrx_word' id='word_1_385' title='bbox 2151 2556 2270 2606; x_wconf 88' lang='lat' dir='ltr'><strong>illud</strong></span> <span class='ocrx_word' id='word_1_386' title='bbox 2286 2557 2423 2607; x_wconf 88' lang='lat' dir='ltr'><strong>debet</strong></span> 
     </span>
     <span class='ocr_line' id='line_1_59' title="bbox 1396 2639 2421 2706; baseline -0.002 -17"><span class='ocrx_word' id='word_1_387' title='bbox 1396 2640 1644 2689; x_wconf 84' lang='lat' dir='ltr'><strong>admittere</strong></span> <span class='ocrx_word' id='word_1_388' title='bbox 1674 2657 1730 2688; x_wconf 86' lang='lat' dir='ltr'><strong>ex</strong></span> <span class='ocrx_word' id='word_1_389' title='bbox 1763 2639 1917 2688; x_wconf 89' lang='lat' dir='ltr'><strong>officio</strong></span> <span class='ocrx_word' id='word_1_390' title='bbox 1945 2639 2111 2688; x_wconf 89' lang='lat' dir='ltr'><strong>morali</strong></span> <span class='ocrx_word' id='word_1_391' title='bbox 2140 2648 2194 2689; x_wconf 87' lang='lat' dir='ltr'><strong>ut</strong></span> <span class='ocrx_word' id='word_1_392' title='bbox 2218 2639 2421 2706; x_wconf 86' lang='lat' dir='ltr'><strong>postula-</strong></span> 
     </span>
     <span class='ocr_line' id='line_1_60' title="bbox 1396 2719 2419 2788; baseline -0.002 -17"><span class='ocrx_word' id='word_1_393' title='bbox 1396 2732 1501 2772; x_wconf 88' lang='lat' dir='ltr'><strong>tum</strong></span> <span class='ocrx_word' id='word_1_394' title='bbox 1521 2760 1536 2784; x_wconf 93' lang='lat'><strong>,</strong></span> <span class='ocrx_word' id='word_1_395' title='bbox 1575 2731 1655 2771; x_wconf 83' lang='lat' dir='ltr'><strong>aut</strong></span> <span class='ocrx_word' id='word_1_396' title='bbox 1684 2725 1885 2788; x_wconf 88' lang='lat' dir='ltr'><strong>practice</strong></span> <span class='ocrx_word' id='word_1_397' title='bbox 1911 2740 2071 2772; x_wconf 89' lang='lat' dir='ltr'><strong>verum</strong></span> <span class='ocrx_word' id='word_1_398' title='bbox 2089 2759 2102 2782; x_wconf 93' lang='lat'><strong>,</strong></span> <span class='ocrx_word' id='word_1_399' title='bbox 2141 2721 2268 2788; x_wconf 88' lang='lat' dir='ltr'><strong>quod</strong></span> <span class='ocrx_word' id='word_1_400' title='bbox 2293 2719 2419 2769; x_wconf 74' lang='lat' dir='ltr'><strong>theo-</strong></span> 
     </span>
     <span class='ocr_line' id='line_1_61' title="bbox 1395 2805 2419 2871; baseline -0.004 -17"><span class='ocrx_word' id='word_1_401' title='bbox 1395 2807 1547 2855; x_wconf 81' lang='lat' dir='ltr'><strong>retica</strong></span> <span class='ocrx_word' id='word_1_402' title='bbox 1575 2807 1693 2854; x_wconf 88' lang='lat' dir='ltr'><strong>ratio</strong></span> <span class='ocrx_word' id='word_1_403' title='bbox 1721 2815 1802 2854; x_wconf 88' lang='lat' dir='ltr'><strong>aut</strong></span> <span class='ocrx_word' id='word_1_404' title='bbox 1839 2808 2042 2871; x_wconf 86' lang='lat' dir='ltr'><strong>respuit,</strong></span> <span class='ocrx_word' id='word_1_405' title='bbox 2081 2815 2161 2854; x_wconf 86' lang='lat' dir='ltr'><strong>aut</strong></span> <span class='ocrx_word' id='word_1_406' title='bbox 2195 2805 2252 2852; x_wconf 92' lang='lat' dir='ltr'><strong>de</strong></span> <span class='ocrx_word' id='word_1_407' title='bbox 2285 2805 2419 2869; x_wconf 86' lang='lat' dir='ltr'><strong>cujus</strong></span> 
     </span>
     <span class='ocr_line' id='line_1_62' title="bbox 1397 2883 2420 2955; baseline -0.005 -17"><span class='ocrx_word' id='word_1_408' title='bbox 1397 2885 1584 2939; x_wconf 85' lang='lat' dir='ltr'><strong>veritate</strong></span> <span class='ocrx_word' id='word_1_409' title='bbox 1599 2903 1733 2955; x_wconf 84' lang='lat' dir='ltr'><strong>aequo</strong></span> <span class='ocrx_word' id='word_1_410' title='bbox 1759 2887 1860 2954; x_wconf 81' lang='lat' dir='ltr'><strong>jure</strong></span> <span class='ocrx_word' id='word_1_411' title='bbox 1887 2888 2101 2938; x_wconf 88' lang='lat' dir='ltr'><strong>dubitare</strong></span> <span class='ocrx_word' id='word_1_412' title='bbox 2117 2895 2283 2952; x_wconf 82' lang='lat' dir='ltr'><strong>potest.</strong></span> <span class='ocrx_word' id='word_1_413' title='bbox 2300 2883 2420 2934; x_wconf 88' lang='lat' dir='ltr'><strong>Her-</strong></span> 
     </span>
     <span class='ocr_line' id='line_1_63' title="bbox 1397 2968 2420 3037; baseline -0.006 -15"><span class='ocrx_word' id='word_1_414' title='bbox 1397 2974 1596 3022; x_wconf 88' lang='lat' dir='ltr'><strong>mesium</strong></span> <span class='ocrx_word' id='word_1_415' title='bbox 1612 2987 1751 3036; x_wconf 87' lang='lat' dir='ltr'><strong>porro</strong></span> <span class='ocrx_word' id='word_1_416' title='bbox 1765 2989 1861 3020; x_wconf 89' lang='lat' dir='ltr'><strong>non</strong></span> <span class='ocrx_word' id='word_1_417' title='bbox 1878 2969 2279 3037; x_wconf 83' lang='lat' dir='ltr'><strong>reprehendimuS,</strong></span> <span class='ocrx_word' id='word_1_418' title='bbox 2294 2968 2420 3034; x_wconf 91' lang='lat' dir='ltr'><strong>quod</strong></span> 
     </span>
     <span class='ocr_line' id='line_1_64' title="bbox 1396 3054 2423 3107; baseline -0.007 0"><span class='ocrx_word' id='word_1_419' title='bbox 1396 3074 1501 3107; x_wconf 89' lang='lat' dir='ltr'><strong>eam</strong></span> <span class='ocrx_word' id='word_1_420' title='bbox 1538 3056 1854 3105; x_wconf 87' lang='lat' dir='ltr'><strong>scholasticam</strong></span> <span class='ocrx_word' id='word_1_421' title='bbox 1887 3054 2231 3104; x_wconf 86' lang='lat' dir='ltr'><strong>distinctionem</strong></span> <span class='ocrx_word' id='word_1_422' title='bbox 2271 3062 2423 3101; x_wconf 83' lang='lat' dir='ltr'><strong>secta-</strong></span> 
     </span>
     <span class='ocr_line' id='line_1_65' title="bbox 1398 3135 2424 3205; baseline -0.007 -17"><span class='ocrx_word' id='word_1_423' title='bbox 1398 3151 1472 3189; x_wconf 84' lang='lat' dir='ltr'><strong>tus</strong></span> <span class='ocrx_word' id='word_1_424' title='bbox 1505 3139 1675 3199; x_wconf 85' lang='lat' dir='ltr'><strong>fuerit,</strong></span> <span class='ocrx_word' id='word_1_425' title='bbox 1714 3138 1793 3187; x_wconf 88' lang='lat' dir='ltr'><strong>sed</strong></span> <span class='ocrx_word' id='word_1_426' title='bbox 1823 3137 1948 3205; x_wconf 93' lang='lat' dir='ltr'><strong>quod</strong></span> <span class='ocrx_word' id='word_1_427' title='bbox 1969 3173 1984 3198; x_wconf 92' lang='lat'><strong>,</strong></span> <span class='ocrx_word' id='word_1_428' title='bbox 2019 3135 2260 3184; x_wconf 80' lang='lat' dir='ltr'><strong>Kantianis</strong></span> <span class='ocrx_word' id='word_1_429' title='bbox 2296 3137 2424 3200; x_wconf 91' lang='lat' dir='ltr'><strong>prin-</strong></span> 
     </span>
     <span class='ocr_line' id='line_1_66' title="bbox 1399 3218 2425 3289; baseline -0.006 -17"><span class='ocrx_word' id='word_1_430' title='bbox 1399 3225 1531 3289; x_wconf 87' lang='lat' dir='ltr'><strong>cipiis</strong></span> <span class='ocrx_word' id='word_1_431' title='bbox 1570 3223 1852 3289; x_wconf 85' lang='lat' dir='ltr'><strong>indulgens,</strong></span> <span class='ocrx_word' id='word_1_432' title='bbox 1893 3218 2065 3268; x_wconf 64' lang='lat' dir='ltr'><strong>‘saltem</strong></span> <span class='ocrx_word' id='word_1_433' title='bbox 2110 3236 2164 3266; x_wconf 82' lang='lat' dir='ltr'><strong>ex</strong></span> <span class='ocrx_word' id='word_1_434' title='bbox 2211 3228 2339 3282; x_wconf 83' lang='lat' dir='ltr'><strong>parte</strong></span> <span class='ocrx_word' id='word_1_435' title='bbox 2374 3219 2425 3266; x_wconf 88' lang='lat' dir='ltr'><strong>in</strong></span> 
     </span>
     <span class='ocr_line' id='line_1_67' title="bbox 1398 3300 2423 3365; baseline -0.006 -10"><span class='ocrx_word' id='word_1_436' title='bbox 1398 3308 1510 3356; x_wconf 83' lang='lat' dir='ltr'><strong>vitia</strong></span> <span class='ocrx_word' id='word_1_437' title='bbox 1551 3306 1659 3365; x_wconf 90' lang='lat' dir='ltr'><strong>illa,</strong></span> <span class='ocrx_word' id='word_1_438' title='bbox 1699 3306 1770 3354; x_wconf 88' lang='lat' dir='ltr'><strong>uti</strong></span> <span class='ocrx_word' id='word_1_439' title='bbox 1811 3318 1940 3351; x_wconf 91' lang='lat' dir='ltr'><strong>nunc</strong></span> <span class='ocrx_word' id='word_1_440' title='bbox 1979 3301 2310 3359; x_wconf 85' lang='lat' dir='ltr'><strong>ostendemus,</strong></span> <span class='ocrx_word' id='word_1_441' title='bbox 2343 3300 2423 3349; x_wconf 90' lang='lat' dir='ltr'><strong>de-</strong></span> 
     </span>
     <span class='ocr_line' id='line_1_68' title="bbox 1402 3389 1659 3456; baseline -0.004 -18"><span class='ocrx_word' id='word_1_442' title='bbox 1402 3389 1555 3456; x_wconf 86' lang='lat' dir='ltr'><strong>lapsus</strong></span> <span class='ocrx_word' id='word_1_443' title='bbox 1580 3391 1659 3438; x_wconf 86' lang='lat' dir='ltr'><strong>sit.</strong></span> 
     </span>
    </p>

    <p class='ocr_par' dir='ltr' id='par_1_9' title="bbox 1471 3465 2425 3536">
     <span class='ocr_line' id='line_1_69' title="bbox 1471 3465 2425 3536; baseline -0.004 -16"><span class='ocrx_word' id='word_1_444' title='bbox 1471 3470 1537 3536; x_wconf 85' lang='lat'><strong>(3)</strong></span> <span class='ocrx_word' id='word_1_445' title='bbox 1575 3469 1855 3520; x_wconf 85' lang='lat' dir='ltr'><strong>Germanice</strong></span> <span class='ocrx_word' id='word_1_446' title='bbox 1889 3478 1958 3517; x_wconf 81' lang='lat' dir='ltr'><strong>est</strong></span> <span class='ocrx_word' id='word_1_447' title='bbox 2003 3465 2170 3531; x_wconf 73' lang='lat' dir='ltr'><strong>Kraft.</strong></span> <span class='ocrx_word' id='word_1_448' title='bbox 2212 3467 2301 3516; x_wconf 87' lang='lat' dir='ltr'><strong>loc.</strong></span> <span class='ocrx_word' id='word_1_449' title='bbox 2346 3468 2425 3516; x_wconf 82' lang='lat' dir='ltr'><strong>cit.</strong></span> 
     </span>
    </p>
   </div>
   <div class='ocr_carea' id='block_1_7' title="bbox 1393 3551 1664 3622">
    <p class='ocr_par' dir='ltr' id='par_1_10' title="bbox 1393 3551 1664 3622">
     <span class='ocr_line' id='line_1_70' title="bbox 1393 3551 1664 3622; baseline -0.015 -18"><span class='ocrx_word' id='word_1_450' title='bbox 1393 3555 1510 3622; x_wconf 78' lang='lat' dir='ltr'><strong>pag.</strong></span> <span class='ocrx_word' id='word_1_451' title='bbox 1551 3551 1664 3617; x_wconf 72' lang='lat'><strong>204.</strong></span> 
     </span>
    </p>
   </div>
  </div>
 </body>
</html>
