2502 4134
267 64 384 124 400
880 85 1078 122 ruer.
1127 85 1195 123 ne
1238 85 1391 124 noers
1435 87 1798 126 rnnorocmrs

265 230 358 290 edi
382 230 608 313 possint
628 273 643 301 ,
683 227 730 285 si
774 224 957 285 semel
982 226 1228 308 proinde
1252 226 1481 285 homini
1511 239 1676 288 certo
1694 231 2019 291 constiterit
2035 243 2262 314 patrata
2286 244 2388 292 aut

264 327 420 387 edita
458 325 636 384 fuisse
675 322 751 381 ad
787 321 1025 402 alicujus
1078 323 1414 382 missionem
1458 324 1955 404 comprobandam
1981 376 1996 406 .,
2035 328 2303 388 dubitare
2341 333 2388 388 is

263 421 513 503 amplius
557 419 798 501 nequit,
834 421 977 501 quin
1026 441 1097 478 ex
1130 419 1234 479 Dei
1274 419 1514 479 nomine
1550 419 1652 479 ille
1700 419 2010 501 loquatur,
2047 425 2149 505 qui
2169 425 2389 506 duplici

263 519 358 578 illa
392 515 664 575 facultate
695 538 727 575 a
766 518 883 575 Deo
929 527 1129 574 auctus
1166 515 1272 588 sit3
1302 516 1629 598 praesertim
1656 517 1701 576 si
1732 516 2007 596 adjuncta
2033 522 2228 581 omnia
2253 533 2388 581 tum

261 613 574 673 intrinseca
611 621 739 669 tum
771 611 1092 671 extrinseca
1127 612 1189 669 in
1218 611 1279 669 id
1315 623 1686 671 concurrant.
1725 613 1861 671 Haec
1883 623 2080 672 autem
2109 620 2389 695 majorem

262 707 452 767 adhuc
481 707 822 766 firmitatem
856 707 1150 788 accipiunt
1186 728 1259 766 ex
1305 707 1541 766 motivis
1580 706 1693 765 illis
1714 751 1731 779 ‚
1762 718 1828 765 ut
1865 708 1944 766 ita
1986 707 2212 782 dicam,
2247 711 2390 771 sub-

262 803 543 874 sidiariiS,
616 823 746 882 quae
796 803 857 861 in
915 803 1181 861 omnium
1225 801 1421 861 oculos
1473 802 1786 861 incurrunt
1826 825 1840 861 :
1893 804 2217 880 cujusmodi
2255 818 2393 866 sunt

265 902 331 959 1ο
367 898 697 959 sublimitas
731 909 790 957 et
817 897 1156 979 praestantia
1195 896 1504 967 doctrinae,
1538 918 1672 978 quae
1699 918 1771 956 ex
1807 898 1905 958 Dei
1928 899 2170 958 nomine
2208 921 2395 959 enun-

262 996 486 1067 ciaturg
516 995 585 1052 2⁰
612 994 764 1073 jugis
804 993 960 1053 illius
1001 994 1363 1055 conservatio
1390 1004 1447 1053 et
1487 993 1825 1076 propagatio
1857 1039 1873 1068 ,
1918 995 2131 1054 frustra
2160 1017 2396 1078 semper

262 1091 666 1152 obnitentibus
715 1090 954 1172 utrique
988 1089 1403 1172 cupiditatibus
1435 1090 1710 1149 humanis
1731 1135 1746 1164 ,
1786 1111 1851 1148 ac
1876 1102 2161 1173 perpetuo
2185 1091 2398 1151 adver-

260 1186 528 1248 santibus
570 1186 864 1246 acerrimis
908 1185 1171 1245 hostibus
1221 1184 1555 1245 domesticis
1603 1195 1663 1245 et
1705 1186 1961 1245 externis
2003 1208 2187 1269 prope
2229 1187 2400 1245 innu-

261 1285 438 1344 meris
459 1329 475 1355 ,
509 1282 685 1365 idque
711 1282 835 1342 fere
866 1282 1084 1363 absque
1121 1281 1329 1340 mediis
1353 1293 1520 1340 tanto
1543 1281 1855 1341 mollimini
1879 1283 2135 1356 idoneis3
2168 1283 2234 1342 30
2260 1304 2399 1342 con-

262 1380 478 1448 stantia
510 1379 751 1438 demum
789 1389 850 1438 et
878 1377 1160 1437 fortitudo
1187 1379 1510 1460 Martyrum
1536 1423 1551 1451 ,
1580 1379 1640 1436 in
1672 1381 1787 1436 suis
1814 1378 2086 1437 omnibus
2109 1379 2398 1457 adjunctis

261 1487 544 1561 spectata.
595 1477 742 1535 Haec
783 1496 958 1557 porro
988 1475 1222 1548 omnia,
1258 1484 1434 1555 prout
1475 1486 1614 1532 sunt
1642 1474 1889 1533 totidem
1927 1475 2152 1552 obJ‘ecta
2191 1476 2397 1534 vatici-

259 1574 495 1632 niorum
516 1617 532 1646 ,
573 1591 700 1653 quae
747 1572 809 1629 in
843 1571 967 1631 dies
1018 1569 1426 1651 complentur,
1472 1570 1743 1630 eamdem
1775 1572 1894 1630 vim
1918 1571 1993 1629 ad
2026 1570 2399 1652 probandum

260 1667 535 1729 obtinent
570 1689 637 1727 ac
665 1667 939 1725 vaticinia
974 1666 1133 1747 ipsa3
1167 1666 1286 1723 imo
1318 1665 1661 1724 eorumdem
1704 1665 2112 1725 vaticiniorum
2149 1666 2398 1726 totidem

259 1776 399 1825 sunt
431 1762 891 1845 adimplementa
929 1760 1293 1842 totidemque
1317 1759 1727 1842 probationeS,
1770 1782 1902 1841 quae
1933 1760 2070 1819 licet
2106 1745 2396 1821 intensive

258 1858 521 1939 ejusdem
566 1878 797 1947 semper
836 1857 956 1916 sint
1001 1855 1263 1930 roboris7
1314 1856 1847 1915 extensive'tamen
1896 1877 2115 1915 novam
2162 1856 2225 1914 in
2273 1856 2397 1917 dies

260 1957 599 2017 firmitatem
644 1955 976 2036 acquirunt.
1023 1956 1164 2027 Quae
1217 1952 1359 2013 sarie
1403 1953 1600 2012 omnia
1644 1952 1882 2013 fuerunt
1931 1973 2036 2011 suo
2083 1951 2208 2011 loco
2255 1954 2395 2012 satis

260 2052 498 2115 abunde
544 2051 803 2135 exposita
843 2063 900 2111 et
929 2049 1221 2112 vindicata
1255 2048 1371 2132 (l).

1074 2257 1562 2300 DIFFICULTATES.

341 2433 443 2492 98.
492 2429 624 2510 Obj.
679 2430 887 2512 prima.
947 2430 1115 2487 Facta
1154 2424 1651 2502 extraordinaria,
1695 2447 1822 2508 quae
1863 2425 2137 2486 miracula
2182 2426 2392 2486 dicun·

260 2541 358 2589 tur
377 2575 392 2604 7
420 2549 637 2589 nexum
671 2525 1059 2585 necessarium
1085 2546 1207 2583 non
1229 2543 1348 2606 prae
1370 2544 1431 2583 se
1458 2523 1657 2583 ferunt
1679 2543 1811 2581 cum
1836 2523 2143 2582 existentia
2174 2522 2391 2586 divinae

259 2622 667 2697 revelationi53
703 2634 831 2680 tum
864 2622 1001 2702 quia
1046 2619 1320 2679 miracula
1345 2619 1468 2701 ipsa
1494 2628 1632 2677 sunt
1654 2617 1946 2697 objectum
1968 2617 2185 2678 divinae
2220 2640 2391 2678 reve-

259 2720 492 2780 lationis
512 2765 529 2793 .,
555 2718 817 2800 adeoque
845 2728 1148 2798 nequeunt
1172 2737 1296 2775 esse
1313 2713 1571 2792 ejusdem
1600 2713 1996 2774 credibilitatis
2021 2714 2238 2775 motiva
2258 2713 2380 2795 (2);

263 2830 389 2877 tum
421 2817 596 2876 etiam
635 2815 768 2897 quia
813 2834 1107 2872 assumere
1149 2810 1425 2871 miracula
1465 2811 1550 2868 uti
1585 2809 1990 2869 credibilitatis
2029 2808 2248 2869 motiva
2297 2817 2383 2866 est

258 2925 459 2995 petere
477 2911 855 2994 principium.
886 2907 1187 2990 Siquidem
1207 2907 1418 2968 veritas
1433 2905 1778 2985 evangelicae
1794 2905 2161 2967 revelationis
2184 2901 2382 2982 (idem

260 3009 352 3068 dic
400 3009 474 3070 de
514 3008 758 3068 Mosaica
790 3007 853 3085 ).,
894 3024 1020 3087 quae
1074 3002 1351 3062 miracula
1396 3002 1701 3075 enunciat,
1754 3001 1959 3083 nequit
2002 2999 2387 3059 rationaliter

260 3125 366 3186 per
401 3103 674 3163 miracula
723 3101 993 3184 probari3
1037 3122 1108 3160 ex
1142 3099 1323 3159 altera
1369 3119 1506 3158 vero
1540 3107 1705 3178 parte
1745 3095 2092 3155 assumendo
2132 3096 2382 3176 Aposto-

260 3198 346 3259 los
363 3245 380 3270 ,
408 3200 510 3281 qui
545 3211 748 3259 tamen
772 3199 1040 3258 homi-nes
1073 3205 1242 3255 erant
1268 3241 1284 3270 ,
1311 3216 1431 3253 non
1461 3192 1718 3275 potuisse
1741 3191 1930 3274 decipi
1959 3202 2058 3251 aut
2083 3191 2377 3273 decipere,

332 3420 400 3486 (1)
437 3419 491 3467 In
516 3429 644 3467 tract.
666 3417 747 3467 De
775 3435 886 3466 vera
912 3417 1065 3483 Reliq.
1090 3427 1211 3483 par-t.
1234 3433 1278 3475 ι,
1363 3417 1590 3480 eeiqneur
1625 3413 1847 3478 Lepappe
1877 3411 1935 3459 de
1974 3411 2216 3461 Traverne
2235 3447 2253 3474 ,
2288 3422 2379 3462 etc.

262 3521 361 3570 cap.
393 3520 464 3562 iv,
494 3519 628 3567 prop.
666 3517 683 3547 1
719 3511 763 3549 et
794 3519 927 3567 seqq.
1363 3494 1635 3560 Strasbourg
1670 3491 1792 3558 1837
1817 3531 1831 3558 ,
1860 3512 1962 3560 pag.
2001 3495 2050 3544 3.

329 3587 399 3651 (2)
435 3586 502 3635 [ta
553 3584 751 3634 Bautain
779 3623 791 3643 ,
851 3584 1008 3632 Lemo
1054 3584 1085 3630 ὰ
1137 3579 1280 3630 Mon·
