2502 4134
2072 111 2191 169 465

285 128 442 165 PART.
492 126 582 162 111.
627 125 777 162 SEC'I'·
827 127 865 161 1.
913 126 1034 185 ΟΔΡ.
1086 126 1124 161 1.
1172 126 1238 160 DE
1282 122 1415 163 RAT.
1463 126 1592 163 ANT.
1643 127 1751 164 1²11).
1796 128 1976 170 SPECT.

159 268 293 329 180.
339 270 406 327 2⁰
444 267 773 327 Admittere
825 265 1046 347 aliquid
1082 286 1198 345 pro
1242 287 1376 325 vero
1420 265 1596 347 plane
1643 266 1986 330 distinctum
2036 284 2121 331 est
2156 296 2188 333 a

72 377 265 424 tenere
286 385 401 441 pro
430 365 579 421 vero,
626 363 726 419 Est
765 382 980 442 nempe
1013 382 1228 442 purum
1270 361 1760 438 admittere-hoo,
1799 376 1865 423 ut
1906 367 2192 447 possimus

74 480 241 538 agere
276 458 338 515 in
366 455 684 516 reflexione
703 500 718 531 ,
756 455 1000 538 perinde
1024 460 1089 514 ac
1110 455 1156 514 si
1183 466 1516 514 teneremus
1548 478 1678 516 rem
1694 480 1814 537 pro
1839 482 2000 520 vera.
2040 463 2191 521 Hinc

37 555 263 636 potest
304 573 536 633 semper
572 553 854 610 dubitari
874 549 950 609 de
986 548 1083 608 illa
1119 550 1460 622 theoretice,
1497 549 1633 609 lice-t
1666 573 1971 636 nunquam
1993 554 2196 617 haberi

71 645 168 707 illa
198 648 377 729 possit
399 668 515 726 pro
537 648 704 724 falsa
727 645 842 724 (l).

158 744 292 803 181.
340 742 404 801 30
433 743 499 801 In
540 763 608 801 ea
641 743 917 823 practica
943 721 1317 822 persuasione
1351 739 1515 797 nulla
1554 752 1722 820 urget
1743 764 1850 801 nos
1887 745 2196 803 necessitas

70 837 304 920 physica
337 838 360 917 (
386 848 450 895 ut
482 836 766 917 contingit
795 835 858 892 in
880 837 1290 914 persuasione
1307 835 1619 894 theo-retica
1643 838 1699 916 )·
1685 883 1701 910 ,
1735 836 1839 897 sed
1887 839 2196 899 necessitas

73 944 160 992 est
182 954 342 993 mere
367 933 649 1003 moralis,
674 930 736 989 id
759 940 850 989 est
870 973 885 1002 ‚
913 931 1260 1009 obliqamur
1281 929 1397 1011 (2).

159 1028 293 1087 182.
339 1026 405 1085 40
452 1028 654 1107 Neque
705 1025 1050 1094 immediate
1089 1022 1414 1103 obligamur
1433 1070 1457 1109 ‚q
1484 1024 1605 1085 *sed
1648 1027 1902 1086 mediate
1927 1072 1944 1101 .,
1982 1026 2199 1088 scilicet

72 1134 140 1181 ut
175 1121 396 1203 aliquid
442 1120 710 1182 velimus·
772 1121 952 1194 Hinc,
1004 1119 1052 1178 si
1092 1121 1499 1198 praescindere
1546 1126 1793 1180 omnino
1839 1123 2125 1204 possimus
2168 1145 2201 1183 a

74 1218 318 1278 veritate
340 1218 727 1296 cognitioni&
751 1235 815 1274 ac
843 1214 1086 1273 interim
1117 1215 1180 1272 in
1215 1215 1517 1287 theoretico
1545 1216 1730 1274 dubio
1758 1238 1996 1277 manere
2021 1262 2038 1293 .,
2071 1217 2200 1277 lici-

73 1325 199 1373 tum
231 1311 293 1371 id
327 1310 494 1370 nobis
520 1321 642 1383 est·
683 1310 788 1370 sed
827 1320 1031 1369 tamen
1054 1314 1325 1389 practice
1355 1309 1437 1368 ita
1466 1308 1750 1369 debemus
1779 1314 1916 1370 velle
1938 1324 1997 1372 et
2025 1334 2200 1394 agere

71 1408 219 1466 sicut
244 1407 304 1463 in
328 1403 586 1480 casibuS,
616 1403 679 1462 in
704 1401 915 1485 quibus
944 1401 1229 1493 habemus
1251 1405 1629 1463 theoreticam
1653 1404 2048 1467 indubitatam
2066 1429 2197 1530 per-

70 1501 401 1559 suasionem
426 1497 542 1577 (3).

157 1593 292 1654 183.
343 1594 410 1652 5⁰
456 1594 573 1653 Nos
615 1612 921 1676 possumus
956 1595 1162 1675 utique
1203 1614 1333 1655 eam
1373 1601 1717 1675 practicam
1759 1600 2194 1679 persuasionem

74 1817 168 1849 non
205 1799 376 1859 datur,
414 1798 656 1848 dubitabit
692 1802 940 1866 quisquam
962 1836 977 1860 ‚
1014 1818 1092 1850 ex.

73 1899 142 1946 gr.
180 1899 239 1928 an
274 1883 441 1929 existat
471 1880 650 1940 Roma,
684 1879 826 1946 quam
849 1899 1094 1948 nunquam

72 1965 186 2013 vidit
209 2001 222 2024 ‚
261 1974 341 2013 aut
377 1966 518 2013 etiam
550 1967 588 2012 si
618 1965 763 2024 vidit,
790 1967 898 2031 quia
922 1968 1018 2014 sive
1039 1965 1096 2014 de

74 2049 341 2096 testimonio
382 2063 681 2112 quocumque
727 2046 959 2106 aliorum,
1000 2049 1094 2097 sive

70 2129 132 2178 de
147 2128 415 2178 testimonio
432 2146 648 2177 sensuum
663 2138 959 2177 externorum
973 2145 1095 2178 sem-

73 2227 153 2274 per
193 2209 546 2257 rationabiliter
588 2213 701 2275 (mit
733 2209 924 2274 Grund)
966 2209 1095 2259 theo·

74 2291 220 2340 retice
249 2301 318 2340 est
344 2291 681 2340 dubitandum.

143 2374 212 2438 (l)
250 2374 320 2422 Ita
360 2373 658 2434 Hermesim,
700 2377 782 2440 qui
812 2374 909 2439 jam
947 2375 1095 2423 ratio-

75 2471 182 2502 nem
204 2466 248 2504 et
264 2454 554 2504 intellectum
574 2456 632 2504 ab
651 2458 851 2505 invicem
872 2456 1065 2505 sciderat
1079 2494 1092 2517 ,

74 2555 200 2586 nunc
226 2540 392 2586 iterum
411 2539 644 2586 rationem
662 2540 807 2604 ipsam
838 2540 889 2586 in
914 2556 961 2587 se
978 2540 1097 2586 scin-

73 2619 173 2679 dit,
205 2619 442 2668 Kantiano
476 2638 656 2685 semper
697 2621 853 2669 modo.
897 2618 940 2669 T
939 2621 1097 2668 lucore-

69 2701 222 2749 ticum
249 2702 452 2749 dubiam
486 2703 543 2751 de
564 2704 673 2751 reali
698 2705 888 2751 veritate
920 2705 971 2750 in
997 2719 1095 2751 una

74 2785 267 2831 rationis
287 2794 415 2848 parte
427 2801 442 2848 3
451 2785 672 2849 practica
693 2786 1061 2848 acquiescientia
1073 2819 1089 2844 ,

71 2867 263 2931 perinde
277 2884 328 2914 ac
343 2869 379 2914 si
397 2870 562 2915 veritas
581 2877 702 2916 certa
721 2873 838 2916 esset
851 2905 863 2926 ‚
883 2870 932 2915 in
952 2867 1093 2916 altera

72 2958 198 3011 parte
220 2950 431 2997 rationis.
458 2948 573 2996 Dico
584 2956 776 3015 partes,
795 2952 903 3015 quia
920 2952 956 2997 si
976 2967 1095 2997 nou-

74 3030 162 3076 nisi
190 3030 375 3078 diversae
414 3031 677 3080 functiones
711 3030 913 3095 ejusdem
959 3031 1092 3079 iden·

77 3111 175 3157 ticae
195 3111 421 3161 facultatis
444 3123 595 3162 essent
612 3151 624 3173 ‚
658 3115 850 3179 quinam
872 3112 970 3161 haec
987 3130 1092 3178 pos-

77 3200 143 3238 set
183 3194 319 3240 simul
366 3194 424 3243 de
471 3195 635 3244 eadem
689 3212 738 3243 re
789 3194 1000 3243 dubitare
1049 3204 1093 3243 et

77 3275 398 3336 conquiescere
413 3279 438 3323 ?

149 3351 216 3415 (2)
252 3351 342 3402 Sed
379 3374 492 3404 num
534 3375 632 3406 non
673 3358 954 3424 quandoque
992 3359 1094 3406 talis

75 3443 149 3482 'est
178 3434 404 3484 evidentia
435 3441 529 3488 sive
549 3441 687 3489 alieni
713 3442 962 3489 testimonii
997 3443 1092 3490 sive

81 3513 311 3563 historica}
343 3522 654 3581 auctoritatis,
689 3533 740 3570 ut
776 3523 971 3576 moralis,
995 3541 1094 3571 cer-

83 3595 229 3643 titudo
242 3597 350 3645 inde
366 3616 582 3666 enascens
598 3603 934 3669 metaphysica>
957 3605 1093 3669 plane

163 3676 224 3734 T.
272 3679 367 3736 IX.

1180 1804 1453 1868 aequiparari
1486 1805 1665 1867 possit?
1702 1803 1833 1852 Num·
1860 1823 1956 1853 non
1987 1806 2198 1855 eamdem

1180 1884 1462 1950 quandoque
1484 1887 1578 1933 vim
1597 1922 1611 1945 ,
1644 1887 1682 1933 si
1713 1903 1815 1933 eam
1837 1903 2102 1951 oppugnare
2119 1905 2202 1937 ve-

1178 1965 1319 2012 limus
1338 2001 1351 2023 ,
1385 1965 1679 2014 rationalitati
1717 1977 1880 2015 nostrae
1913 1969 2083 2018 inferre
2118 1970 2200 2019 de-

1179 2046 1367 2109 bemus,
1405 2050 1499 2096 sive
1533 2049 1822 2097 certitudinis
1857 2052 2084 2099 motivum
2119 2051 2199 2098 in-

1179 2130 1439 2177 trinsecum
1469 2132 1527 2178 sit
1553 2117 1647 2179 sive
1674 2133 2043 2181 extrinsecum?

1249 2211 1314 2273 (3)
1345 2211 1478 2259 Tunc
1491 2214 1628 2275 igitur
1635 2215 1854 2277 practice
1873 2231 2196 2278 operaremur,

1180 2302 1396 2340 manente
1429 2293 1574 2341 dubio
1608 2292 1852 2342 theoretico
1886 2296 2196 2360 speculativo3

1179 2382 1225 2420 at
1259 2373 1373 2438 quid
1412 2375 1450 2420 si
1486 2373 1575 2421 hoc
1605 2374 1803 2422 dubium
1838 2378 2082 2440 respiceret
2111 2376 2198 2425 ho-

1178 2463 1402 2503 nestatem
1448 2453 1670 2504 moralem
1724 2453 1953 2504 actionis?
1992 2456 2115 2522 Quid
2158 2460 2197 2506 si

1179 2546 1399 2600 spectaret
1423 2539 1663 2586 veritatem
1678 2537 1869 2586 Fidei?
1887 2538 2067 2603 Ergone
2098 2540 2198 2588 suf-

1179 2617 1338 2666 ficeret
1367 2619 1580 2683 practice
1622 2619 1740 2668 velle
1781 2631 1825 2669 et
1867 2637 2030 2686 agere,
2075 2639 2128 2670 ac
2163 2624 2200 2670 si

1178 2697 1425 2748 christiana
1457 2690 1575 2749 fides*
1595 2696 1840 2750 haberetur
1859 2719 1952 2767 pro
1981 2719 2125 2763 vera,
2153 2713 2200 2752 et

1177 2791 1332 2830 tamen
1377 2783 1573 2830 dubium
1613 2782 1917 2831 theoreticam
1954 2787 2004 2832 in
2045 2796 2199 2835 mente

1178 2864 1374 2924 habere,
1411 2883 1471 2913 an
1506 2882 1559 2914 ea
1592 2883 1695 2914 vera
1726 2868 1823 2913 sit?
1868 2866 1929 2914 Et
1962 2876 2109 2932 potest
2138 2885 2200 2917 ne

1178 2963 1384 3012 unquam
1422 2948 1663 3012 praescindi
1693 2966 1719 2996 a
1746 2949 1944 2996 veritate
1971 2951 2196 3014 cognitio-

1177 3030 1275 3088 nis,
1307 3031 1344 3076 si
1371 3028 1676 3077 theoreticam
1696 3029 1890 3078 dubium
1911 3031 1968 3079 de
1983 3030 2062 3078 illa
2089 3049 2194 3096 per-

1176 3114 1386 3159 severet?
1419 3101 1719 3160 Meminerint
1741 3149 1754 3172 ,
1789 3115 1871 3178 qui
1902 3113 2010 3161 talia
2036 3112 2198 3163 defen-

1176 3193 1329 3255 dunt,
1369 3213 1615 3262 nunquam
1662 3196 1842 3244 licitum
1886 3214 1982 3245 esse
2019 3198 2199 3262 operari

1176 3275 1420 3324 moraliter
1445 3295 1552 3325 cum
1581 3276 1728 3326 dubio
1753 3277 2032 3342 speculativo
2054 3279 2112 3328 de
2134 3280 2193 3328 li-

1175 3361 1338 3407 ceitate
1361 3361 1578 3422 actionis3
1599 3377 1653 3408 ao
1681 3377 1913 3408 assensum
1942 3361 2051 3409 fidei
2076 3372 2195 3410 stare

1175 3457 1270 3488 non
1300 3458 1430 3505 posse
1455 3458 1562 3489 cum
1589 3458 1712 3489 mera
1720 3440 2059 3508 probabilitate
2082 3460 2193 3507 spe-

1178 3520 1373 3570 culativa
1395 3560 1406 3581 ‚
1446 3523 1570 3588 quod
1606 3522 1730 3571 Deus
1759 3525 1817 3571 sit
1843 3523 2044 3571 locutus.

1879 3683 1954 3742 30
