<?xml version="1.0" encoding="UTF-8"?>
<!DOCTYPE html PUBLIC "-//W3C//DTD XHTML 1.0 Transitional//EN"
    "http://www.w3.org/TR/xhtml1/DTD/xhtml1-transitional.dtd">
<html xmlns="http://www.w3.org/1999/xhtml" xml:lang="en" lang="en">
 <head>
  <title>
</title>
<meta http-equiv="Content-Type" content="text/html;charset=utf-8" />
  <meta name='ocr-system' content='tesseract 3.04.00' />
  <meta name='ocr-capabilities' content='ocr_page ocr_carea ocr_par ocr_line ocrx_word'/>
</head>
<body>
  <div class='ocr_page' id='page_1' title='image "a603693809perruoft_0281.png"; bbox 0 0 2502 4134; ppageno 0'>
   <div class='ocr_carea' id='block_1_1' title="bbox 2095 139 2216 199">
    <p class='ocr_par' dir='ltr' id='par_1_1' title="bbox 2095 139 2216 199">
     <span class='ocr_line' id='line_1_1' title="bbox 2095 139 2216 199; baseline 0.017 -2"><span class='ocrx_word' id='word_1_1' title='bbox 2095 139 2216 199; x_wconf 82' lang='lat'>273</span> 
     </span>
    </p>
   </div>
   <div class='ocr_carea' id='block_1_2' title="bbox 293 156 2000 200">
    <p class='ocr_par' dir='ltr' id='par_1_2' title="bbox 293 156 2000 200">
     <span class='ocr_line' id='line_1_2' title="bbox 293 156 2000 200; baseline 0.001 -2"><span class='ocrx_word' id='word_1_2' title='bbox 293 159 457 198; x_wconf 77' lang='lat' dir='ltr'>PAR&#39;r.</span> <span class='ocrx_word' id='word_1_3' title='bbox 504 158 569 197; x_wconf 81' lang='lat'>11.</span> <span class='ocrx_word' id='word_1_4' title='bbox 613 156 761 195; x_wconf 68' lang='lat' dir='ltr'>ssscr.</span> <span class='ocrx_word' id='word_1_5' title='bbox 805 158 871 193; x_wconf 86' lang='lat'>11.</span> <span class='ocrx_word' id='word_1_6' title='bbox 920 158 1047 196; x_wconf 72' lang='lat' dir='ltr'>CAP.</span> <span class='ocrx_word' id='word_1_7' title='bbox 1089 160 1126 196; x_wconf 87' lang='lat'>1.</span> <span class='ocrx_word' id='word_1_8' title='bbox 1164 161 1232 196; x_wconf 71' lang='lat' dir='ltr'>mi:</span> <span class='ocrx_word' id='word_1_9' title='bbox 1265 160 1457 197; x_wconf 63' lang='lat' dir='ltr'>Uncus.</span> <span class='ocrx_word' id='word_1_10' title='bbox 1503 161 1567 197; x_wconf 79' lang='lat' dir='ltr'>m·</span> <span class='ocrx_word' id='word_1_11' title='bbox 1612 161 1790 197; x_wconf 76' lang='lat' dir='ltr'>Exts&#39;r.</span> <span class='ocrx_word' id='word_1_12' title='bbox 1838 159 2000 200; x_wconf 62' lang='lat' dir='ltr'>Tuan.</span> 
     </span>
    </p>
   </div>
   <div class='ocr_carea' id='block_1_3' title="bbox 94 299 2223 2094">
    <p class='ocr_par' dir='ltr' id='par_1_3' title="bbox 94 299 2223 2094">
     <span class='ocr_line' id='line_1_3' title="bbox 97 299 2218 385; baseline 0 -22"><span class='ocrx_word' id='word_1_13' title='bbox 97 301 513 364; x_wconf 88' lang='lat' dir='ltr'>revelationem</span> <span class='ocrx_word' id='word_1_14' title='bbox 545 299 855 361; x_wconf 83' lang='lat' dir='ltr'>traditione</span> <span class='ocrx_word' id='word_1_15' title='bbox 894 301 1038 360; x_wconf 89' lang='lat' dir='ltr'>orali</span> <span class='ocrx_word' id='word_1_16' title='bbox 1070 302 1408 384; x_wconf 89' lang='lat' dir='ltr'>pervenisse</span> <span class='ocrx_word' id='word_1_17' title='bbox 1455 313 1541 361; x_wconf 89' lang='lat' dir='ltr'>tot</span> <span class='ocrx_word' id='word_1_18' title='bbox 1565 303 1724 362; x_wconf 89' lang='lat' dir='ltr'>inter</span> <span class='ocrx_word' id='word_1_19' title='bbox 1766 301 2048 378; x_wconf 79' lang='lat' dir='ltr'>haereseS,</span> <span class='ocrx_word' id='word_1_20' title='bbox 2086 325 2218 385; x_wconf 74' lang='lat' dir='ltr'>quas</span> 
     </span>
     <span class='ocr_line' id='line_1_4' title="bbox 97 395 2215 474; baseline 0.001 -18"><span class='ocrx_word' id='word_1_21' title='bbox 97 397 297 456; x_wconf 89' lang='lat' dir='ltr'>decem</span> <span class='ocrx_word' id='word_1_22' title='bbox 326 407 385 454; x_wconf 92' lang='lat' dir='ltr'>et</span> <span class='ocrx_word' id='word_1_23' title='bbox 429 405 559 453; x_wconf 90' lang='lat' dir='ltr'>octo</span> <span class='ocrx_word' id='word_1_24' title='bbox 595 395 921 453; x_wconf 89' lang='lat' dir='ltr'>seculorum</span> <span class='ocrx_word' id='word_1_25' title='bbox 951 408 1142 455; x_wconf 86' lang='lat' dir='ltr'>tractu</span> <span class='ocrx_word' id='word_1_26' title='bbox 1184 408 1404 456; x_wconf 84' lang='lat' dir='ltr'>exortae</span> <span class='ocrx_word' id='word_1_27' title='bbox 1430 408 1587 456; x_wconf 90' lang='lat' dir='ltr'>sunt.</span> <span class='ocrx_word' id='word_1_28' title='bbox 1630 400 1780 457; x_wconf 90' lang='lat' dir='ltr'>Sane</span> <span class='ocrx_word' id='word_1_29' title='bbox 1826 398 2018 458; x_wconf 90' lang='lat' dir='ltr'>medio</span> <span class='ocrx_word' id='word_1_30' title='bbox 2055 418 2177 459; x_wconf 87' lang='lat' dir='ltr'>aevo</span> <span class='ocrx_word' id='word_1_31' title='bbox 2199 445 2215 474; x_wconf 78' lang='lat'>,</span> 
     </span>
     <span class='ocr_line' id='line_1_5' title="bbox 97 490 2211 575; baseline 0.001 -25"><span class='ocrx_word' id='word_1_32' title='bbox 97 504 271 573; x_wconf 91' lang='lat' dir='ltr'>atque</span> <span class='ocrx_word' id='word_1_33' title='bbox 299 501 470 549; x_wconf 89' lang='lat' dir='ltr'>aetate</span> <span class='ocrx_word' id='word_1_34' title='bbox 497 491 822 571; x_wconf 81' lang='lat' dir='ltr'>praesertim</span> <span class='ocrx_word' id='word_1_35' title='bbox 868 492 1190 550; x_wconf 84' lang='lat' dir='ltr'>innocentii</span> <span class='ocrx_word' id='word_1_36' title='bbox 1233 493 1311 549; x_wconf 90' lang='lat'>111</span> <span class='ocrx_word' id='word_1_37' title='bbox 1343 501 1406 552; x_wconf 88' lang='lat' dir='ltr'>et</span> <span class='ocrx_word' id='word_1_38' title='bbox 1437 490 1753 550; x_wconf 83' lang='lat' dir='ltr'><strong>Alexandri</strong></span> <span class='ocrx_word' id='word_1_39' title='bbox 1786 494 1859 552; x_wconf 85' lang='lat' dir='ltr'>VI</span> <span class='ocrx_word' id='word_1_40' title='bbox 1877 539 1892 568; x_wconf 60' lang='lat'>7</span> <span class='ocrx_word' id='word_1_41' title='bbox 1933 494 2061 575; x_wconf 88' lang='lat' dir='ltr'>quis</span> <span class='ocrx_word' id='word_1_42' title='bbox 2098 492 2211 553; x_wconf 89' lang='lat' dir='ltr'>sibi</span> 
     </span>
     <span class='ocr_line' id='line_1_6' title="bbox 94 583 2217 668; baseline 0.001 -22"><span class='ocrx_word' id='word_1_43' title='bbox 94 583 439 668; x_wconf 88' lang='lat' dir='ltr'>persuadeat</span> <span class='ocrx_word' id='word_1_44' title='bbox 457 630 473 658; x_wconf 61' lang='lat' dir='ltr'>a</span> <span class='ocrx_word' id='word_1_45' title='bbox 523 606 696 665; x_wconf 89' lang='lat' dir='ltr'>puras</span> <span class='ocrx_word' id='word_1_46' title='bbox 753 584 1006 646; x_wconf 78' lang='lat' dir='ltr'>Ecclesiae</span> <span class='ocrx_word' id='word_1_47' title='bbox 1068 583 1432 644; x_wconf 88' lang='lat' dir='ltr'>Traditiones</span> <span class='ocrx_word' id='word_1_48' title='bbox 1481 585 1726 663; x_wconf 77' lang='lat' dir='ltr'>viguisse</span> <span class='ocrx_word' id='word_1_49' title='bbox 1775 588 1867 667; x_wconf 86' lang='lat'>(1)</span> <span class='ocrx_word' id='word_1_50' title='bbox 1893 589 1920 645; x_wconf 75' lang='grc' dir='ltr'>Ρ</span> <span class='ocrx_word' id='word_1_51' title='bbox 1964 587 2217 648; x_wconf 85' lang='lat' dir='ltr'>Ubinam</span> 
     </span>
     <span class='ocr_line' id='line_1_7' title="bbox 94 678 2221 766; baseline 0.002 -28"><span class='ocrx_word' id='word_1_52' title='bbox 94 680 269 761; x_wconf 81' lang='lat' dir='ltr'>igitur</span> <span class='ocrx_word' id='word_1_53' title='bbox 307 681 370 737; x_wconf 90' lang='lat' dir='ltr'>in</span> <span class='ocrx_word' id='word_1_54' title='bbox 412 691 577 738; x_wconf 91' lang='lat' dir='ltr'>tanta</span> <span class='ocrx_word' id='word_1_55' title='bbox 620 680 1064 762; x_wconf 86' lang='lat' dir='ltr'>corruptionum</span> <span class='ocrx_word' id='word_1_56' title='bbox 1102 690 1162 739; x_wconf 88' lang='lat' dir='ltr'>et</span> <span class='ocrx_word' id='word_1_57' title='bbox 1198 678 1617 738; x_wconf 81' lang='lat' dir='ltr'>obscuritatum</span> <span class='ocrx_word' id='word_1_58' title='bbox 1660 681 1924 741; x_wconf 88' lang='lat' dir='ltr'>foeditate</span> <span class='ocrx_word' id='word_1_59' title='bbox 1944 727 1962 757; x_wconf 71' lang='grc'><em>,</em></span> <span class='ocrx_word' id='word_1_60' title='bbox 2008 684 2072 741; x_wconf 90' lang='lat' dir='ltr'>in</span> <span class='ocrx_word' id='word_1_61' title='bbox 2105 704 2221 766; x_wconf 90' lang='lat' dir='ltr'>qua</span> 
     </span>
     <span class='ocr_line' id='line_1_8' title="bbox 99 772 2221 857; baseline 0.003 -24"><span class='ocrx_word' id='word_1_62' title='bbox 99 777 326 857; x_wconf 90' lang='lat' dir='ltr'>Europa</span> <span class='ocrx_word' id='word_1_63' title='bbox 352 774 584 852; x_wconf 85' lang='lat' dir='ltr'>jacebat</span> <span class='ocrx_word' id='word_1_64' title='bbox 610 776 882 834; x_wconf 86' lang='lat' dir='ltr'>universa</span> <span class='ocrx_word' id='word_1_65' title='bbox 902 821 919 850; x_wconf 73' lang='grc'>,</span> <span class='ocrx_word' id='word_1_66' title='bbox 959 797 1133 836; x_wconf 90' lang='lat' dir='ltr'>verus</span> <span class='ocrx_word' id='word_1_67' title='bbox 1168 773 1513 857; x_wconf 88' lang='lat' dir='ltr'>servabatur</span> <span class='ocrx_word' id='word_1_68' title='bbox 1539 772 2052 838; x_wconf 78' lang='lat' dir='ltr'>christianismus?</span> <span class='ocrx_word' id='word_1_69' title='bbox 2085 781 2221 838; x_wconf 88' lang='lat' dir='ltr'>Pro-</span> 
     </span>
     <span class='ocr_line' id='line_1_9' title="bbox 98 868 2223 950; baseline 0.003 -23"><span class='ocrx_word' id='word_1_70' title='bbox 98 871 245 929; x_wconf 84' lang='lat' dir='ltr'>fecto</span> <span class='ocrx_word' id='word_1_71' title='bbox 270 876 336 927; x_wconf 78' lang='lat' dir='ltr'>in</span> <span class='ocrx_word' id='word_1_72' title='bbox 365 871 701 949; x_wconf 73' lang='lat' dir='ltr'>Scriptum‘s</span> <span class='ocrx_word' id='word_1_73' title='bbox 725 915 741 943; x_wconf 85' lang='lat'>.,</span> <span class='ocrx_word' id='word_1_74' title='bbox 773 882 827 927; x_wconf 79' lang='lat' dir='ltr'>et</span> <span class='ocrx_word' id='word_1_75' title='bbox 849 875 916 928; x_wconf 78' lang='lat' dir='ltr'>in</span> <span class='ocrx_word' id='word_1_76' title='bbox 930 872 1270 950; x_wconf 66' lang='lat' dir='ltr'>Scripturas</span> <span class='ocrx_word' id='word_1_77' title='bbox 1291 879 1527 927; x_wconf 78' lang='lat' dir='ltr'>tantum</span> <span class='ocrx_word' id='word_1_78' title='bbox 1547 868 1660 950; x_wconf 79' lang='lat'>(2).</span> <span class='ocrx_word' id='word_1_79' title='bbox 1694 869 1872 948; x_wconf 80' lang='lat' dir='ltr'>Igitur</span> <span class='ocrx_word' id='word_1_80' title='bbox 1905 882 2084 932; x_wconf 89' lang='lat' dir='ltr'>restat</span> <span class='ocrx_word' id='word_1_81' title='bbox 2105 918 2120 948; x_wconf 82' lang='lat'>‚</span> <span class='ocrx_word' id='word_1_82' title='bbox 2155 884 2223 933; x_wconf 85' lang='lat' dir='ltr'>ut</span> 
     </span>
     <span class='ocr_line' id='line_1_10' title="bbox 98 954 2222 1049; baseline 0.002 -26"><span class='ocrx_word' id='word_1_83' title='bbox 98 954 443 1023; x_wconf 84' lang='lat' dir='ltr'>alterutrum</span> <span class='ocrx_word' id='word_1_84' title='bbox 461 964 746 1023; x_wconf 85' lang='lat' dir='ltr'>fateamur</span> <span class='ocrx_word' id='word_1_85' title='bbox 763 1008 778 1038; x_wconf 86' lang='lat'>‚</span> <span class='ocrx_word' id='word_1_86' title='bbox 806 974 908 1022; x_wconf 89' lang='lat' dir='ltr'>aut</span> <span class='ocrx_word' id='word_1_87' title='bbox 934 963 1007 1022; x_wconf 91' lang='lat' dir='ltr'>ab</span> <span class='ocrx_word' id='word_1_88' title='bbox 1032 964 1202 1023; x_wconf 88' lang='lat' dir='ltr'>initio</span> <span class='ocrx_word' id='word_1_89' title='bbox 1228 963 1646 1023; x_wconf 86' lang='lat' dir='ltr'>revelationem</span> <span class='ocrx_word' id='word_1_90' title='bbox 1661 963 1965 1045; x_wconf 87' lang='lat' dir='ltr'>Scripturae</span> <span class='ocrx_word' id='word_1_91' title='bbox 1979 966 2222 1049; x_wconf 90' lang='lat' dir='ltr'>quidem</span> 
     </span>
     <span class='ocr_line' id='line_1_11' title="bbox 97 1056 2219 1138; baseline 0.002 -21"><span class='ocrx_word' id='word_1_92' title='bbox 97 1071 157 1118; x_wconf 87' lang='lat' dir='ltr'>et</span> <span class='ocrx_word' id='word_1_93' title='bbox 179 1059 497 1117; x_wconf 88' lang='lat' dir='ltr'>Traditioni</span> <span class='ocrx_word' id='word_1_94' title='bbox 518 1059 912 1138; x_wconf 78' lang='lat' dir='ltr'>consignatam</span> <span class='ocrx_word' id='word_1_95' title='bbox 950 1058 1122 1117; x_wconf 89' lang='lat' dir='ltr'>fuisse</span> <span class='ocrx_word' id='word_1_96' title='bbox 1143 1103 1159 1131; x_wconf 87' lang='lat'>.,</span> <span class='ocrx_word' id='word_1_97' title='bbox 1186 1069 1361 1138; x_wconf 87' lang='lat' dir='ltr'>atque</span> <span class='ocrx_word' id='word_1_98' title='bbox 1378 1057 1484 1115; x_wconf 88' lang='lat' dir='ltr'>hac</span> <span class='ocrx_word' id='word_1_99' title='bbox 1507 1056 1841 1117; x_wconf 89' lang='lat' dir='ltr'>Traditione</span> <span class='ocrx_word' id='word_1_100' title='bbox 1867 1061 2059 1121; x_wconf 89' lang='lat' dir='ltr'>medio</span> <span class='ocrx_word' id='word_1_101' title='bbox 2091 1083 2219 1124; x_wconf 83' lang='lat' dir='ltr'>aevo</span> 
     </span>
     <span class='ocr_line' id='line_1_12' title="bbox 99 1149 2218 1237; baseline 0.002 -25"><span class='ocrx_word' id='word_1_102' title='bbox 99 1153 400 1235; x_wconf 87' lang='lat' dir='ltr'>deperdita</span> <span class='ocrx_word' id='word_1_103' title='bbox 417 1151 834 1212; x_wconf 87' lang='lat' dir='ltr'>revelationem</span> <span class='ocrx_word' id='word_1_104' title='bbox 849 1151 1081 1237; x_wconf 86' lang='lat' dir='ltr'>nonnisi</span> <span class='ocrx_word' id='word_1_105' title='bbox 1098 1152 1158 1208; x_wconf 90' lang='lat' dir='ltr'>in</span> <span class='ocrx_word' id='word_1_106' title='bbox 1168 1150 1461 1230; x_wconf 82' lang='lat' dir='ltr'>Scriptura</span> <span class='ocrx_word' id='word_1_107' title='bbox 1477 1149 1597 1210; x_wconf 90' lang='lat' dir='ltr'>sola</span> <span class='ocrx_word' id='word_1_108' title='bbox 1609 1153 1983 1233; x_wconf 71' lang='lat' dir='ltr'>superfuisse,</span> <span class='ocrx_word' id='word_1_109' title='bbox 1997 1168 2096 1214; x_wconf 89' lang='lat' dir='ltr'>aut</span> <span class='ocrx_word' id='word_1_110' title='bbox 2105 1158 2218 1217; x_wconf 91' lang='lat' dir='ltr'>No-</span> 
     </span>
     <span class='ocr_line' id='line_1_13' title="bbox 103 1248 2216 1327; baseline 0.002 -20"><span class='ocrx_word' id='word_1_111' title='bbox 103 1271 241 1307; x_wconf 93' lang='lat' dir='ltr'>vum</span> <span class='ocrx_word' id='word_1_112' title='bbox 269 1250 713 1307; x_wconf 88' lang='lat' dir='ltr'>Testamentum</span> <span class='ocrx_word' id='word_1_113' title='bbox 732 1250 1034 1326; x_wconf 75' lang='lat' dir='ltr'>inteyram</span> <span class='ocrx_word' id='word_1_114' title='bbox 1050 1268 1198 1322; x_wconf 74' lang='lat' dir='ltr'>esse,</span> <span class='ocrx_word' id='word_1_115' title='bbox 1223 1248 1469 1327; x_wconf 75' lang='lat' dir='ltr'>plenam</span> <span class='ocrx_word' id='word_1_116' title='bbox 1493 1269 1566 1306; x_wconf 82' lang='lat' dir='ltr'>ao</span> <span class='ocrx_word' id='word_1_117' title='bbox 1589 1249 1970 1326; x_wconf 75' lang='lat' dir='ltr'>sufficientem</span> <span class='ocrx_word' id='word_1_118' title='bbox 1994 1254 2110 1310; x_wconf 83' lang='lat' dir='ltr'>Dei</span> <span class='ocrx_word' id='word_1_119' title='bbox 2124 1273 2216 1312; x_wconf 81' lang='lat' dir='ltr'>vo-</span> 
     </span>
     <span class='ocr_line' id='line_1_14' title="bbox 98 1343 2217 1422; baseline 0.001 -18"><span class='ocrx_word' id='word_1_120' title='bbox 98 1348 347 1404; x_wconf 77' lang='lat' dir='ltr'>luntatis</span> <span class='ocrx_word' id='word_1_121' title='bbox 360 1343 1164 1422; x_wconf 68' lang='lat' dir='ltr'>mansfestationemfideique</span> <span class='ocrx_word' id='word_1_122' title='bbox 1178 1364 1250 1401; x_wconf 74' lang='lat' dir='ltr'>su</span> <span class='ocrx_word' id='word_1_123' title='bbox 1262 1345 1618 1401; x_wconf 76' lang='lat' dir='ltr'>mmarium.</span> <span class='ocrx_word' id='word_1_124' title='bbox 1634 1344 1923 1403; x_wconf 89' lang='lat' dir='ltr'>Posterius</span> <span class='ocrx_word' id='word_1_125' title='bbox 1956 1367 2092 1405; x_wconf 88' lang='lat' dir='ltr'>vero</span> <span class='ocrx_word' id='word_1_126' title='bbox 2108 1347 2217 1407; x_wconf 88' lang='lat' dir='ltr'>hoc</span> 
     </span>
     <span class='ocr_line' id='line_1_15' title="bbox 94 1436 2214 1517; baseline 0.001 -20"><span class='ocrx_word' id='word_1_127' title='bbox 94 1438 263 1517; x_wconf 84' lang='lat' dir='ltr'>longe</span> <span class='ocrx_word' id='word_1_128' title='bbox 287 1437 652 1499; x_wconf 88' lang='lat' dir='ltr'>verisimilius</span> <span class='ocrx_word' id='word_1_129' title='bbox 669 1436 922 1511; x_wconf 79' lang='lat' dir='ltr'>videtur3</span> <span class='ocrx_word' id='word_1_130' title='bbox 957 1460 1122 1512; x_wconf 73' lang='lat' dir='ltr'>nam7</span> <span class='ocrx_word' id='word_1_131' title='bbox 1146 1448 1210 1495; x_wconf 88' lang='lat' dir='ltr'>ut</span> <span class='ocrx_word' id='word_1_132' title='bbox 1227 1459 1406 1496; x_wconf 83' lang='lat' dir='ltr'>meroe</span> <span class='ocrx_word' id='word_1_133' title='bbox 1432 1440 1622 1497; x_wconf 78' lang='lat' dir='ltr'>orales</span> <span class='ocrx_word' id='word_1_134' title='bbox 1644 1443 2214 1501; x_wconf 75' lang='lat' dir='ltr'>communicationes</span> 
     </span>
     <span class='ocr_line' id='line_1_16' title="bbox 98 1531 2218 1615; baseline 0 -21"><span class='ocrx_word' id='word_1_135' title='bbox 98 1531 277 1594; x_wconf 86' lang='lat' dir='ltr'>verbo</span> <span class='ocrx_word' id='word_1_136' title='bbox 290 1533 395 1591; x_wconf 92' lang='lat' dir='ltr'>Dei</span> <span class='ocrx_word' id='word_1_137' title='bbox 410 1531 627 1613; x_wconf 85' lang='lat' dir='ltr'>scripto</span> <span class='ocrx_word' id='word_1_138' title='bbox 640 1533 853 1613; x_wconf 85' lang='lat' dir='ltr'>aequari</span> <span class='ocrx_word' id='word_1_139' title='bbox 871 1533 1098 1614; x_wconf 88' lang='lat' dir='ltr'>possint</span> <span class='ocrx_word' id='word_1_140' title='bbox 1118 1579 1134 1607; x_wconf 78' lang='lat'>.,</span> <span class='ocrx_word' id='word_1_141' title='bbox 1162 1553 1394 1592; x_wconf 91' lang='lat' dir='ltr'>necesse</span> <span class='ocrx_word' id='word_1_142' title='bbox 1410 1545 1499 1592; x_wconf 83' lang='lat' dir='ltr'>est</span> <span class='ocrx_word' id='word_1_143' title='bbox 1524 1531 1898 1593; x_wconf 84' lang='lat' dir='ltr'>validioribus</span> <span class='ocrx_word' id='word_1_144' title='bbox 1919 1579 1935 1608; x_wconf 84' lang='lat'>.,</span> <span class='ocrx_word' id='word_1_145' title='bbox 1953 1556 2067 1615; x_wconf 91' lang='lat' dir='ltr'>quo</span> <span class='ocrx_word' id='word_1_146' title='bbox 2093 1536 2218 1595; x_wconf 89' lang='lat' dir='ltr'>fieri</span> 
     </span>
     <span class='ocr_line' id='line_1_17' title="bbox 97 1627 2212 1710; baseline 0.001 -24"><span class='ocrx_word' id='word_1_147' title='bbox 97 1638 288 1709; x_wconf 91' lang='lat' dir='ltr'>potest</span> <span class='ocrx_word' id='word_1_148' title='bbox 309 1672 324 1701; x_wconf 78' lang='lat'><strong>‚</strong></span> <span class='ocrx_word' id='word_1_149' title='bbox 360 1628 614 1686; x_wconf 78' lang='lat' dir='ltr'>externis</span> <span class='ocrx_word' id='word_1_150' title='bbox 635 1627 879 1687; x_wconf 90' lang='lat' dir='ltr'>testibus</span> <span class='ocrx_word' id='word_1_151' title='bbox 906 1649 1001 1688; x_wconf 91' lang='lat' dir='ltr'>eas</span> <span class='ocrx_word' id='word_1_152' title='bbox 1025 1628 1246 1687; x_wconf 86' lang='lat' dir='ltr'>adstrui</span> <span class='ocrx_word' id='word_1_153' title='bbox 1269 1653 1285 1701; x_wconf 69' lang='grc' dir='ltr'><strong>ς</strong></span> <span class='ocrx_word' id='word_1_154' title='bbox 1315 1628 1474 1710; x_wconf 88' lang='lat' dir='ltr'>quod</span> <span class='ocrx_word' id='word_1_155' title='bbox 1494 1640 1692 1688; x_wconf 88' lang='lat' dir='ltr'>tamen</span> <span class='ocrx_word' id='word_1_156' title='bbox 1718 1629 2058 1689; x_wconf 89' lang='lat' dir='ltr'>incredibile</span> <span class='ocrx_word' id='word_1_157' title='bbox 2082 1641 2172 1690; x_wconf 91' lang='lat' dir='ltr'>est</span> <span class='ocrx_word' id='word_1_158' title='bbox 2195 1676 2212 1705; x_wconf 78' lang='lat'>‚</span> 
     </span>
     <span class='ocr_line' id='line_1_18' title="bbox 97 1722 2216 1807; baseline 0.002 -26"><span class='ocrx_word' id='word_1_159' title='bbox 97 1734 321 1782; x_wconf 86' lang='lat' dir='ltr'>attenta</span> <span class='ocrx_word' id='word_1_160' title='bbox 344 1722 752 1783; x_wconf 83' lang='lat' dir='ltr'>doctrinalium</span> <span class='ocrx_word' id='word_1_161' title='bbox 779 1722 1162 1782; x_wconf 89' lang='lat' dir='ltr'>traditionum</span> <span class='ocrx_word' id='word_1_162' title='bbox 1184 1735 1393 1783; x_wconf 88' lang='lat' dir='ltr'>natura</span> <span class='ocrx_word' id='word_1_163' title='bbox 1411 1772 1427 1802; x_wconf 81' lang='lat'>‚</span> <span class='ocrx_word' id='word_1_164' title='bbox 1457 1744 1583 1806; x_wconf 86' lang='lat' dir='ltr'>quae</span> <span class='ocrx_word' id='word_1_165' title='bbox 1599 1723 1673 1783; x_wconf 91' lang='lat' dir='ltr'>de</span> <span class='ocrx_word' id='word_1_166' title='bbox 1702 1725 1872 1783; x_wconf 89' lang='lat' dir='ltr'>orein</span> <span class='ocrx_word' id='word_1_167' title='bbox 1895 1747 1956 1784; x_wconf 93' lang='lat' dir='ltr'>os</span> <span class='ocrx_word' id='word_1_168' title='bbox 1970 1747 2216 1807; x_wconf 80' lang='lat' dir='ltr'>progre—</span> 
     </span>
     <span class='ocr_line' id='line_1_19' title="bbox 98 1817 2215 1900; baseline 0.001 -23"><span class='ocrx_word' id='word_1_169' title='bbox 98 1817 322 1877; x_wconf 89' lang='lat' dir='ltr'>dientes</span> <span class='ocrx_word' id='word_1_170' title='bbox 334 1819 401 1876; x_wconf 89' lang='lat' dir='ltr'>iis</span> <span class='ocrx_word' id='word_1_171' title='bbox 423 1817 948 1877; x_wconf 85' lang='lat' dir='ltr'>modificationibus</span> <span class='ocrx_word' id='word_1_172' title='bbox 972 1817 1358 1897; x_wconf 87' lang='lat' dir='ltr'>subjiciuntur</span> <span class='ocrx_word' id='word_1_173' title='bbox 1377 1863 1392 1892; x_wconf 82' lang='lat'>.,</span> <span class='ocrx_word' id='word_1_174' title='bbox 1411 1841 1553 1900; x_wconf 88' lang='lat' dir='ltr'>quas</span> <span class='ocrx_word' id='word_1_175' title='bbox 1567 1841 1639 1878; x_wconf 78' lang='lat' dir='ltr'>ex</span> <span class='ocrx_word' id='word_1_176' title='bbox 1659 1819 1967 1878; x_wconf 87' lang='lat' dir='ltr'>hominum</span> <span class='ocrx_word' id='word_1_177' title='bbox 1984 1820 2125 1880; x_wconf 91' lang='lat' dir='ltr'>ideis</span> <span class='ocrx_word' id='word_1_178' title='bbox 2148 1841 2215 1880; x_wconf 85' lang='lat' dir='ltr'>ac</span> 
     </span>
     <span class='ocr_line' id='line_1_20' title="bbox 98 1911 2213 1998; baseline 0.004 -27"><span class='ocrx_word' id='word_1_179' title='bbox 98 1911 486 1974; x_wconf 89' lang='lat' dir='ltr'>locutionibus</span> <span class='ocrx_word' id='word_1_180' title='bbox 500 1913 746 1974; x_wconf 89' lang='lat' dir='ltr'>subeant</span> <span class='ocrx_word' id='word_1_181' title='bbox 762 1925 1010 1997; x_wconf 88' lang='lat' dir='ltr'>oportet.</span> <span class='ocrx_word' id='word_1_182' title='bbox 1030 1915 1234 1997; x_wconf 89' lang='lat' dir='ltr'>Ecquis</span> <span class='ocrx_word' id='word_1_183' title='bbox 1250 1937 1512 1995; x_wconf 86' lang='lat' dir='ltr'>unquam</span> <span class='ocrx_word' id='word_1_184' title='bbox 1527 1914 1629 1975; x_wconf 92' lang='lat' dir='ltr'>has</span> <span class='ocrx_word' id='word_1_185' title='bbox 1647 1915 2030 1998; x_wconf 88' lang='lat' dir='ltr'>appellaverit</span> <span class='ocrx_word' id='word_1_186' title='bbox 2051 1911 2213 1979; x_wconf 79' lang='lat' dir='ltr'>reve-</span> 
     </span>
     <span class='ocr_line' id='line_1_21' title="bbox 101 2008 2211 2094; baseline 0.002 -27"><span class='ocrx_word' id='word_1_187' title='bbox 101 2008 374 2071; x_wconf 88' lang='lat' dir='ltr'>lationem</span> <span class='ocrx_word' id='word_1_188' title='bbox 400 2010 488 2091; x_wconf 79' lang='lat'>(3)</span> <span class='ocrx_word' id='word_1_189' title='bbox 508 2011 536 2069; x_wconf 73' lang='grc' dir='ltr'>Ρ</span> <span class='ocrx_word' id='word_1_190' title='bbox 566 2010 861 2093; x_wconf 87' lang='lat' dir='ltr'>Quidquid</span> <span class='ocrx_word' id='word_1_191' title='bbox 885 2033 993 2094; x_wconf 92' lang='lat' dir='ltr'>pro</span> <span class='ocrx_word' id='word_1_192' title='bbox 1008 2009 1420 2070; x_wconf 84' lang='lat' dir='ltr'>traditionibus</span> <span class='ocrx_word' id='word_1_193' title='bbox 1445 2010 1687 2071; x_wconf 87' lang='lat' dir='ltr'>affertur</span> <span class='ocrx_word' id='word_1_194' title='bbox 1706 2057 1721 2086; x_wconf 74' lang='lat'>,</span> <span class='ocrx_word' id='word_1_195' title='bbox 1750 2013 1811 2070; x_wconf 90' lang='lat' dir='ltr'>in</span> <span class='ocrx_word' id='word_1_196' title='bbox 1827 2012 2211 2094; x_wconf 86' lang='lat' dir='ltr'>quaestionem</span> 
     </span>
    </p>
   </div>
   <div class='ocr_carea' id='block_1_4' title="bbox 1195 2309 2215 2538">
    <p class='ocr_par' dir='ltr' id='par_1_4' title="bbox 1195 2309 2215 2538">
     <span class='ocr_line' id='line_1_22' title="bbox 1265 2309 2215 2377; baseline 0.002 -18"><span class='ocrx_word' id='word_1_197' title='bbox 1265 2312 1327 2375; x_wconf 67' lang='lat'>(2)</span> <span class='ocrx_word' id='word_1_198' title='bbox 1365 2311 1488 2360; x_wconf 89' lang='lat' dir='ltr'>lbid.</span> <span class='ocrx_word' id='word_1_199' title='bbox 1510 2328 1618 2377; x_wconf 84' lang='lat' dir='ltr'>pag.</span> <span class='ocrx_word' id='word_1_200' title='bbox 1638 2309 1721 2360; x_wconf 88' lang='grc'>36.</span> <span class='ocrx_word' id='word_1_201' title='bbox 1738 2311 1803 2358; x_wconf 84' lang='lat' dir='ltr'>Ex</span> <span class='ocrx_word' id='word_1_202' title='bbox 1829 2329 1924 2377; x_wconf 88' lang='lat' dir='ltr'>quo</span> <span class='ocrx_word' id='word_1_203' title='bbox 1952 2312 2116 2371; x_wconf 82' lang='lat' dir='ltr'>infert,</span> <span class='ocrx_word' id='word_1_204' title='bbox 2147 2316 2215 2361; x_wconf 87' lang='lat' dir='ltr'>vi-</span> 
     </span>
     <span class='ocr_line' id='line_1_23' title="bbox 1196 2393 2213 2457; baseline 0.001 -17"><span class='ocrx_word' id='word_1_205' title='bbox 1196 2393 1503 2441; x_wconf 80' lang='lat' dir='ltr'>vificationem</span> <span class='ocrx_word' id='word_1_206' title='bbox 1522 2393 1851 2442; x_wconf 74' lang='lat' dir='ltr'>christianismi</span> <span class='ocrx_word' id='word_1_207' title='bbox 1882 2402 2117 2457; x_wconf 84' lang='lat' dir='ltr'>acceptam</span> <span class='ocrx_word' id='word_1_208' title='bbox 2140 2411 2213 2442; x_wconf 89' lang='lat' dir='ltr'>re-</span> 
     </span>
     <span class='ocr_line' id='line_1_24' title="bbox 1195 2472 2213 2538; baseline 0.002 -18"><span class='ocrx_word' id='word_1_209' title='bbox 1195 2474 1304 2521; x_wconf 87' lang='lat' dir='ltr'>ferri</span> <span class='ocrx_word' id='word_1_210' title='bbox 1331 2474 1500 2522; x_wconf 86' lang='lat' dir='ltr'>debere</span> <span class='ocrx_word' id='word_1_211' title='bbox 1529 2472 1884 2538; x_wconf 79' lang='lat' dir='ltr'>Reformotioni</span> <span class='ocrx_word' id='word_1_212' title='bbox 1899 2506 1916 2533; x_wconf 87' lang='lat'><strong><em>,</em></strong></span> <span class='ocrx_word' id='word_1_213' title='bbox 1949 2472 2213 2522; x_wconf 87' lang='lat' dir='ltr'>Protestan·</span> 
     </span>
    </p>
   </div>
   <div class='ocr_carea' id='block_1_5' title="bbox 101 2322 1113 2551">
    <p class='ocr_par' dir='ltr' id='par_1_5' title="bbox 101 2322 1113 2551">
     <span class='ocr_line' id='line_1_25' title="bbox 172 2322 1112 2390; baseline 0.003 -19"><span class='ocrx_word' id='word_1_214' title='bbox 172 2324 239 2389; x_wconf 86' lang='lat' dir='ltr'>(l)</span> <span class='ocrx_word' id='word_1_215' title='bbox 274 2324 343 2372; x_wconf 90' lang='lat' dir='ltr'>Ita</span> <span class='ocrx_word' id='word_1_216' title='bbox 359 2322 708 2385; x_wconf 87' lang='lat' dir='ltr'>Shuttleworth,</span> <span class='ocrx_word' id='word_1_217' title='bbox 730 2342 807 2389; x_wconf 91' lang='lat' dir='ltr'>op.</span> <span class='ocrx_word' id='word_1_218' title='bbox 826 2327 905 2387; x_wconf 82' lang='lat' dir='ltr'>cit.</span> <span class='ocrx_word' id='word_1_219' title='bbox 924 2342 1030 2390; x_wconf 84' lang='lat' dir='ltr'>pag.</span> <span class='ocrx_word' id='word_1_220' title='bbox 1046 2323 1112 2388; x_wconf 75' lang='grc'>34</span> 
     </span>
     <span class='ocr_line' id='line_1_26' title="bbox 101 2406 1110 2472; baseline -0.004 -14"><span class='ocrx_word' id='word_1_221' title='bbox 101 2416 147 2458; x_wconf 84' lang='lat' dir='ltr'>et</span> <span class='ocrx_word' id='word_1_222' title='bbox 173 2423 304 2472; x_wconf 87' lang='lat' dir='ltr'>seqq.</span> <span class='ocrx_word' id='word_1_223' title='bbox 320 2406 490 2472; x_wconf 87' lang='lat' dir='ltr'>quibus</span> <span class='ocrx_word' id='word_1_224' title='bbox 513 2409 611 2472; x_wconf 86' lang='lat' dir='ltr'>jam</span> <span class='ocrx_word' id='word_1_225' title='bbox 636 2408 914 2471; x_wconf 84' lang='lat' dir='ltr'>praemiserat</span> <span class='ocrx_word' id='word_1_226' title='bbox 930 2416 975 2454; x_wconf 86' lang='lat' dir='ltr'>et</span> <span class='ocrx_word' id='word_1_227' title='bbox 993 2408 1110 2470; x_wconf 89' lang='lat' dir='ltr'>ipse,</span> 
     </span>
     <span class='ocr_line' id='line_1_27' title="bbox 102 2487 1113 2551; baseline -0.002 -14"><span class='ocrx_word' id='word_1_228' title='bbox 102 2500 153 2538; x_wconf 90' lang='lat' dir='ltr'>ut</span> <span class='ocrx_word' id='word_1_229' title='bbox 182 2490 354 2536; x_wconf 85' lang='lat' dir='ltr'>factum</span> <span class='ocrx_word' id='word_1_230' title='bbox 381 2489 581 2536; x_wconf 86' lang='lat' dir='ltr'>vidimus</span> <span class='ocrx_word' id='word_1_231' title='bbox 611 2506 636 2536; x_wconf 87' lang='lat' dir='ltr'>a</span> <span class='ocrx_word' id='word_1_232' title='bbox 669 2487 892 2536; x_wconf 87' lang='lat' dir='ltr'>Palmerio</span> <span class='ocrx_word' id='word_1_233' title='bbox 911 2523 924 2546; x_wconf 94' lang='lat'>,</span> <span class='ocrx_word' id='word_1_234' title='bbox 961 2487 1113 2551; x_wconf 86' lang='lat' dir='ltr'>quod,</span> 
     </span>
    </p>
   </div>
   <div class='ocr_carea' id='block_1_6' title="bbox 92 2569 1118 3535">
    <p class='ocr_par' dir='ltr' id='par_1_6' title="bbox 92 2569 1118 3535">
     <span class='ocr_line' id='line_1_28' title="bbox 101 2569 1111 2634; baseline -0.003 -15"><span class='ocrx_word' id='word_1_235' title='bbox 101 2574 137 2619; x_wconf 92' lang='lat' dir='ltr'>si</span> <span class='ocrx_word' id='word_1_236' title='bbox 166 2569 396 2634; x_wconf 84' lang='lat' dir='ltr'>Scriptura</span> <span class='ocrx_word' id='word_1_237' title='bbox 419 2587 514 2617; x_wconf 92' lang='lat' dir='ltr'>non</span> <span class='ocrx_word' id='word_1_238' title='bbox 543 2574 697 2618; x_wconf 88' lang='lat' dir='ltr'>omnia</span> <span class='ocrx_word' id='word_1_239' title='bbox 725 2570 783 2617; x_wconf 89' lang='lat' dir='ltr'>ad</span> <span class='ocrx_word' id='word_1_240' title='bbox 804 2570 1002 2617; x_wconf 88' lang='lat' dir='ltr'>salutem</span> <span class='ocrx_word' id='word_1_241' title='bbox 1028 2587 1111 2617; x_wconf 91' lang='lat' dir='ltr'>ne-</span> 
     </span>
     <span class='ocr_line' id='line_1_29' title="bbox 101 2653 1114 2717; baseline -0.003 -15"><span class='ocrx_word' id='word_1_242' title='bbox 101 2656 293 2702; x_wconf 83' lang='lat' dir='ltr'>cessaria</span> <span class='ocrx_word' id='word_1_243' title='bbox 327 2656 612 2712; x_wconf 88' lang='lat' dir='ltr'>contineret,</span> <span class='ocrx_word' id='word_1_244' title='bbox 647 2653 764 2701; x_wconf 83' lang='lat' dir='ltr'>foret</span> <span class='ocrx_word' id='word_1_245' title='bbox 800 2655 896 2717; x_wconf 90' lang='lat' dir='ltr'>ipsa</span> <span class='ocrx_word' id='word_1_246' title='bbox 933 2654 1114 2700; x_wconf 77' lang='lat' dir='ltr'>incom-</span> 
     </span>
     <span class='ocr_line' id='line_1_30' title="bbox 92 2733 1113 2800; baseline -0.001 -19"><span class='ocrx_word' id='word_1_247' title='bbox 92 2733 222 2800; x_wconf 79' lang='lat' dir='ltr'>pleta</span> <span class='ocrx_word' id='word_1_248' title='bbox 257 2745 300 2783; x_wconf 87' lang='lat' dir='ltr'>et</span> <span class='ocrx_word' id='word_1_249' title='bbox 333 2734 561 2799; x_wconf 86' lang='lat' dir='ltr'>indigeret</span> <span class='ocrx_word' id='word_1_250' title='bbox 589 2733 946 2800; x_wconf 76' lang='lat' dir='ltr'>supplemenw3</span> <span class='ocrx_word' id='word_1_251' title='bbox 983 2736 1113 2799; x_wconf 87' lang='lat' dir='ltr'>quasi</span> 
     </span>
     <span class='ocr_line' id='line_1_31' title="bbox 101 2816 1115 2881; baseline -0.002 -16"><span class='ocrx_word' id='word_1_252' title='bbox 101 2833 268 2881; x_wconf 85' lang='lat' dir='ltr'>nempe</span> <span class='ocrx_word' id='word_1_253' title='bbox 301 2816 601 2880; x_wconf 82' lang='lat' dir='ltr'>Evangelium</span> <span class='ocrx_word' id='word_1_254' title='bbox 642 2816 843 2865; x_wconf 84' lang='lat' dir='ltr'>Matthaei</span> <span class='ocrx_word' id='word_1_255' title='bbox 869 2816 1008 2864; x_wconf 85' lang='lat' dir='ltr'>fuerit</span> <span class='ocrx_word' id='word_1_256' title='bbox 1033 2817 1115 2863; x_wconf 82' lang='lat' dir='ltr'>in-</span> 
     </span>
     <span class='ocr_line' id='line_1_32' title="bbox 101 2896 1112 2963; baseline 0 -18"><span class='ocrx_word' id='word_1_257' title='bbox 101 2896 376 2963; x_wconf 76' lang='lat' dir='ltr'>completum</span> <span class='ocrx_word' id='word_1_258' title='bbox 391 2933 409 2959; x_wconf 88' lang='lat'><em>‚</em></span> <span class='ocrx_word' id='word_1_259' title='bbox 441 2915 495 2946; x_wconf 91' lang='lat' dir='ltr'>eo</span> <span class='ocrx_word' id='word_1_260' title='bbox 517 2899 642 2963; x_wconf 90' lang='lat' dir='ltr'>quod</span> <span class='ocrx_word' id='word_1_261' title='bbox 671 2916 766 2946; x_wconf 90' lang='lat' dir='ltr'>non</span> <span class='ocrx_word' id='word_1_262' title='bbox 799 2899 952 2946; x_wconf 89' lang='lat' dir='ltr'>omnia</span> <span class='ocrx_word' id='word_1_263' title='bbox 969 2900 1112 2962; x_wconf 85' lang='lat' dir='ltr'>serip-</span> 
     </span>
     <span class='ocr_line' id='line_1_33' title="bbox 103 2980 1113 3046; baseline -0.001 -18"><span class='ocrx_word' id='word_1_264' title='bbox 103 2982 243 3039; x_wconf 85' lang='lat' dir='ltr'>serit,</span> <span class='ocrx_word' id='word_1_265' title='bbox 284 2998 385 3046; x_wconf 85' lang='lat' dir='ltr'>quae</span> <span class='ocrx_word' id='word_1_266' title='bbox 428 2990 579 3044; x_wconf 86' lang='lat' dir='ltr'>postea</span> <span class='ocrx_word' id='word_1_267' title='bbox 619 2984 895 3046; x_wconf 83' lang='lat' dir='ltr'>scripserunt</span> <span class='ocrx_word' id='word_1_268' title='bbox 932 2980 1113 3028; x_wconf 82' lang='lat' dir='ltr'>Marcus</span> 
     </span>
     <span class='ocr_line' id='line_1_34' title="bbox 100 3060 1115 3128; baseline 0.003 -21"><span class='ocrx_word' id='word_1_269' title='bbox 100 3068 146 3108; x_wconf 83' lang='lat' dir='ltr'>et</span> <span class='ocrx_word' id='word_1_270' title='bbox 171 3060 348 3123; x_wconf 77' lang='lat' dir='ltr'>Lucas3</span> <span class='ocrx_word' id='word_1_271' title='bbox 379 3071 459 3109; x_wconf 87' lang='lat' dir='ltr'>aut</span> <span class='ocrx_word' id='word_1_272' title='bbox 487 3063 681 3110; x_wconf 87' lang='lat' dir='ltr'>istorum</span> <span class='ocrx_word' id='word_1_273' title='bbox 711 3065 881 3128; x_wconf 84' lang='lat' dir='ltr'>pariter</span> <span class='ocrx_word' id='word_1_274' title='bbox 910 3061 1115 3126; x_wconf 76' lang='lat' dir='ltr'>Evange-</span> 
     </span>
     <span class='ocr_line' id='line_1_35' title="bbox 101 3138 1115 3210; baseline 0.004 -24"><span class='ocrx_word' id='word_1_275' title='bbox 101 3138 162 3188; x_wconf 88' lang='lat' dir='ltr'>lia</span> <span class='ocrx_word' id='word_1_276' title='bbox 192 3152 335 3190; x_wconf 83' lang='lat' dir='ltr'>essent</span> <span class='ocrx_word' id='word_1_277' title='bbox 360 3142 673 3208; x_wconf 73' lang='lat' dir='ltr'>incompleta,</span> <span class='ocrx_word' id='word_1_278' title='bbox 713 3159 766 3192; x_wconf 87' lang='lat' dir='ltr'>eo</span> <span class='ocrx_word' id='word_1_279' title='bbox 797 3144 923 3210; x_wconf 91' lang='lat' dir='ltr'>quod</span> <span class='ocrx_word' id='word_1_280' title='bbox 953 3143 1115 3191; x_wconf 84' lang='lat' dir='ltr'>litteris</span> 
     </span>
     <span class='ocr_line' id='line_1_36' title="bbox 107 3224 1114 3289; baseline 0.006 -24"><span class='ocrx_word' id='word_1_281' title='bbox 107 3235 201 3266; x_wconf 89' lang='lat' dir='ltr'>nou</span> <span class='ocrx_word' id='word_1_282' title='bbox 234 3224 628 3286; x_wconf 81' lang='lat' dir='ltr'>consignaverint,</span> <span class='ocrx_word' id='word_1_283' title='bbox 665 3239 769 3289; x_wconf 87' lang='lat' dir='ltr'>quae</span> <span class='ocrx_word' id='word_1_284' title='bbox 808 3233 960 3288; x_wconf 88' lang='lat' dir='ltr'>postea</span> <span class='ocrx_word' id='word_1_285' title='bbox 1001 3240 1114 3270; x_wconf 87' lang='lat' dir='ltr'>con-</span> 
     </span>
     <span class='ocr_line' id='line_1_37' title="bbox 110 3299 1117 3370; baseline 0.007 -26"><span class='ocrx_word' id='word_1_286' title='bbox 110 3299 297 3362; x_wconf 81' lang='lat' dir='ltr'>signavit</span> <span class='ocrx_word' id='word_1_287' title='bbox 323 3301 522 3352; x_wconf 86' lang='lat' dir='ltr'>Joannes</span> <span class='ocrx_word' id='word_1_288' title='bbox 542 3343 556 3364; x_wconf 89' lang='lat'>‚</span> <span class='ocrx_word' id='word_1_289' title='bbox 594 3315 636 3352; x_wconf 84' lang='lat' dir='ltr'>et</span> <span class='ocrx_word' id='word_1_290' title='bbox 662 3307 728 3353; x_wconf 90' lang='lat' dir='ltr'>ita</span> <span class='ocrx_word' id='word_1_291' title='bbox 759 3321 911 3370; x_wconf 87' lang='lat' dir='ltr'>porro.</span> <span class='ocrx_word' id='word_1_292' title='bbox 937 3304 1117 3352; x_wconf 83' lang='lat' dir='ltr'>Deinde</span> 
     </span>
     <span class='ocr_line' id='line_1_38' title="bbox 110 3384 1115 3449; baseline 0.008 -24"><span class='ocrx_word' id='word_1_293' title='bbox 110 3384 302 3428; x_wconf 80' lang='lat' dir='ltr'>recurrit</span> <span class='ocrx_word' id='word_1_294' title='bbox 339 3393 382 3431; x_wconf 86' lang='lat' dir='ltr'>et</span> <span class='ocrx_word' id='word_1_295' title='bbox 426 3387 522 3449; x_wconf 84' lang='lat' dir='ltr'>ipse</span> <span class='ocrx_word' id='word_1_296' title='bbox 565 3386 621 3434; x_wconf 91' lang='lat' dir='ltr'>ad</span> <span class='ocrx_word' id='word_1_297' title='bbox 667 3386 766 3435; x_wconf 87' lang='lat' dir='ltr'>loca</span> <span class='ocrx_word' id='word_1_298' title='bbox 810 3388 1075 3435; x_wconf 87' lang='lat' dir='ltr'>communia</span> <span class='ocrx_word' id='word_1_299' title='bbox 1099 3422 1115 3447; x_wconf 89' lang='lat'>‚</span> 
     </span>
     <span class='ocr_line' id='line_1_39' title="bbox 112 3463 1118 3535; baseline 0.009 -28"><span class='ocrx_word' id='word_1_300' title='bbox 112 3463 360 3526; x_wconf 78' lang='lat' dir='ltr'>nempe‘ad</span> <span class='ocrx_word' id='word_1_301' title='bbox 389 3465 584 3516; x_wconf 85' lang='lat' dir='ltr'>abusum</span> <span class='ocrx_word' id='word_1_302' title='bbox 609 3468 1036 3535; x_wconf 83' lang='lat' dir='ltr'>indulgentiarum,</span> <span class='ocrx_word' id='word_1_303' title='bbox 1059 3469 1118 3516; x_wconf 87' lang='lat' dir='ltr'>ad</span> 
     </span>
    </p>
   </div>
   <div class='ocr_carea' id='block_1_7' title="bbox 111 3543 1118 3683">
    <p class='ocr_par' dir='ltr' id='par_1_7' title="bbox 111 3543 1118 3683">
     <span class='ocr_line' id='line_1_40' title="bbox 111 3543 1118 3617; baseline 0.008 -27"><span class='ocrx_word' id='word_1_304' title='bbox 111 3543 422 3593; x_wconf 85' lang='lat' dir='ltr'>credulitatem</span> <span class='ocrx_word' id='word_1_305' title='bbox 463 3552 680 3601; x_wconf 81' lang='lat' dir='ltr'>universae</span> <span class='ocrx_word' id='word_1_306' title='bbox 724 3551 919 3617; x_wconf 80' lang='lat' dir='ltr'>Europae</span> <span class='ocrx_word' id='word_1_307' title='bbox 955 3550 1118 3600; x_wconf 55' lang='lat' dir='ltr'>&#39;medio</span> 
     </span>
     <span class='ocr_line' id='line_1_41' title="bbox 114 3635 489 3683; baseline 0.013 -12"><span class='ocrx_word' id='word_1_308' title='bbox 114 3641 240 3683; x_wconf 69' lang='lat' dir='ltr'>aevo,</span> <span class='ocrx_word' id='word_1_309' title='bbox 280 3635 369 3675; x_wconf 80' lang='lat' dir='ltr'>eto.</span> <span class='ocrx_word' id='word_1_310' title='bbox 402 3636 489 3677; x_wconf 85' lang='lat' dir='ltr'>etc.</span> 
     </span>
    </p>
   </div>
   <div class='ocr_carea' id='block_1_8' title="bbox 194 3720 399 3779">
    <p class='ocr_par' dir='ltr' id='par_1_8' title="bbox 194 3720 399 3779">
     <span class='ocr_line' id='line_1_42' title="bbox 194 3720 399 3779; baseline 0.01 -2"><span class='ocrx_word' id='word_1_311' title='bbox 194 3720 256 3778; x_wconf 89' lang='grc' dir='ltr'>Τ.</span> <span class='ocrx_word' id='word_1_312' title='bbox 303 3720 399 3779; x_wconf 86' lang='grc' dir='ltr'>ΙΧ.</span> 
     </span>
    </p>
   </div>
   <div class='ocr_carea' id='block_1_9' title="bbox 1197 2555 2217 3522">
    <p class='ocr_par' dir='ltr' id='par_1_9' title="bbox 1197 2555 2217 3522">
     <span class='ocr_line' id='line_1_43' title="bbox 1197 2555 2212 2620; baseline 0.001 -18"><span class='ocrx_word' id='word_1_313' title='bbox 1197 2556 1431 2620; x_wconf 71' lang='grc' dir='ltr'>ῑίυωῳιε’</span> <span class='ocrx_word' id='word_1_314' title='bbox 1461 2555 1717 2603; x_wconf 83' lang='lat' dir='ltr'>adbaesioni</span> <span class='ocrx_word' id='word_1_315' title='bbox 1764 2557 1847 2615; x_wconf 89' lang='lat' dir='ltr'>iis,</span> <span class='ocrx_word' id='word_1_316' title='bbox 1895 2572 1997 2620; x_wconf 80' lang='lat' dir='ltr'>quae</span> <span class='ocrx_word' id='word_1_317' title='bbox 2046 2557 2212 2620; x_wconf 85' lang='lat' dir='ltr'>scripta</span> 
     </span>
     <span class='ocr_line' id='line_1_44' title="bbox 1197 2637 2212 2702; baseline 0.001 -17"><span class='ocrx_word' id='word_1_318' title='bbox 1197 2639 1502 2696; x_wconf 84' lang='lat' dir='ltr'>invenerunt,</span> <span class='ocrx_word' id='word_1_319' title='bbox 1545 2654 1600 2685; x_wconf 84' lang='lat' dir='ltr'>ac</span> <span class='ocrx_word' id='word_1_320' title='bbox 1635 2637 1893 2702; x_wconf 88' lang='lat' dir='ltr'>profectum</span> <span class='ocrx_word' id='word_1_321' title='bbox 1932 2637 2212 2686; x_wconf 87' lang='lat' dir='ltr'>modernum</span> 
     </span>
     <span class='ocr_line' id='line_1_45' title="bbox 1199 2717 2213 2784; baseline 0.001 -18"><span class='ocrx_word' id='word_1_322' title='bbox 1199 2720 1397 2768; x_wconf 64' lang='lat' dir='ltr'>scientiae</span> <span class='ocrx_word' id='word_1_323' title='bbox 1409 2717 1691 2784; x_wconf 83' lang='lat' dir='ltr'>theologicae.</span> <span class='ocrx_word' id='word_1_324' title='bbox 1704 2717 1875 2766; x_wconf 79' lang='lat' dir='ltr'>Infelix</span> <span class='ocrx_word' id='word_1_325' title='bbox 1889 2718 2047 2767; x_wconf 87' lang='lat' dir='ltr'>homo!</span> <span class='ocrx_word' id='word_1_326' title='bbox 2062 2718 2213 2767; x_wconf 83' lang='lat' dir='ltr'>Inter-</span> 
     </span>
     <span class='ocr_line' id='line_1_46' title="bbox 1201 2799 2207 2866; baseline 0.002 -19"><span class='ocrx_word' id='word_1_327' title='bbox 1201 2811 1325 2866; x_wconf 87' lang='lat' dir='ltr'>roget</span> <span class='ocrx_word' id='word_1_328' title='bbox 1338 2800 1588 2849; x_wconf 84' lang='lat' dir='ltr'>Dammum</span> <span class='ocrx_word' id='word_1_329' title='bbox 1605 2834 1620 2862; x_wconf 90' lang='lat'>‚</span> <span class='ocrx_word' id='word_1_330' title='bbox 1636 2799 1900 2849; x_wconf 87' lang='lat' dir='ltr'>Semlerum</span> <span class='ocrx_word' id='word_1_331' title='bbox 1919 2836 1933 2859; x_wconf 90' lang='lat'><strong>‚</strong></span> <span class='ocrx_word' id='word_1_332' title='bbox 1951 2799 2207 2861; x_wconf 82' lang='lat' dir='ltr'>Tellerum‚</span> 
     </span>
     <span class='ocr_line' id='line_1_47' title="bbox 1199 2878 2210 2942; baseline -0.003 -11"><span class='ocrx_word' id='word_1_333' title='bbox 1199 2882 1501 2932; x_wconf 87' lang='lat' dir='ltr'>Eichornium</span> <span class='ocrx_word' id='word_1_334' title='bbox 1513 2919 1527 2942; x_wconf 91' lang='lat'>,</span> <span class='ocrx_word' id='word_1_335' title='bbox 1547 2882 1773 2930; x_wconf 86' lang='lat' dir='ltr'>Baverum</span> <span class='ocrx_word' id='word_1_336' title='bbox 1786 2917 1800 2939; x_wconf 92' lang='lat'>‚</span> <span class='ocrx_word' id='word_1_337' title='bbox 1813 2878 2182 2929; x_wconf 46' lang='lat' dir='ltr'>xWoltmannum</span> <span class='ocrx_word' id='word_1_338' title='bbox 2195 2917 2210 2942; x_wconf 89' lang='lat'><strong>,</strong></span> 
     </span>
     <span class='ocr_line' id='line_1_48' title="bbox 1201 2956 2213 3028; baseline -0.001 -16"><span class='ocrx_word' id='word_1_339' title='bbox 1201 2965 1501 3027; x_wconf 86' lang='lat' dir='ltr'>Paulusium‚</span> <span class='ocrx_word' id='word_1_340' title='bbox 1542 2956 1820 3012; x_wconf 72' lang='lat' dir='ltr'>Strau‘ssium</span> <span class='ocrx_word' id='word_1_341' title='bbox 1857 2962 2061 3028; x_wconf 87' lang='lat' dir='ltr'>aliosque</span> <span class='ocrx_word' id='word_1_342' title='bbox 2095 2978 2213 3027; x_wconf 83' lang='lat' dir='ltr'>pene</span> 
     </span>
     <span class='ocr_line' id='line_1_49' title="bbox 1200 3045 2213 3110; baseline -0.002 -16"><span class='ocrx_word' id='word_1_343' title='bbox 1200 3046 1468 3096; x_wconf 84' lang='lat' dir='ltr'>innumeros</span> <span class='ocrx_word' id='word_1_344' title='bbox 1480 3047 1818 3095; x_wconf 79' lang='lat' dir='ltr'>reformationis</span> <span class='ocrx_word' id='word_1_345' title='bbox 1828 3050 2088 3103; x_wconf 85' lang='lat' dir='ltr'>sectatores,</span> <span class='ocrx_word' id='word_1_346' title='bbox 2097 3045 2213 3110; x_wconf 92' lang='lat' dir='ltr'>quid</span> 
     </span>
     <span class='ocr_line' id='line_1_50' title="bbox 1201 3127 2215 3191; baseline -0.004 -14"><span class='ocrx_word' id='word_1_347' title='bbox 1201 3129 1391 3177; x_wconf 88' lang='lat' dir='ltr'>demum</span> <span class='ocrx_word' id='word_1_348' title='bbox 1416 3129 1587 3177; x_wconf 89' lang='lat' dir='ltr'>factum</span> <span class='ocrx_word' id='word_1_349' title='bbox 1614 3129 1670 3176; x_wconf 88' lang='lat' dir='ltr'>sit</span> <span class='ocrx_word' id='word_1_350' title='bbox 1692 3128 1751 3176; x_wconf 86' lang='lat' dir='ltr'>de</span> <span class='ocrx_word' id='word_1_351' title='bbox 1767 3127 2011 3191; x_wconf 83' lang='lat' dir='ltr'>Scripturis</span> <span class='ocrx_word' id='word_1_352' title='bbox 2025 3135 2070 3174; x_wconf 86' lang='lat' dir='ltr'>et</span> <span class='ocrx_word' id='word_1_353' title='bbox 2084 3143 2215 3174; x_wconf 83' lang='lat' dir='ltr'>reve-</span> 
     </span>
     <span class='ocr_line' id='line_1_51' title="bbox 1201 3207 2213 3260; baseline -0.004 -2"><span class='ocrx_word' id='word_1_354' title='bbox 1201 3211 1372 3260; x_wconf 84' lang='lat' dir='ltr'>latione</span> <span class='ocrx_word' id='word_1_355' title='bbox 1402 3213 1453 3258; x_wconf 89' lang='lat' dir='ltr'>in</span> <span class='ocrx_word' id='word_1_356' title='bbox 1482 3210 1824 3259; x_wconf 85' lang='lat' dir='ltr'>reformatione.</span> <span class='ocrx_word' id='word_1_357' title='bbox 1847 3207 2018 3257; x_wconf 86' lang='lat' dir='ltr'>Verum</span> <span class='ocrx_word' id='word_1_358' title='bbox 2034 3207 2094 3256; x_wconf 83' lang='lat' dir='ltr'>de</span> <span class='ocrx_word' id='word_1_359' title='bbox 2119 3207 2213 3255; x_wconf 84' lang='lat' dir='ltr'>hoe</span> 
     </span>
     <span class='ocr_line' id='line_1_52' title="bbox 1203 3291 2217 3358; baseline -0.005 -18"><span class='ocrx_word' id='word_1_360' title='bbox 1203 3302 1468 3358; x_wconf 85' lang='lat' dir='ltr'>argumento</span> <span class='ocrx_word' id='word_1_361' title='bbox 1479 3308 1537 3340; x_wconf 85' lang='lat' dir='ltr'>ex</span> <span class='ocrx_word' id='word_1_362' title='bbox 1548 3291 1752 3356; x_wconf 86' lang='lat' dir='ltr'>professo</span> <span class='ocrx_word' id='word_1_363' title='bbox 1762 3307 1947 3355; x_wconf 81' lang='lat' dir='ltr'>agemus</span> <span class='ocrx_word' id='word_1_364' title='bbox 1955 3292 2005 3337; x_wconf 88' lang='lat' dir='ltr'>in</span> <span class='ocrx_word' id='word_1_365' title='bbox 2014 3299 2139 3355; x_wconf 83' lang='lat' dir='ltr'>parte</span> <span class='ocrx_word' id='word_1_366' title='bbox 2148 3305 2217 3347; x_wconf 75' lang='lat' dir='ltr'>ut,</span> 
     </span>
     <span class='ocr_line' id='line_1_53' title="bbox 1205 3373 2214 3440; baseline -0.006 -15"><span class='ocrx_word' id='word_1_367' title='bbox 1205 3377 1287 3426; x_wconf 90' lang='lat' dir='ltr'>ubi</span> <span class='ocrx_word' id='word_1_368' title='bbox 1304 3380 1440 3425; x_wconf 86' lang='lat' dir='ltr'>etiam</span> <span class='ocrx_word' id='word_1_369' title='bbox 1465 3374 1804 3440; x_wconf 85' lang='lat' dir='ltr'>expendemus,</span> <span class='ocrx_word' id='word_1_370' title='bbox 1834 3373 1958 3440; x_wconf 88' lang='lat' dir='ltr'>quod</span> <span class='ocrx_word' id='word_1_371' title='bbox 1986 3373 2063 3421; x_wconf 86' lang='lat' dir='ltr'>bie</span> <span class='ocrx_word' id='word_1_372' title='bbox 2089 3387 2214 3420; x_wconf 86' lang='lat' dir='ltr'>asse-</span> 
     </span>
     <span class='ocr_line' id='line_1_54' title="bbox 1205 3452 2215 3522; baseline -0.008 -15"><span class='ocrx_word' id='word_1_373' title='bbox 1205 3462 1320 3507; x_wconf 88' lang='lat' dir='ltr'>ritur</span> <span class='ocrx_word' id='word_1_374' title='bbox 1336 3496 1350 3519; x_wconf 92' lang='lat'>,</span> <span class='ocrx_word' id='word_1_375' title='bbox 1397 3459 1454 3506; x_wconf 90' lang='lat' dir='ltr'>de</span> <span class='ocrx_word' id='word_1_376' title='bbox 1497 3457 1702 3522; x_wconf 80' lang='lat' dir='ltr'>prosectu</span> <span class='ocrx_word' id='word_1_377' title='bbox 1743 3456 1967 3504; x_wconf 88' lang='lat' dir='ltr'>moderno</span> <span class='ocrx_word' id='word_1_378' title='bbox 2013 3452 2215 3502; x_wconf 83' lang='lat' dir='ltr'>scientiae</span> 
     </span>
    </p>
   </div>
   <div class='ocr_carea' id='block_1_10' title="bbox 1191 3543 1490 3607">
    <p class='ocr_par' dir='ltr' id='par_1_10' title="bbox 1191 3543 1490 3607">
     <span class='ocr_line' id='line_1_55' title="bbox 1191 3543 1490 3607; baseline -0.007 -17"><span class='ocrx_word' id='word_1_379' title='bbox 1191 3543 1490 3607; x_wconf 43' lang='lat' dir='ltr'>&#39;theologicam</span> 
     </span>
    </p>
   </div>
   <div class='ocr_carea' id='block_1_11' title="bbox 1278 3619 2221 3773">
    <p class='ocr_par' dir='ltr' id='par_1_11' title="bbox 1278 3619 2221 3773">
     <span class='ocr_line' id='line_1_56' title="bbox 1278 3619 2221 3688; baseline -0.008 -16"><span class='ocrx_word' id='word_1_380' title='bbox 1278 3625 1340 3688; x_wconf 74' lang='lat'>(3)</span> <span class='ocrx_word' id='word_1_381' title='bbox 1379 3623 1503 3672; x_wconf 87' lang='lat' dir='ltr'>lbid.</span> <span class='ocrx_word' id='word_1_382' title='bbox 1520 3640 1624 3688; x_wconf 81' lang='lat' dir='ltr'>pag.</span> <span class='ocrx_word' id='word_1_383' title='bbox 1644 3622 1726 3688; x_wconf 81' lang='lat'>37.</span> <span class='ocrx_word' id='word_1_384' title='bbox 1749 3621 1806 3669; x_wconf 88' lang='lat' dir='ltr'>Et</span> <span class='ocrx_word' id='word_1_385' title='bbox 1832 3619 1911 3669; x_wconf 87' lang='lat' dir='ltr'>hic</span> <span class='ocrx_word' id='word_1_386' title='bbox 1933 3635 2087 3668; x_wconf 85' lang='lat' dir='ltr'>amare</span> <span class='ocrx_word' id='word_1_387' title='bbox 2107 3632 2221 3684; x_wconf 82' lang='lat' dir='ltr'>que-</span> 
     </span>
     <span class='ocr_line' id='line_1_57' title="bbox 1902 3714 1976 3773; baseline 0.014 -1"><span class='ocrx_word' id='word_1_388' title='bbox 1902 3714 1976 3773; x_wconf 87' lang='grc'>18</span> 
     </span>
    </p>
   </div>
  </div>
 </body>
</html>
