2502 4134
2066 161 2185 221 435

276 185 435 225 PAR'r.
488 184 575 220 111.
619 181 769 220 SEC'r.
818 184 858 219 1.
906 181 1026 219 CAP.
1072 183 1111 218 1.
1163 183 1230 218 lm
1273 181 1406 219 RAT.
1462 180 1591 217 Alv'r.
1642 182 1750 218 Fu).
1799 182 1979 219 SPRG’r.

75 351 202 390 sum
251 329 448 385 istum.
490 322 817 403 religiosum
876 322 1102 380 homini
1153 321 1593 381 connaturalem
1653 322 2004 404 principium
2064 345 2187 384 esse

77 424 422 503 religionum
466 420 767 496 omnium3
807 439 900 476 eas
938 416 1185 498 proinde
1228 419 1431 475 omnes
1468 417 1713 475 totidem
1760 439 1884 477 esse
1921 418 2193 497 hujusce-

77 519 236 579 modi
282 537 482 576 sensus
531 514 778 586 formas,
830 512 931 593 qui
983 523 1187 594 suapte
1233 524 1441 570 natura
1486 511 1778 572 evolvitur
1815 513 1876 571 in
1904 514 2192 589 homine,

76 613 384 694 tenditque
433 609 507 668 ad
537 631 702 668 suam
736 607 1171 691 perfectionem.
1218 607 1368 665 Hinc
1407 606 1582 665 homo
1615 606 1774 666 haud
1805 611 2025 691 recepit
2057 611 2196 670 reli-

77 711 274 790 giones
329 729 400 767 ex
441 705 709 765 rationali
749 704 929 762 animi
971 702 1375 785 persuasione,
1429 714 1531 760 aut
1569 704 1702 782 quia
1736 715 1874 762 sunt
1921 707 2199 783 objective

78 817 258 864 certae
290 825 354 862 ac
405 822 586 873 verae3
630 798 733 859 sed
771 820 864 857 eas
903 797 1013 855 sibi
1051 808 1240 870 creat,
1276 797 1413 877 quia
1465 796 1578 855 illis
1619 796 1875 876 indiget,
1926 811 1987 858 et
2021 801 2200 860 veluti

82 900 345 962 naturale
367 919 609 983 germen
640 918 710 957 ex
746 895 846 954 illo
873 896 1107 954 interno
1136 916 1307 953 sensu
1337 895 1655 954 necessario
1688 894 2056 956 efflorescunt
2086 900 2196 978 (1).

168 995 306 1054 147.
356 996 439 1052 Ex
498 991 705 1051 eodem
746 989 919 1071 plane
963 990 1249 1072 principio
1290 988 1569 1070 profluxit
1598 989 1953 1070 jampridem
1982 996 2199 1071 pictis-

85 1112 221 1148 mus
268 1090 422 1146 inter
453 1089 845 1145 protestantes
875 1084 964 1162 (2)
987 1129 1003 1158 ,
1045 1104 1110 1142 ac
1161 1085 1617 1161 quacherismus
1660 1105 1891 1166 quoque
1928 1085 2002 1144 ad
2030 1087 2201 1146 illum

87 1183 269 1244 veluti
292 1182 366 1241 ad
399 1181 622 1240 fontem
651 1200 821 1238 suum
869 1189 1174 1238 revocatur
1212 1177 1330 1257 (3).
1369 1176 1621 1236 Jacobus
1661 1178 1881 1239 Bohme
1906 1224 1923 1253 ,
1966 1181 2202 1243 Schwe-

87 1277 350 1358 denborg
386 1275 599 1356 aliique
633 1273 927 1334 visionarii
955 1272 1064 1331 hoc
1103 1272 1460 1352 mysticismo
1491 1274 1746 1354 permoti
1777 1285 1914 1332 sunt
1955 1274 2029 1334 ad
2066 1276 2205 1336 reli-

87 1374 315 1453 gionem
325 1369 704 1429 christianam
722 1366 898 1425 modo
919 1388 1023 1424 suo
1045 1367 1502 1426 construendam
1526 1365 1643 1445 (4).
1667 1367 1743 1425 Ex
1765 1389 1880 1449 quo
1896 1370 2207 1433 evidenter

86 1477 282 1546 patet,
334 1463 753 1543 mysticismum
797 1460 1269 1519 sentimentalem
1316 1461 1496 1518 >nimis
1547 1481 1671 1520 esse
1710 1483 1862 1523 verae
1914 1464 2047 1524 fidei
2085 1489 2208 1526 non

91 1561 288 1620 minus
301 1579 486 1640 quam
511 1557 620 1639 ipsi
642 1555 894 1616 scientiae
916 1555 1236 1614 infensum.
1260 1552 1402 1614 Vera
1427 1550 1716 1636 siquidem
1737 1558 1978 1618 scientia
2004 1582 2208 1621 omnes

56 1681 58 1683 ·
89 1653 397 1736 complecti
429 1651 606 1734 debet
626 1651 880 1710 hominis
904 1650 1207 1709 facultates
1232 1695 1247 1724 ,
1282 1671 1474 1731 neque
1502 1651 1659 1732 quod
1691 1653 1872 1731 magis
1893 1663 1984 1712 est
2008 1674 2207 1715 essen-

88 1750 225 1810 tiale
267 1770 332 1808 ac
373 1759 697 1828 praestans,
740 1745 1065 1825 cujusmodi
1113 1745 1502 1825 intelligentia
1557 1758 1680 1820 est,
1735 1746 2046 1810 excludere
2090 1751 2204 1831 (5).

92 1847 377 1905 Caeterum
423 1856 549 1924 quae
590 1842 665 1902 de
699 1841 1053 1921 mysticismo
1102 1840 1383 1899 hactenus
1422 1841 1814 1921 scripsismus,
1856 1842 2102 1920 falsum,
2143 1859 2213 1905 ut

160 2119 230 2183 (1)
270 2117 391 2167 lbid..
436 2133 540 2181 pag.
581 2113 646 2164 83
681 2125 704 2163 ‘z
747 2114 839 2162 Lea
882 2114 1102 2178 doqmes,

96 2204 287 2267 inquit,
323 2198 388 2247 les
419 2212 672 2263 croyancea
688 2232 705 2259 ,
743 2195 807 2243 les
825 2196 1103 2261 pratiqnesz,

1188 2113 1389 2162 Jacobus
1412 2112 1591 2164 Biihme
1619 2118 1691 2164 vir
1721 2117 1812 2165 fuit
1839 2117 1977 2182 plane
1995 2118 2209 2184 singula-

1190 2198 1251 2242 ris
1269 2233 1282 2254 ‚
1320 2213 1345 2244 e
1375 2205 1526 2245 sutore
1555 2197 1879 2262 philosophus,
1908 2195 2023 2266 Ejus
2046 2203 2211 2266 scripta

94 2282 161 2330 lea
205 2280 487 2329 ceremonias
536 2287 640 2326 sont
663 2265 764 2325 'des
799 2277 975 2341 formes
1019 2294 1107 2341 que

90 2362 247 2429 prend
279 2361 319 2409 le
341 2361 598 2409 sentiment
627 2360 885 2418 interimor,
923 2366 966 2405 et
993 2357 1110 2422 qu’il

97 2444 221 2491 briae
258 2443 456 2491 ensuite.
498 2439 675 2489 Deinde
717 2440 902 2498 subdit,
944 2437 1043 2486 ibid
1090 2457 1103 2486 :

103 2524 342 2572 Observez
370 2539 546 2571 comme
574 2528 720 2569 tontes
751 2519 815 2568 les
841 2522 1030 2568 notione
1059 2536 1107 2568 se

97 2613 330 2671 yroupent
371 2612 545 2653 avatour
591 2603 657 2650 dn
698 2603 955 2650 sentiment
997 2601 1108 2649 reli·-

97 2691 273 2752 9ieum,
304 2695 348 2734 et
379 2684 550 2733 dociles
581 2684 612 2731 ὰ
640 2700 707 2731 un
728 2683 944 2730 moindre
973 2684 1108 2746 sique

99 2786 146 2818 se
180 2769 426 2832 modificent
457 2775 499 2814 et
535 2781 584 2813 se
618 2765 959 2829 transforment
979 2781 1109 2829 pour

99 2851 140 2900 Ie
167 2852 335 2900 servir.
365 2849 466 2897 Hoc
500 2859 695 2913 systema
725 2848 889 2896 refellit
910 2847 970 2896 cl.
993 2846 1107 2894 Ros-

102 2937 245 2990 mini,
275 2936 324 2980 in
343 2949 420 2996 op.
439 2928 487 2979 F
484 2933 744 2978 rammenti
762 2926 816 2976 di
840 2945 940 2976 una
957 2930 1104 2976 storia

98 3011 439 3081 dell'e'mpietlz,
469 3014 593 3079 quod
622 3013 707 3059 fuit
737 3012 894 3075 gallice
913 3012 1106 3059 transla-

103 3107 233 3154 tum,
268 3097 412 3162 Lyon.
456 3093 603 3161 1837.

171 3177 235 3240 (2)
270 3177 388 3227 Vide
410 3177 630 3244 pietoe‘smi
660 3177 924 3234 historiam,
954 3176 1002 3221 in
1028 3191 1105 3238 op.

108 3261 186 3307 cit.
215 3260 432 3307 Histoire
457 3261 660 3323 critique
690 3257 755 3305 du
778 3257 971 3305 Ration-

175 3337 239 3401 (3)
278 3338 346 3387 De
356 3340 445 3388 hoc
456 3339 554 3390 Cfr.
565 3340 611 3387 M
620 3339 768 3398 ijhler,
782 3334 1107 3402 Symboliq'ue‚

112 3431 226 3468 tom.
253 3435 286 3466 u
307 3455 320 3479 ,
349 3419 434 3469 lib.
460 3436 488 3468 2
509 3458 521 3480 ‚
553 3437 657 3486 cap.
688 3437 737 3468 2.

176 3498 249 3564 (ἃ)
286 3496 354 3547 De
378 3492 742 3566 Schwedenborg
775 3501 860 3548 cfr.
894 3498 1073 3547 Mfihler
1094 3534 1107 3556 ‚

114 3580 438 3646 Symbolique,
472 3591 586 3631 tom.
615 3598 679 3643 u,
708 3581 791 3630 lib.
821 3597 858 3629 11
875 3616 890 3642 ,
923 3578 1022 3645 ca'p.
1048 3577 1108 3642 4,

115 3678 311 3712 necnon
338 3679 440 3729 quae
455 3663 562 3712 alibi
580 3664 637 3713 de
652 3664 810 3714 eodem
826 3665 1109 3727 scripsimuS.

1190 2277 1328 2336 rudi,
1379 2277 1458 2325 sed
1503 2280 1711 2344 ingenuo
1752 2279 1868 2344 stylo
1911 2292 2122 2340 exarata,
2156 2300 2210 2330 ac

1190 2361 1469 2423 mysticismo
1507 2358 1642 2423 plena
1677 2360 1772 2422 (sic
1806 2371 1963 2410 tamen
2005 2372 2056 2410 ut
2097 2363 2208 2411 fidei

1189 2441 1408 2505 mysteria
1446 2443 1701 2503 praesertim
1743 2440 1980 2490 Trinitatis
2023 2444 2206 2492 eleven-

1188 2522 1312 2585 tur),
1354 2522 1541 2570 fuerunt
1579 2524 1820 2571 recentiori
1858 2523 1946 2573 hac
1986 2534 2114 2573 aetate
2154 2528 2205 2572 in

1188 2603 1433 2652 Germania
1467 2607 1633 2652 iterum
1666 2607 1720 2652 in
1753 2605 1906 2655 lucem
1949 2607 2120 2670 prolata
2154 2625 2208 2655 ac

1189 2688 1321 2735 valde
1354 2688 1616 2736 decantata.
1649 2687 1732 2735 His
1763 2688 2013 2737 delectatus
2037 2698 2106 2738 est
2122 2707 2205 2738 ve·

1188 2771 1429 2819 hementer
1469 2771 1521 2819 F.
1560 2770 1766 2831 Baader,
1812 2773 1893 2837 qui
1935 2783 1981 2821 et
2015 2776 2116 2839 ipse
2147 2790 2205 2822 ex

1190 2855 1471 2920 mysticismo
1487 2870 1569 2901 suo
1587 2870 1613 2901 a
1632 2863 1755 2902 recto
1770 2853 2002 2918 religionis
2017 2858 2204 2904 tramite

1187 2935 1275 2983 late
1299 2936 1540 2984 aberravit.

1261 3015 1323 3081 (ὅ)
1360 3014 1611 3080 Apposite,
1657 3017 1868 3081 quamvis
1909 3021 2200 3080 protestans,

1190 3110 1347 3147 auctor
1361 3099 1437 3146 cit.
1449 3093 1572 3145 Hine.
1586 3097 1691 3144 crit.
1703 3094 1769 3144 du
1780 3096 1956 3145 ration.
1974 3112 2073 3161 pag.
2084 3095 2204 3162 384,

1191 3179 1270 3227 ubi
1307 3179 1365 3227 de
1403 3177 1718 3227 rationalism'o
1760 3173 2202 3227 sentimentali‘stico

1190 3261 1411 3311 disserere
1429 3262 1618 3325 incipit,
1639 3260 1793 3309 scribit
1810 3279 1821 3308 :
1841 3259 1968 3308 C’est
1985 3276 2071 3308 sm·
2086 3258 2203 3308 l’en-

1190 3343 1362 3394 semble
1377 3344 1457 3392 des
1465 3341 1666 3408 facultea
1683 3341 1938 3390 humainee
1954 3342 2075 3407 qn’il
2091 3341 2205 3406 saut

1191 3426 1340 3475 elever
1364 3425 1561 3489 l’edifice
1583 3424 1639 3472 de
1665 3424 1713 3472 la
1739 3427 1886 3473 verite
1901 3459 1918 3485 ,
1949 3426 1996 3471 si
2023 3423 2121 3471 I’on
2143 3439 2206 3470 ne

1192 3516 1302 3557 veut
1317 3523 1411 3574 pas
1427 3505 1546 3572 qn’il
1560 3504 1783 3555 ae’ecroule
1800 3505 1914 3552 d'un
1934 3488 2201 3569 co'te‚pen·

1192 3591 1308 3641 dant
1331 3587 1477 3655 qu’on
1501 3588 1672 3654 l'edifie
1700 3588 1757 3636 de
1781 3588 1963 3637 l’autro.
2198 3585 2215 3598 '

1868 3747 1967 3806 ⁶28.
