2502 4134
307 151 422 210 144
914 173 1110 216 macr.
1154 179 1223 216 nn
1265 178 1416 219 Locis
1455 182 1836 226 maome-1013.

1132 353 1520 408 ARTICULUS
1561 359 1629 412 ΙΙ.

469 565 559 623 De
585 566 875 646 eoeeqetiea
904 587 1004 626 seu
1032 566 1362 643 senentifi'ea
1404 568 1877 648 Scrz'pturarum
1907 573 2274 634 divinarum

1123 667 1630 743 interpretatione.
1658 685 1662 688 ’
1937 649 1942 655 .

381 914 526 972 222.
575 914 855 987 Quamvis
882 912 1179 996 exegetica
1206 934 1309 972 seu
1335 914 1649 973 scientifica
1686 899 2120 997 Scripturarum
2147 938 2443 978 sacrarum

299 1008 583 1091 expositio
618 1010 853 1090 proprie
895 1008 970 1067 ad
1014 1008 1356 1092 theologum
1396 1031 1515 1068 non
1554 1009 1881 1092 pertineat,
1926 1032 2060 1070 cum
2098 1011 2250 1072 hanc
2298 1036 2442 1095 pro-

298 1105 551 1166 vinciam
575 1105 684 1164 sibi
715 1105 1019 1166 vindicent
1042 1127 1340 1164 sacrarum
1370 1106 1728 1166 Litterarum
1758 1107 2119 1188 professores
2143 1153 2159 1182 7
2191 1129 2443 1190 quorum

297 1212 389 1260 est
415 1202 590 1260 etiam
630 1222 701 1260 ex
736 1202 1006 1260 instituto
1044 1223 1213 1280 agere
1244 1200 1317 1260 de
1357 1202 1552 1260 critica
1577 1200 1825 1278 biblica,
1858 1204 1943 1262 uti
1977 1203 2346 1278 monuimus7
2378 1225 2444 1263 ac

297 1296 371 1355 de
396 1296 832 1356 hermeneutica
856 1342 871 1372 ‚
912 1296 986 1356 de
1026 1296 1406 1378 archaeologia
1437 1318 1595 1356 sacra
1621 1342 1635 1368 ,
1678 1297 1923 1379 aliisque
1956 1299 2242 1375 ejusmodi
2278 1321 2446 1380 argu-

295 1394 542 1466 menti53
586 1414 721 1451 cum
761 1393 1148 1452 nihilominus
1186 1395 1584 1452 protestantes
1638 1394 1701 1452 in
1747 1394 2061 1454 Ecclesiam
2095 1395 2443 1455 catholicam

294 1487 554 1548 conflent
607 1487 891 1547 invidiam
951 1510 1023 1548 ex
1069 1488 1360 1570 principio
1416 1489 1773 1548 auctoritatis
1831 1490 1890 1547 in
1956 1491 2443 1571 interpretatione

294 1584 622 1665 dogmatica
644 1584 1083 1665 Scripturarum
1101 1631 1116 1656 ‚
1146 1584 1406 1662 cogimur
1430 1584 1716 1644 vindicias
1742 1584 2006 1644 Ecclesiae
2028 1585 2207 1643 etiam
2230 1605 2302 1643 ex
2334 1584 2442 1644 hac

292 1693 462 1763 parte
499 1680 811 1761 suscipere.
854 1683 1256 1739 protestantes
1297 1701 1555 1762 namque
1594 1679 1788 1740 solent
1832 1679 2147 1739 Ecclesiam
2193 1678 2441 1740 catholi-

293 1797 422 1835 cam
473 1776 738 1835 incusare
767 1821 783 1850 7
839 1772 999 1858 quod
1045 1797 1344 1835 sacrorum
1392 1775 1714 1835 Bibliorum
1769 1776 1957 1835 studia
2009 1774 2316 1849 retardet,
2374 1798 2441 1836 ae

293 1873 598 1932 scientiam
636 1893 861 1931 sacram
908 1872 1078 1931 arctis
1114 1872 1291 1931 nimis
1337 1872 1519 1934 veluti
1560 1871 1811 1932 vinculis
1857 1872 2253 1951 constringat,
2293 1871 2439 1932 dum

292 1991 457 2028 suam
481 1970 645 2050 sequi
668 1969 1228 2050 interpretationem
1250 2014 1265 2043 7
1290 1980 1392 2027 aut
1410 1967 1617 2027 saltem
1642 1991 1763 2027 non
1788 1966 2061 2027 recedere
2084 1967 2439 2049 interpretes

282 2064 457 2143 jubet
497 2063 573 2123 ab
615 2065 884 2122 unanimi
929 2066 1278 2123 Sanctorum
1318 2066 1559 2122 Patrum
1600 2064 1985 2144 expositione.
2032 2065 2431 2123 protestantes

288 2171 573 2243 praeterea
595 2161 952 2219 recentiores
977 2181 1072 2218 eas
1089 2158 1320 2239 regulas
1346 2181 1420 2220 ac
1435 2159 1715 2239 principia
1739 2160 1802 2216 in
1827 2157 2021 2216 critica
2040 2203 2055 2232 .,
2078 2157 2438 2218 hermeneu-

288 2257 402 2316 tica
434 2267 611 2338 atque
644 2256 871 2335 exegesi
894 2255 1106 2314 biblica
1136 2267 1408 2314 statuunt
1443 2266 1503 2314 et
1534 2266 1943 2314 consectantur
1963 2300 1979 2328 a
2014 2276 2145 2335 quae
2172 2257 2437 2337 Scriptu-

288 2375 419 2412 ram
458 2354 647 2435 ipsam
687 2351 1044 2411 labefactant
1065 2397 1085 2426 .,,
1122 2373 1188 2410 ac
1229 2372 1470 2410 omnem
1509 2353 1562 2410 ei
1605 2373 1759 2432 pene
1798 2350 2134 2431 religiosum
2173 2353 2441 2410 valorem

287 2449 579 2509 adimunt.
603 2450 819 2508 Verum
845 2448 1173 2528 enimvero
1191 2492 1206 2522 ,
1235 2446 1396 2528 quod
1420 2447 1600 2526 magis
1625 2449 1853 2506 sincero
1877 2446 2115 2506 cuilibet
2135 2446 2432 2507 Catholico

190 2595 200 2611 ,
286 2545 648 2619 dolendum,
685 2543 834 2603 illud
859 2556 947 2603 est
968 2590 984 2620 ,
1021 2565 1130 2603 nec
1165 2543 1416 2602 defuisse
1452 2543 1777 2602 neotericos
1799 2588 1814 2617 ,
1852 2544 1952 2625 qui
1975 2587 1992 2618 ,
2026 2565 2223 2624 presse
2255 2544 2431 2603 nimis

286 2641 748 2706 Protestantium
775 2641 1013 2720 vestigia
1042 2650 1379 2722 prementes
1401 2684 1418 2713 .,
1455 2640 1613 2700 viam
1656 2639 1719 2697 in
1762 2638 2000 2698 scientia
2028 2637 2239 2697 biblica
2278 2640 2430 2699 inie-

285 2739 441 2813 rint,
492 2759 623 2820 quae
664 2737 763 2796 vix
804 2748 907 2795 aut
944 2735 1282 2796 nullatenus
1325 2757 1460 2794 cum
1506 2755 1784 2814 germana
1835 2733 2116 2793 catholica
2164 2734 2430 2795 doctrina

284 2835 600 2895 consistere
632 2832 847 2893 valeat.

366 2931 507 2990 ⁶223.
555 2929 845 3003 Quoniam
882 2939 1084 2987 tamen
1105 2972 1120 3002 ,
1150 2939 1218 2986 ut
1252 2926 1640 3010 praemisimus
1663 2970 1679 2998 ,
1713 2948 1906 3008 neque
1946 2929 2134 2987 nostri
2171 2929 2428 2988 instituti

286 3037 375 3087 est
400 3027 522 3086 haec
554 3026 690 3086 data
724 3046 904 3108 opera
930 3025 1205 3106 persequi
1230 3069 1245 3097 ,
1281 3044 1473 3105 neque
1504 3023 1746 3081 omnino
1774 3025 2280 3104 praetermittenda
2302 3048 2424 3086 esse

282 3134 595 3205 putamUS.,
637 3143 713 3181 ne
756 3120 1048 3180 auditores
1089 3121 1275 3178 nostri
1315 3130 1669 3200 praesentem
1707 3118 1878 3197 hujus
1917 3121 2170 3201 scientiae
2201 3132 2424 3180 statum

282 3219 520 3302 penitus
555 3219 863 3297 ignorent,
903 3215 1160 3276 mediam
1195 3215 1550 3276 sectabimur
1574 3215 1727 3276 viam
1752 3260 1768 3287 ‚
1797 3215 2024 3274 nullam
2060 3216 2423 3277 instituendo

280 3312 637 3398 peculiarem
664 3313 1125 3395 propositionem
1146 3358 1162 3387 .,
1190 3314 1386 3394 paucis
1414 3310 1679 3372 refellere
1714 3312 1979 3370 contenti
2007 3310 2365 3371 calumniam
2390 3335 2424 3372 a

281 3407 751 3470 Protestantibus
813 3408 1077 3468 Ecclesiae
1122 3408 1484 3489 impactam,
1539 3427 1603 3466 ac
1651 3404 1831 3465 simul
1879 3406 2225 3483 ostendere7
2281 3406 2425 3489 quid

281 3505 639 3566 Tridentinae
682 3505 901 3585 Synodi
944 3504 1245 3565 decretum
1283 3502 1523 3564 demum
1566 3503 1880 3585 importet,
1927 3500 2070 3560 dum
2107 3515 2303 3579 vetat,
2343 3525 2419 3563 ne

282 3603 411 3686 quis
444 3622 631 3662 sacras
669 3602 994 3683 Scripturas
1033 3602 1411 3684 interpretari
1451 3599 1663 3659 audeat
1713 3610 1915 3658 contra
1961 3621 2096 3659 eum
2141 3621 2413 3672 sensum,

282 3721 461 3784 quem
484 3698 676 3764 tenuit
701 3718 766 3760 ac
791 3708 953 3761 tenet
977 3697 1224 3761 Ecclesia
1244 3744 1261 3776 ,
1295 3698 1390 3764 vel
1413 3707 1615 3760 contra
1637 3696 1979 3760 unanimem
2006 3699 2247 3758 Patrum
2271 3717 2416 3755 con-
