2502 4134
231 145 355 206 '578
834 165 1035 203 τιμον.
1086 165 1154 201 na
1200 163 1350 203 totns
1395 165 1776 211 ruaotomcis.

233 307 712 373 adversariorum
761 306 902 366 fidei
941 317 1098 368 artes
1122 307 1404 390 ‚patefacit
1431 309 1557 391 (l);
1607 310 1734 372 haeo
1776 313 2022 383 demum
2047 293 2176 406 jugi
2211 347 2388 409 expe.

231 406 443 467 rientia
484 404 561 487 ad
601 407 896 482 juvenum
949 414 1185 465 mentes
1238 403 1425 477 solide
1467 406 1875 472 informandas
1921 419 2283 498 aptissimam
2324 444 2386 483 se

231 500 516 564 ostendit.

313 609 689 687 3522Major
743 607 938 668 adhuc
986 607 1228 668 excitari
1285 612 1538 693 quaestio
1587 627 1785 696 posset
1841 618 1991 679 circa
2040 622 2387 687 methodum

229 705 517 789 aptiorem
535 703 707 763 alteri
729 702 1038 784 theologiae
1064 704 1307 785 generi,
1342 718 2078 791 quamproeparatoriam,
2097 738 2201 778 seu
2215 740 2387 800 ysne.

227 804 423 861 ralem
466 800 983 883 nuncupavimus3
1037 801 1528 884 quandoquidem
1584 806 1694 866 ista
1722 830 1861 873 ,non
1910 810 1973 869 in
2018 812 2389 893 dogmatibus

227 895 539 959 firmandis
578 907 884 972 versatur,
924 896 1028 956 sed
1058 897 1121 955 in
1150 897 1277 979 ipsa
1313 898 1450 959 fidei
1479 900 1869 966 fundamenta
1908 906 2389 989 inquirit,vreve-

225 995 467 1055 lationis
502 1014 720 1076 nempe
745 995 1120 1055 existentiam
1140 1042 1155 1071 ,
1186 995 1572 1081 divinamque
1587 1000 1874 1081 originem
1896 1050 1912 1080 ,
1941 1026 2147 1066 veram
2171 1007 2389 1070 Christi

226 1093 578 1170 Ecclesiam,
629 1093 960 1176 Scripturas
1013 1115 1202 1155 sacras
1250 1107 1311 1155 et
1352 1096 1798 1177 Traditionem,
1858 1123 1890 1162 e
1950 1101 2167 1186 quibus
2204 1105 2391 1167 veluti

225 1190 489 1252 fontibus
532 1200 658 1250 tota
697 1189 834 1251 dein
884 1190 1127 1273 propria
1183 1211 1249 1251 ac
1287 1192 1553 1275 specialis
1591 1192 1882 1278 theologia
1940 1198 2265 1280 dogmatica
2312 1203 2391 1262 sit

225 1285 574 1350 derivanda.
619 1288 902 1347 Attamen
944 1287 1047 1370 qui
1077 1287 1336 1348 rationes
1366 1291 1593 1350 omnes
1617 1290 1910 1353 hactenus
1953 1317 2064 1378 pro
2104 1296 2388 1358 methodo

223 1383 556 1467 synthetica
597 1382 838 1459 allataS,
884 1384 1422 1466 demonstrativam
1471 1391 1596 1466 ejus
1645 1387 1949 1466 indolem,
1995 1390 2386 1468 soliditatem,

224 1481 746 1566 perspicuitatem,
796 1501 862 1540 ac
903 1492 1113 1541 caetera
1163 1480 1406 1541 demum
1452 1485 1766 1543 commoda
1816 1499 2086 1546 accurate
2126 1510 2390 1569 perpen-

221 1578 403 1653 derit,
447 1589 650 1637 contra
689 1598 831 1640 vero
865 1576 1243 1635 incommoda
1282 1588 1464 1656 atque
1504 1575 1651 1636 adeo
1679 1578 1940 1659 pericula
1983 1582 2215 1656 omnia,
2255 1604 2388 1663 quae

224 1673 581 1735 methodum
619 1672 990 1751 analyticam
1027 1671 1091 1728 in
1130 1669 1308 1729 rebus
1347 1671 1485 1729 fidei
1527 1673 1856 1732 necessario
1892 1675 2289 1751 comitantur,
2325 1678 2391 1736 in

225 1782 497 1832 nostram
545 1767 715 1827 facile·
756 1764 1078 1825 descendet
1134 1765 1530 1840 sententiam,
1591 1755 1988 1847 syntheticam
2039 1771 2391 1833 methodum

228 1866 409 1928 etiam
448 1866 511 1923 in
566 1862 676 1921 hac
723 1859 1037 1940 theologiae
1077 1870 1249 1942 parte
1297 1880 1423 1919 esse
1468 1863 1604 1939 jure
1651 1866 1878 1944 optimo
1919 1865 2388 1927 anteferendam.

230 1964 364 2022 Non
402 1959 566 2020 enim
599 1957 696 2016 hic
717 1957 908 2037 agitur
940 1954 1014 2014 de
1050 1953 1329 2027 homine,
1363 1956 1467 2037 qui
1495 1967 1597 2015 aut
1624 1957 2014 2020 fundamenta
2044 1960 2391 2024 Christianae

228 2056 544 2138 Religionis
572 2054 840 2134 ignoret,
874 2062 977 2111 aut
1015 2072 1149 2111 vero
1189 2072 1254 2110 ac
1289 2055 1549 2130 positivo
1590 2041 1776 2112 dubio·
1806 2056 1963 2129 circa¹
1999 2061 2125 2135 ejus
2173 2060 2392 2119 verita-

228 2168 353 2217 tem
375 2152 639 2226 laboret3
666 2149 1010 2230 ambiguum
1037 2148 1258 2232 quippe
1282 2147 1442 2208 haud
1465 2161 1554 2210 est
1572 2196 1588 2226 ,
1622 2152 1769 2233 quin
1804 2152 1909 2212 tali
1931 2154 1995 2212 in
2014 2175 2149 2214 casu
2179 2158 2390 2236 analy-

230 2256 416 2312 ticam
454 2248 900 2331 inquisitionem
936 2267 1040 2305 sua
1080 2245 1266 2306 veluti
1307 2252 1520 2329 sponte
1555 2249 1748 2308 enasci
1789 2272 1936 2333 opus
1977 2263 2150 2311 esset.
2179 2253 2387 2332 Agitur

233 2349 307 2409 de
346 2345 633 2407 catholico
669 2342 985 2426 theologe,
1029 2343 1130 2424 qui
1167 2343 1300 2403 ideo
1347 2343 1503 2404 hanc
1540 2345 1784 2428 suscipit
1824 2347 2271 2424 tractationem,
2322 2360 2392 2410 ut

232 2445 622 2506 fundamenta
655 2440 759 2501 illa
787 2445 915 2519 jam
956 2439 1263 2523 explorata
1303 2440 1714 2518 revelationis,
1768 2464 1896 2524 quae
1941 2443 2125 2503 veluti
2165 2443 2393 2528 princi-

234 2544 471 2626 piorum
510 2538 699 2599 officio
740 2537 804 2596 in
859 2536 1105 2596 scientia
1155 2535 1480 2617 theologica
1522 2537 1688 2621 fungi
1739 2539 2000 2615 debent,
2048 2541 2214 2601 firme
2255 2543 2394 2602 vin-

227 2639 391 2700 dicet
414 2658 481 2696 ac
501 2633 793 2708 stabiliat3
836 2644 903 2692 ut
912 2635 1261 2714 gemeticum
1282 2675 1303 2705 ,
1338 2656 1518 2715 quem
1544 2633 1784 2711 dicunt,
1817 2635 2055 2695 illorum
2087 2637 2389 2712 ordinem,

238 2757 304 2796 ac
328 2734 502 2794 unius
545 2730 621 2792 ab
660 2730 848 2792 altero
883 2728 1351 2812 dependentiam
1393 2738 1664 2792 accurate
1705 2734 2059 2807 constituat3
2102 2745 2168 2792 ut
2192 2745 2389 2793 osten-

243 2833 346 2892 dat
400 2830 680 2905 demum,
738 2827 1044 2888 scientiam
1091 2848 1260 2886 suam
1314 2827 1566 2910 propriis
1618 2828 1809 2911 iisque
1862 2821 2229 2890 validissimis
2279 2827 2388 2888 niti

313 3054 380 3119 (l)
415 3052 486 3102 Ex
510 3068 604 3118 quo
630 3060 844 3117 apertum
879 3049 967 3110 fit,
1003 3066 1150 3116 quare
1178 3048 1276 3098 Lu·
1360 3050 1589 3116 theologia
1629 3062 2005 3119 conqueruntur.
2044 3049 2226 3101 Abusus
2267 3060 2389 3100 certe

244 3138 403 3186 therus
454 3135 626 3201 aliique
674 3132 1019 3182 reformationis
1067 3137 1277 3182 auctores
1325 3182 1331 3187 ,
1362 3134 1675 3197 vitandi3sed
1698 3138 1848 3185 curin
1873 3153 2000 3185 sacra
2028 3134 2115 3183 hac
2145 3131 2389 3199 disciplina

245 3223 297 3269 in
326 3218 601 3268 methodum
636 3217 958 3266 scholasticam
991 3233 1045 3264 ac
1083 3218 1134 3264 in
1171 3215 1275 3264 dia·
1362 3218 1584 3266 tradenda
1620 3236 1673 3268 ea
1702 3229 1771 3268 est
1804 3217 2058 3284 ableganda
2088 3216 2385 3281 disceptandi

244 3304 455 3352 lecticam
493 3304 641 3366 ipsam
685 3310 925 3367 tantopere
967 3303 1060 3347 sint
1101 3297 1275 3348 debac—
1362 3300 1549 3364 forma,
1595 3319 1698 3368 quae
1744 3319 1853 3351 cum
1898 3317 2081 3350 severas
2119 3299 2386 3348 dialectices

188 3423 191 3426 <
248 3384 389 3434 chati.
407 3382 572 3450 Neque
594 3401 680 3432 nos
701 3383 900 3448 probare
929 3399 1178 3448 possumus
1202 3398 1279 3430 eos
1363 3382 1485 3449 leges
1515 3394 1695 3446 servet,
1732 3386 1968 3434 veritatem
2006 3383 2064 3431 ad
2102 3382 2391 3447 simplicissi-

249 3469 524 3518 recentiores
551 3466 788 3533 theologos
805 3504 823 3527 ‚¹
860 3468 943 3533 qui
975 3482 1092 3515 cane
1121 3475 1166 3514 et
1194 3476 1280 3514 an‘-
1364 3483 1465 3516 mas
1500 3469 1832 3533 propositiones
1859 3475 2073 3526 revocat,
2108 3467 2159 3513 in
2184 3464 2385 3530 quibus,

250 3569 338 3618 gue
363 3552 525 3619 pejus,
555 3549 786 3615 quidquid
814 3548 1146 3618 syllogisticam
1181 3548 1278 3596 for·
1362 3551 1399 3598 si
1429 3567 1523 3617 qua
1552 3550 1725 3599 falsitas
1756 3552 1837 3598 aut
1866 3548 1993 3599 sraus
2020 3547 2281 3614 irrepserit,
2317 3546 2386 3595 fa-

259 3650 390 3684 mam
425 3651 477 3683 re
506 3629 669 3691 dolet,
704 3642 982 3694 merantur,
1018 3648 1168 3699 eaque
1191 3630 1282 3681 hu·
1363 3632 1450 3685 cile
1473 3634 1707 3699 apparet?
1793 3631 1795 3633 ’

172 3710 181 3715 ’
255 3734 451 3767 manum
497 3717 698 3783 opprimi
746 3717 985 3779 ingenium
1038 3717 1175 3764 etiam
1227 3717 1278 3764 in
1365 3767 1370 3771 ,
