2502 4134
206 138 289 196 22
817 159 1019 196 ruer.
1063 160 1136 198 ns
1178 158 1330 196 roms
1373 159 1750 200 rusoioeicis.

209 300 429 363 indixit
459 300 530 361 iis
550 345 567 377 .,
605 301 707 383 qui
745 322 869 361 non
905 301 1239 387 reciperent
1265 301 1355 361 uti
1386 305 1699 366 oenonicos
1730 303 1914 366 libros
1942 307 2345 391 apocryphoS‚

211 419 336 458 non
368 398 628 459 veritum
654 418 723 458 ea
751 410 999 481 propter
1030 398 1346 458 anathema
1374 399 1651 462 scientim.
1675 404 1745 462 In
1772 414 1981 485 quarta
2006 414 2209 486 tamen
2240 403 2352 463 hac

211 494 432 576 epocha
454 539 472 569 ,
511 514 641 576 quae
678 515 713 552 a
751 495 929 554 Conc.
960 493 1304 554 Tridentino
1340 489 1676 573 exorditur,
1710 498 1814 557 140
1838 520 1962 558 non
1994 497 2353 560 destiterunt

210 590 324 650 viri
355 590 645 671 sapientia
680 590 980 673 conspicui
1013 591 1193 650 etiam
1222 590 1382 649 inter
1414 590 1732 654 catholicos
1751 638 1771 667 .,
1810 595 1916 677 qui
1952 595 2212 677 antiquae
2245 595 2354 654 ad-

210 684 492 748 haeserint
514 687 852 762 traditioni,
882 687 1041 746 inter
1079 685 1491 746 auctoritatem
1528 681 1819 749 librorum
1840 692 2356 772 proto-canonico-

208 804 347 841 rum
369 793 429 842 et
454 780 1148 847 deutero-canonicorum
1170 780 1357 864 probe
1367 780 1816 864 distinguentes.
1838 785 2006 846 Tales
2028 788 2193 847 enim
2215 797 2356 846 sunt

209 877 541 938 Bernardus
568 880 780 961 Lamy‚
806 878 998 950 Jahn,
1030 878 1230 959 Dupin
1262 888 1325 937 et
1359 878 1558 938 Sixtus
1589 879 1882 939 Senensis.
1913 881 2018 942 150
2041 884 2127 942 De
2158 882 2352 944 eccle-

209 974 295 1034 sia
341 975 540 1033 Graeca
568 1019 585 1049 ,
632 974 694 1033 id
744 995 818 1033 ex
864 971 1083 1053 Cyrillo
1129 974 1337 1032 Lucari
1382 974 1475 1053 (1)
1528 973 1772 1056 aliisque
1807 974 2054 1035 fortasse
2096 987 2355 1055 constat3

215 1070 321 1129 16⁰
349 1070 588 1129 ecclesia
628 1090 771 1130 vero
802 1078 1140 1151 protestans
1177 1068 1241 1127 in
1275 1068 1499 1148 synodo
1535 1069 1909 1130 Dordracena
1946 1070 2109 1149 (haec
2138 1072 2358 1154 quippe

211 1165 469 1248 synodus
495 1163 960 1248 repraesentabat
990 1163 1294 1224 ecclesiam
1333 1175 1770 1246 protestantem
1803 1168 1875 1224 in
1907 1168 2196 1226 omnibus
2229 1170 2360 1226 suis

198 1262 493 1342 partibus
506 1263 557 1341 ),
585 1260 843 1340 vestigiis
866 1259 1143 1320 insistens
1170 1260 1541 1342 antiquitatis
1558 1305 1575 1334 ,
1595 1258 1862 1320 decrevit
1883 1260 2127 1343 quidem
2146 1308 2162 1336 ,
2191 1283 2359 1343 posse

213 1355 395 1417 libros
422 1355 789 1439 apocryphos
812 1356 876 1415 in
905 1355 1157 1415 Ecclesia
1178 1354 1322 1436 legi,
1346 1377 1471 1415 non
1494 1367 1700 1416 tamen
1731 1356 2005 1417 eamdem
2029 1363 2156 1418 vim
2182 1368 2360 1440 atque

214 1453 627 1513 auctoritatem
650 1451 942 1512 librorum
962 1452 1380 1511 canonicorum
1404 1452 1691 1527 nancisci,
1715 1473 1911 1535 neque
1936 1474 2010 1512 ex
2030 1453 2099 1512 iis
2120 1453 2361 1535 aliquod

213 1549 426 1630 dogma
467 1548 542 1608 de
586 1547 703 1608 fide
745 1559 849 1608 aut
889 1547 1170 1628 religione
1208 1547 1528 1608 christiana
1569 1558 1731 1608 certo
1769 1571 1941 1631 posse
1978 1549 2358 1610 constabiliri.

216 1642 412 1719 Quare
444 1642 585 1705 libri
619 1642 942 1727 apocryphi
977 1644 1041 1702 in
1073 1642 1274 1704 Bibliis
1297 1643 1518 1704 retenti
1543 1655 1689 1706 sunt
1719 1644 1797 1704 ad
1827 1644 2047 1705 calcem
2068 1644 2359 1705 librorum

215 1739 633 1800 canonicorum
667 1761 807 1801 cum
841 1740 1113 1823 apposito
1148 1738 1325 1799 titulo
1362 1741 1549 1799 Libri
1572 1741 1909 1821 apocryphi
1949 1742 2063 1821 (2).
2104 1743 2212 1802 Hic
2234 1743 2361 1820 jam

219 1838 486 1898 exoritur
522 1837 766 1920 quaestio
782 1881 801 1912 ,
827 1846 962 1896 utra
1002 1835 1251 1896 Ecclesia
1286 1836 1354 1896 in
1380 1856 1578 1896 errore
1622 1847 1890 1897 versetur
1908 1882 1926 1911 ‚
1955 1837 2259 1920 pontificia
2282 1859 2362 1898 ne

220 1956 299 1994 an
334 1943 705 2017 protestans,
736 1944 870 1995 utra
905 1931 1114 1993 melius
1143 1931 1222 1994 ad
1246 1953 1491 1993 sensum
1514 1931 1849 1994 christianae
1889 1933 2259 2016 antiquitatis
2299 1955 2362 1994 se

218 2030 462 2112 gesserit
495 2028 610 2111 (3).
652 2028 840 2109 Eligat
874 2028 1081 2090 lector.

302 2125 405 2186 32.
454 2127 629 2209 Resp.
663 2123 755 2185 Ad
789 2126 894 2201 ΙΨ,
918 2127 1079 2187 Dist.
1114 2125 1197 2185 Ex
1224 2123 1458 2185 defectu
1482 2125 1858 2186 successionis
1882 2124 2318 2207 Prophetarum
2338 2169 2356 2197 ,

220 2233 541 2306 postquam
581 2243 771 2282 canon
805 2220 916 2282 sub
948 2220 1132 2282 Esdra
1160 2225 1285 2300 jam
1316 2222 1583 2281 firmatus
1622 2221 1813 2282 suerat
1836 2267 1854 2297 ,
1896 2241 2095 2289 conc.‚·
2136 2219 2249 2279 alia
2286 2218 2363 2279 de

219 2339 392 2379 causa
410 2364 426 2393 ,
463 2340 597 2400 neq.
636 2319 841 2378 Canon
872 2319 1309 2400 Scripturarum
1335 2317 1707 2393 divinarum,
1731 2318 1820 2376 uti
1847 2328 2220 2399 compertum
2240 2325 2362 2391 est,

219 2413 328 2472 sub
371 2413 556 2473 Esdra
576 2459 594 2487 ‚
634 2412 1088 2497 cooperantibus
1114 2405 1440 2496 vProphetis
1461 2458 1479 2489 ‚
1515 2414 1616 2496 qui
1656 2412 1756 2472 illa
1778 2412 2117 2472 floruerunt
2151 2422 2359 2484 aetate,

220 2511 488 2572 firmatus
522 2509 712 2571 fuerat
741 2509 854 2590 (4).
888 2511 1013 2569 Hoc
1036 2531 1213 2592 porro
1241 2509 1306 2570 in
1335 2530 1561 2571 canone
1577 2556 1595 2586 ‚
1632 2511 1682 2570 si
1706 2531 1923 2593 paucos
1955 2520 2176 2569 tractus
2206 2506 2363 2567 exci-

292 2775 354 2838 (l)
395 2773 648 2838 Confessio
672 2773 955 2822 christiana·
974 2770 1095 2836 fidei
1108 2809 1123 2829 ,
1153 2771 1244 2822 Ge·
1328 2772 1423 2820 tola
1443 2806 1459 2834 ,
1487 2788 1631 2837 quam
1657 2769 1824 2819 exinde
1845 2771 2030 2834 accepi3
2055 2770 2135 2818 sed
2158 2772 2267 2836 quia
2285 2770 2362 2819 hic

223 2874 350 2906 nevae
366 2893 381 2918 ‚
421 2854 548 2906 1633
566 2893 582 2916 ‚
620 2855 839 2922 Quaestio
863 2856 1022 2904 lenia.
1328 2856 1487 2920 paucis
1518 2854 1780 2918 congessit,
1807 2869 1911 2918 quae
1936 2867 1964 2898 a
1995 2850 2360 2901 protestantibus

292 2940 358 3003 (ἓ)
393 2938 517 2988 Sess.
552 2934 648 3001 146
667 2975 682 3001 ,
714 2949 805 2988 art.
830 2935 892 3001 4,
921 2934 953 2986 5
981 2945 1028 2986 et
1051 2935 1106 2985 6.
1330 2935 1490 2985 afferri
1506 2945 1847 2984 consueverunt
1858 2934 2076 2983 adversus
2089 2932 2233 2983 libros
2251 2935 2365 2984 deu-

294 3022 362 3085 (3)
395 3021 635 3071 Hactenus
673 3021 866 3087 quidam
908 3019 1063 3069 Julius
1102 3018 1251 3068 Dom-
1334 3020 1847 3076 tero-canonicos,tum
1860 3019 2066 3066 etiamnt
2079 3019 2363 3066 occasionem

223 3104 309 3153 bre
326 3141 340 3162 ‚
367 3106 418 3151 in
444 3121 605 3169 opusc,
636 3102 856 3152 Histoire
881 3101 941 3155 do
966 3101 1014 3149 la
1046 3101 1249 3149 canoni·
1334 3102 1554 3151 haberem
1574 3102 1718 3167 magis
1735 3099 2012 3158 evolvendi,
2044 3099 2175 3166 quod
2196 3100 2256 3147 ad
2279 3100 2364 3146 hos

226 3188 320 3234 cite'
345 3169 428 3234 des
456 3185 597 3234 liores
625 3184 918 3252 apocryphos
940 3183 999 3232 de
1021 3183 1253 3232 PAncien
1335 3185 1478 3234 libros
1517 3192 1699 3249 spectat
1740 3183 2110 3248 eorumdemque
2149 3181 2360 3230 divinam

238 3269 289 3319 T
286 3277 551 3330 atumem,
586 3268 768 3318 Geneve
801 3267 957 3329 1830,
985 3266 1115 3334 quod
1137 3282 1255 3332 prae-
1337 3267 1678 3316 auctoritatem.

230 3351 356 3401 misit
387 3352 596 3401 thesibus
623 3371 650 3400 a
685 3370 733 3401 se
762 3350 1130 3418 propugnandis.
1150 3348 1256 3397 Hoc
1408 3350 1476 3414 (ὦ)
1512 3348 1681 3399 Omnes
1706 3349 1832 3398 docti
1863 3350 1915 3397 in
1943 3365 1998 3397 eo
2035 3349 2321 3396 conveniunt
2349 3384 2363 3403 ‚

231 3434 511 3499 opusculum
568 3434 848 3498 compendio
901 3435 1212 3482 contraximus
1238 3468 1252 3490 ‚
1337 3450 1437 3494 non
1458 3450 1485 3481 a
1501 3432 1600 3481 solo
1616 3431 1764 3481 Esdra
1777 3469 1791 3491 ‚
1809 3431 1889 3480 sed
1914 3440 2132 3495 preterea
2152 3447 2179 3477 a
2200 3446 2366 3493 coope-

231 3535 329 3566 non
355 3518 482 3585 quod
521 3517 701 3584 aliquid
727 3518 990 3566 deferamus
1020 3516 1134 3564 huic
1176 3533 1258 3563 au·
1340 3514 1571 3564 rator-ibus
1606 3516 1734 3580 ejus,
1766 3515 1849 3580 qui
1881 3528 2072 3577 nequo
2107 3528 2368 3576 synaqoqoe

232 3603 347 3648 ctori
369 3638 384 3660 ‚
425 3602 509 3667 qui
528 3599 660 3648 nullo
678 3599 750 3648 vel
777 3600 905 3665 apud
930 3617 1037 3649 suos
1065 3598 1261 3647 nomine
1343 3599 1534 3647 nomine
1561 3596 1862 3646 donabantur
1878 3630 1897 3659 ,
1926 3595 2193 3644 consectum
2221 3611 2366 3644 cano-

233 3681 427 3744 fruitur,
464 3692 518 3731 ut
556 3684 720 3732 certior
762 3682 912 3731 factus
942 3699 1046 3730 sum
1077 3699 1131 3730 ex
1161 3683 1262 3746 epi·
1345 3698 1453 3730 nem
1484 3679 1645 3729 fuisse.
