2502 4134
289 104 414 165 236
914 126 1111 165 mser.
1160 129 1229 164 nn
1273 129 1423 167 Locis
1467 131 1835 171 munctoclcis.

293 273 583 350 respicere
603 269 883 329 omnibus
899 310 920 338 ,
945 272 1059 346 qui
1081 289 1220 326 vera
1245 271 1427 329 velint
1454 274 1650 331 videre
1674 273 1783 353 (1).
1811 275 1957 333 Cum
1991 296 2127 334 vero
2156 274 2413 336 haeretici

294 366 486 425 nescio
509 386 649 445 quas
675 384 912 421 arcanas
944 362 1284 422 traditiones
1312 368 1633 442 jactarent,
1661 369 2036 429 traditionem
2059 371 2138 429 eis
2169 372 2414 452 opponit

293 459 707 543 publicamque
755 457 1082 517 doctrinam
1130 458 1204 517 ab
1256 459 1527 520 universa
1564 463 1805 523 Ecclesia
1850 478 2165 548 receptam.
2208 465 2415 526 Subdit

291 553 579 641 siquidem
620 576 633 611 ε
670 555 822 614 Hoec
845 554 1168 635 (Ecclesia)
1197 565 1279 613 est
1303 559 1463 613 enim
1494 562 1623 618 vitoe
1647 562 1967 635 introitus,
2000 583 2197 620 omnes
2219 573 2413 620 autem

289 652 517 729 reliqui
530 648 706 731 fures
730 662 876 710 sunt
903 663 956 710 et
976 653 1233 710 latrones
1246 673 1266 720 ;
1293 664 1540 732 propter
1561 656 1719 733 qnod
1743 667 1964 732 oportet
1989 658 2248 715 devitare
2278 661 2415 736 qui-

289 748 422 805 dem
461 751 589 806 illos
603 768 625 816 ,⁰
663 769 797 827 quoe
850 758 1053 806 autem
1107 759 1255 806 sunt
1295 749 1618 818 Ecclesioe‚'
1649 771 1790 807 cum
1835 772 2074 809 stemma
2099 753 2415 831 diliyentz‘a

287 843 536 922 diliqere
554 884 576 914 ,
610 854 665 902 et
693 843 1135 923 apprehendere
1162 848 1435 903 veritatis
1461 845 1866 903 traditionem.
1910 846 2077 924 Quid
2101 846 2302 904 enim?
2333 848 2420 927 Et

287 942 343 998 si
372 940 441 997 de
472 941 681 1018 aliqua
720 941 955 998 modica
984 942 1302 1019 quoestione
1327 941 1672 1018 disceptatio
1706 951 1882 1010 esset,
1918 961 2109 999 nonne
2135 952 2421 1020 oporteret

287 1036 359 1092 in
398 1038 851 1115 antiquissimas
886 1057 1195 1094 recurrere
1226 1037 1525 1095 Ecclesias
1542 1080 1564 1107 ,
1607 1041 1676 1094 in
1718 1037 1939 1115 quibus
1979 1037 2245 1117 Apostoli
2276 1059 2416 1098 con·

288 1136 515 1190 versati
541 1142 717 1203 sunt,
758 1142 814 1190 et
835 1123 914 1189 ab
939 1137 1020 1190 eis
1049 1133 1118 1189 de
1132 1136 1429 1211 praesenti
1455 1135 1775 1210 quoestione
1804 1153 2035 1190 sumere
2052 1179 2068 1202 ,
2106 1135 2267 1212 quod
2290 1156 2419 1192 cer-

288 1238 420 1285 tum
451 1238 506 1287 et
537 1250 604 1287 re
637 1228 944 1307 liquidum
974 1228 1102 1286 est?
1138 1230 1305 1307 Quid
1336 1239 1538 1286 autem
1573 1232 1630 1286 si
1663 1250 1844 1307 neque
1882 1230 2147 1308 Apostoli
2177 1233 2418 1310 quidem

289 1325 643 1408 Scripturas
683 1325 1067 1403 reliquissent
1108 1327 1315 1396 nobis,
1366 1346 1562 1383 nonne
1612 1326 1914 1403 oportebat
1946 1326 2216 1384 ordinem
2254 1330 2422 1407 sequi

288 1421 669 1494 traditionis,
711 1442 897 1500 quam
934 1422 1327 1479 tradiderunt
1358 1424 1475 1492 iis,
1502 1421 1726 1499 quibus
1747 1422 2195 1479 committebant
2213 1422 2417 1480 Eccle-

287 1514 462 1574 sias?
510 1517 628 1575 Cui
673 1518 1054 1579 ordinationi
1100 1520 1442 1575 assentiunt
1486 1518 1688 1573 multoe
1729 1527 1924 1595 qentes
1973 1517 2413 1594 barbarorum,

287 1631 496 1669 eorum
542 1615 652 1691 qui
702 1615 771 1670 in
828 1612 1132 1671 Christum
1197 1613 1449 1671 credunt
1504 1615 1633 1670 sine
1688 1612 1901 1670 charta
1943 1623 1998 1670 et
2045 1623 2377 1671 atramento
2391 1657 2415 1685 ,

287 1711 578 1786 scriptam
626 1708 903 1766 habentes
929 1729 1047 1786 per
1089 1711 1389 1786 Spiritum
1442 1711 1510 1765 in
1556 1708 1836 1789 cordibus
1879 1711 2007 1767 suis
2045 1712 2329 1777 salutem,
2366 1718 2423 1766 et

288 1814 534 1860 veterem
563 1804 951 1861 traditionem
980 1804 1301 1882 diligJenter
1326 1804 1740 1873 custodientes,
1767 1807 1838 1862 in
1863 1826 2057 1863 unum
2078 1807 2264 1864 Deum
2290 1825 2418 1863 ore-

288 1898 486 1956 dentes
520 1899 958 1977 fabricatorem
995 1900 1128 1957 coeli
1153 1909 1209 1957 et
1245 1909 1420 1957 terrae
1448 1910 1503 1957 et
1538 1902 1811 1957 omnium
1831 1946 1847 1969 ,
1880 1922 2012 1979 quoe
2048 1905 2115 1958 in
2139 1903 2222 1958 eis
2247 1911 2419 1970 sunt,

279 2015 398 2073 per
432 1995 736 2053 Christum
772 1996 985 2054 Jesum
1020 1996 1142 2070 Dei
1164 1995 1369 2071 silium
1410 1995 1519 2075 (2).
1553 1997 1671 2054 Nec
1699 1996 1892 2054 minus
1923 1993 2247 2056 luculenter
2275 1998 2417 2055 Ter-

292 2090 573 2148 tullianus
610 2089 718 2149 sub
757 2091 938 2150 finem
963 2089 1222 2169 ejusdem
1255 2089 1431 2149 seculi
1457 2090 1794 2150 traditiones
1822 2091 2194 2150 commendat
2214 2136 2229 2166 ‚
2257 2097 2415 2170 cujus

291 2185 440 2246 liber
480 2189 571 2246 De
606 2188 1178 2266 praescriptionibus
1221 2197 1372 2245 totus
1410 2185 1482 2245 de
1529 2186 1638 2245 hoc
1688 2199 2032 2268 argumento
2076 2199 2197 2259 est,
2240 2188 2303 2246 in
2349 2209 2416 2247 eo

291 2283 446 2341 enim
488 2295 770 2364 provocat
814 2283 1113 2341 haereticos
1156 2304 1361 2342 omnes
1399 2282 1476 2341 ad
1516 2282 1875 2358 doctrinam,
1912 2304 2038 2365 quae
2072 2284 2134 2342 in
2173 2283 2418 2344 Ecclesia

292 2390 428 2437 ante
466 2379 621 2460 ipsos
661 2377 1082 2461 praedicabatur
1109 2379 1221 2458 (3).

376 2474 517 2534 349.
555 2475 757 2535 Seculo
780 2476 953 2535 tertio
978 2473 1251 2534 Clemens
1282 2474 1439 2535 Alex.
1470 2473 1714 2557 loquens
1731 2474 1803 2534 de
1825 2474 2141 2534 haereticis:
2171 2474 2413 2551 Glorioe,

291 2570 485 2652 inquit
506 2617 521 2645 ‚
567 2582 841 2630 tenentur
876 2572 1167 2631 desiderio
1185 2618 1200 2641 ,
1233 2576 1345 2651 qui
1368 2594 1468 2642 ea,
1493 2594 1625 2650 quoe
1654 2576 2015 2631 conveniunt
2043 2559 2416 2630 sermonibus

293 2667 591 2727 divinitus
630 2671 991 2749 inspiratis,
1039 2669 1268 2727 tradita
1315 2691 1354 2726 a
1402 2668 1585 2726 beatis
1632 2669 1923 2746 Apostolis
1975 2678 2031 2725 et
2070 2670 2414 2749 nzayz'stris,

294 2767 630 2825 voluntarie
657 2768 941 2838 eludunt,
958 2787 1075 2845 per
1093 2769 1249 2823 alias
1280 2770 1851 2845 arqunzentati‘oneS,
1880 2765 2167 2823 humanis
2194 2766 2416 2824 doctri-

295 2866 395 2921 nis
440 2867 767 2921 resistentes
820 2863 1044 2921 divinoe
1073 2862 1431 2931 traditioni,
1479 2870 1551 2917 ut
1583 2860 1856 2919 Izoeresim
1891 2863 2260 2919 constituant
2297 2859 2407 2937 (4).

363 3080 429 3141 (l)
468 3081 608 3132 Cont.
634 3081 802 3131 hoeres.
836 3082 918 3131 lib.
951 3098 1035 3141 111,
1064 3098 1169 3148 cap.
1201 3083 1246 3132 3.
1400 3082 1609 3146 temporis
1636 3081 1932 3129 conveniunt.
1968 3078 2064 3126 cfr.
2103 3079 2240 3125 etiam
2269 3077 2411 3141 idem,

366 3163 435 3226 (2)
470 3163 594 3214 lbib.
623 3182 726 3230 cap.
748 3163 811 3229 4,
840 3184 893 3214 n.
932 3180 947 3212 1
977 3174 1021 3214 et
1046 3180 1094 3213 2.
1400 3167 1449 3212 in
1478 3163 1562 3212 lib.
1594 3160 1663 3210 De
1695 3178 1898 3218 corona,
1927 3178 2029 3225 cap.
2063 3159 2092 3208 3
2123 3170 2166 3207 et
2192 3157 2242 3221 4.

318 3300 321 3305 ,
367 3243 432 3307 (3)
471 3246 568 3294 Cfr.
597 3250 892 3311 potissimum
928 3265 1062 3313 capp.
1105 3262 1191 3313 19,
1225 3262 1312 3307 20,
1467 3238 2417 3310 (Ιι)Δέξηςέπιθυμοῦσιν,ἕσ-οιτοῖπροσφυῆ

299 3341 356 3374 21
384 3361 399 3390 ‚
428 3342 511 3377 22.
542 3328 758 3396 Longum
793 3329 936 3379 nimis
962 3339 1076 3378 esset
1103 3329 1180 3377 hio
1210 3347 1314 3377 om·
1398 3328 1490 3381 τοῖς
1526 3324 1844 3379 &tomedo-rots-
1881 3325 2039 3385 λέγοις
2077 3322 2159 3373 ὗπδ
2200 3329 2279 3373 τ’ἱῦν
2316 3345 2412 3386 μοι·

298 3410 373 3457 nia
407 3409 604 3468 referre,
651 3427 756 3477 quae
797 3414 1094 3461 invictissime
1130 3412 1219 3459 hoc
1255 3411 1313 3461 de
1396 3408 1548 3478 καιρίων
1593 3405 1850 3458 aimo-rimu
1897 3429 1945 3456 τι
1989 3405 2066 3457 xxi
2120 3405 2411 3456 διδασκάλων

300 3502 569 3557 argumento
596 3493 812 3543 adversus
838 3495 1071 3545 haereticos
1096 3496 1165 3542 sui
1194 3503 1312 3542 tem·
1393 3490 1738 3561 παρωδιδῖμεω
1756 3528 1771 3555 ,
1804 3486 1973 3543 izin-u·
1997 3488 2098 3539 εἶναι
2116 3490 2381 3555 νοφίζωται
2398 3526 2413 3549 ,

300 3578 422 3640 poris
439 3578 618 3642 scripsit
632 3576 970 3642 Tertullianus,
993 3594 1188 3646 quaeque
1208 3597 1313 3627 mu·
1394 3574 1455 3626 δι’
1504 3573 1651 3642 ἐτέρων
1682 3573 2067 3642 παρεγχειρῆο-εων
2114 3570 2413 3640 ἀνθρωπείαις

300 3661 405 3708 tatis
419 3657 691 3709 nominibus
709 3662 915 3726 apprime
933 3661 1155 3711 haereticis
1169 3663 1310 3710 nostri
1394 3656 1723 3712 διδασκαλίαις
1739 3655 2011 3724 ἐνιστάμενοι
2026 3655 2137 3724 θείᾳ
2156 3652 2410 3723 παραθέσει
