2502 4134
277 132 395 193 138
892 154 1097 195 ‘maon
1144 158 1211 195 nn
1256 157 1406 196 nocis
1452 159 1828 201 mnozocaoes,

273 297 522 362 evidens
563 309 690 373 est,
734 319 800 358 ac
835 299 1201 361 intellectum
1248 312 1384 384 apte
1425 302 1772 387 dispositum
1818 306 2239 369 invincibiliter
2282 331 2419 392 per-

275 405 483 456 movet
502 438 519 468 ,
551 405 617 452 ut
657 394 710 454 ei
740 395 1129 472 assentiatur,
1171 419 1242 458 eo
1270 396 1445 479 plane
1472 400 1650 461 modo
1685 424 1803 485 quo
1834 403 2125 463 axiomata
2155 392 2420 467 mentem

272 489 574 551 'inclinant
597 489 673 549 ad
698 491 1016 552 veritatum
1038 492 1398 553 naturalium
1421 516 1724 557 assensum
1744 523 1761 574 ς
1792 498 1857 558 id
1882 522 2002 559 non
2025 498 2213 560 solum
2239 503 2417 577 utile,

272 585 383 647 sed
417 583 595 667 plane
621 591 1031 648 necessarium
1063 599 1151 648 est
1176 587 1251 647 ad
1273 599 1468 649 actum
1501 590 1636 651 fidei
1671 592 2021 655 eliciendum
2042 643 2058 668 ,
2085 618 2220 656 cum
2246 617 2424 656 nemo

281 681 465 764 possit
487 679 677 740 dicere
703 683 942 758 Jesum,
973 687 1101 742 nisi
1122 689 1186 743 in
1211 685 1457 764 Spiritu
1484 676 1702 749 Sancto
1722 690 1832 769 (l).
1870 692 1937 749 80
1962 694 2080 752 Nec
2102 690 2426 774 quidquam

275 776 478 837 eobstat
499 823 514 853 ,
554 778 707 838 hanc
738 779 1188 862 inspirationem
1218 781 1505 841 incertam
1540 803 1698 855 esse3
1725 784 1884 844 aliud
1908 789 2127 871 quippe
2153 799 2241 847 est
2265 787 2426 848 affir-

282 897 452 934 mare
494 875 916 938 revelationem
957 898 1060 936 seu
1090 877 1537 960 inspirationem
1573 880 1820 961 Spiritus
1858 882 1915 940 S.
1951 895 2170 943 certam
2205 905 2332 945 esse
2368 894 2429 945 et

281 970 655 1033 infallibilem
681 1017 697 1046 ,
741 971 900 1030 aliud
938 995 1075 1035 vero
1108 973 1218 1032 hoc
1258 973 1352 1034 vel
1389 973 1538 1036 illud
1573 976 1866 1058 peculiare
1894 977 2268 1039 individuum
2298 1002 2430 1041 eam

279 1067 538 1138 -omnino
563 1079 800 1142 tenere,
829 1069 993 1150 prius
1026 1091 1056 1127 a
1082 1068 1254 1127 nobis
1283 1069 1608 1130 adstruitur
1628 1116 1643 1146 ,
1670 1073 1914 1132 minime
1947 1095 2088 1136 vero
2119 1077 2429 1156 posteriuS,

188 1187 197 1201 ’
278 1163 350 1221 ³in
383 1183 499 1246 quo
530 1163 784 1223 fatemur
810 1162 1000 1245 decipi
1031 1164 1232 1245 utique
1256 1163 1527 1225 homines
1556 1167 1815 1227 carnales
1841 1190 2006 1250 posse
2033 1181 2208 1254 atque
2236 1170 2427 1230 illudi.

289 1258 358 1318 9⁰
398 1258 585 1319 Facile
626 1271 824 1319 autem
868 1259 1080 1319 veritas
1119 1271 1223 1319 aut
1260 1259 1477 1320 falsitas
1528 1262 1926 1345 inspirationis
1980 1267 2335 1342 secernitur,
2385 1266 2435 1325 si

282 1354 437 1415 illud
481 1376 601 1438 prae
641 1355 821 1415 oculis
861 1353 1113 1428 habeaS,
1159 1355 1565 1416 testimonium
1611 1359 1858 1440 Spiritus
1896 1360 1955 1420 S.
1996 1359 2153 1420 haud
2199 1362 2437 1421 unicum

279 1474 416 1513 esse
449 1451 752 1526 medium,
788 1473 889 1512 seu
926 1474 1047 1510 non
1085 1450 1210 1510 dari
1241 1450 1316 1510 ad
1362 1451 1757 1514 exclusionem
1797 1455 2128 1515 mediorum
2162 1468 2440 1516 externo-

283 1571 425 1608 rum
445 1595 462 1627 ,
501 1549 813 1630 Scripturae
852 1546 1126 1609 videlicet
1162 1558 1451 1630 rectaeque
1483 1549 1760 1630 rationi33
1799 1562 2198 1633 quapropter,
2229 1552 2277 1609 si
2308 1572 2443 1610 con-

289 1646 494 1725 tigerit
513 1645 854 1727 quempiam
871 1641 1187 1703 obtrudere
1203 1644 1649 1725 inspirationem
1670 1693 1685 1717 ,
1711 1646 2035 1730 quidquam
2056 1647 2268 1707 docere
2285 1646 2444 1730 quod

285 1742 607 1825 Scriptura}
634 1753 921 1822 rectaeque
947 1739 1160 1799 rationi
1187 1740 1531 1802 adversetur
1548 1787 1565 1816 ‚
1589 1742 1743 1802 illico
1771 1742 2238 1825 deprehenditur
2275 1765 2444 1803 eum-

286 1839 435 1899 dem
461 1838 637 1899 fuisse
666 1825 906 1897 illusum
934 1849 997 1898 et
1028 1859 1130 1896 sua
1157 1838 1402 1896 omnino
1432 1838 1612 1914 dare,
1652 1861 1773 1898 non
1800 1851 2002 1901 autem
2027 1839 2228 1902 divina
2257 1839 2446 1922 inspi-

293 1935 522 1995 ratione
563 1935 809 1996 moveri.
857 1935 982 2008 Qua
1018 1933 1259 2016 quidem
1300 1933 1376 1994 de
1415 1955 1583 1994 causa
1613 1939 1747 2014 jure
1789 1937 2002 1996 merito
2029 1934 2449 1996 Gnosticorum

294 2033 696 2113 antiquiorum
719 2076 735 2106 ,
774 2030 1291 2111 recentiorumque
1330 2029 1849 2112 Anabaptistarum
1890 2042 2224 2091 commenta
2281 2030 2446 2092 velut

295 2128 477 2210 impia
509 2125 931 2210 exploduntur.
971 2125 1075 2185 100
1115 2127 1392 2186 Ceterum
1419 2147 1491 2186 ex
1519 2147 1587 2186 eo
1611 2171 1627 2202 ,
1670 2126 1828 2209 quod
1857 2127 2134 2186 nonnulli
2165 2127 2445 2186 interiore

294 2222 408 2283 hac
445 2224 693 2306 Spiritus
737 2224 798 2282 S.
838 2222 1231 2282 illustratione
1269 2220 1435 2281 abusi
1470 2222 1624 2297 sint,
1665 2222 1954 2301 ejusmodi
1994 2222 2144 2282 velle
2175 2222 2446 2282 testimo-

297 2321 465 2380 nium
494 2331 700 2402 utpote
729 2318 904 2378 fallax
936 2340 999 2377 ac
1027 2319 1320 2377 incertum
1352 2317 1661 2399 profligare
1682 2363 1698 2394 ,
1734 2318 1983 2400 perinde
2020 2329 2172 2378 esset
2204 2338 2270 2377 ac
2305 2338 2449 2377 con-

301 2415 550 2477 tendere
584 2416 907 2475 humanam
935 2413 1321 2493 abjiciendam
1351 2435 1476 2474 esse
1502 2413 1791 2473 rationem
1815 2459 1830 2488 ,
1855 2414 1975 2474 imo
1997 2426 2056 2474 et
2085 2415 2446 2495 Scripturam

301 2515 527 2597 ipsam,
559 2535 627 2574 eo
662 2511 822 2595 quod
849 2511 1029 2594 aliqui
1066 2522 1314 2594 utraque
1342 2510 1596 2593 pessime
1626 2509 1791 2570 abusi
1828 2510 2050 2571 fuerint
2079 2510 2154 2569 ad
2184 2510 2447 2568 incautos

301 2610 679 2692 decipiendos
701 2609 814 2692 (2).
844 2611 1008 2689 ErgO.

385 2708 529 2765 212.
566 2709 740 2789 Resp.
772 2705 858 2765 Ad
884 2708 987 2779 1¹¹¹,
1013 2707 1173 2765 Dist.
1201 2702 1380 2763 Nobis
1405 2714 1564 2762 certo
1585 2701 2026 2761 manifestatum
2052 2721 2157 2783 per
2185 2699 2449 2760 Ecclesiae

306 2802 650 2878 oraculum,
689 2822 884 2872 cono.‚·
925 2810 1102 2884 prout
1142 2798 1381 2860 cuilibet
1413 2796 1721 2858 individuo
1745 2795 2062 2874 subjective
2098 2795 2446 2870 innotescit,

305 2922 436 2981 neq.
482 2902 598 2960 Nos
644 2899 803 2958 enim
842 2920 962 2957 non
1013 2895 1384 2969 inficiamur,
1428 2895 1610 2952 immo
1647 2891 2099 2966 contendimUS,
2138 2914 2284 2974 opus
2327 2912 2449 2952 esse

310 2998 650 3059 testimonio
699 2997 948 3079 Spiritus
998 2996 1058 3054 S.
1106 3005 1174 3052 ut
1215 2992 1528 3075 Scripturae
1569 2989 1680 3049 rite
1727 2988 2039 3051 intellecta}
2079 2987 2447 3048 infallibilem

316 3094 488 3154 nobis
527 3096 762 3177 pariant
799 3090 1251 3164 certitudinem,
1291 3109 1485 3170 neque
1520 3085 1583 3144 in
1626 3085 1736 3144 hoc
1771 3084 1891 3144 ulla
1931 3084 2179 3144 occurrit
2219 3093 2455 3142 contro-

318 3190 523 3250 versia.
573 3192 784 3250 Verum
823 3192 886 3248 in
916 3211 985 3249 eo
1023 3197 1144 3247 tota
1183 3185 1424 3268 quaestio
1458 3191 1758 3256 versatur,
1804 3193 2007 3240 utrum
2046 3179 2156 3239 hoc
2193 3178 2455 3238 testimo-

320 3286 490 3345 nium
509 3284 678 3345 nobis
704 3308 811 3368 per
836 3284 1097 3345 Ecclesiae
1120 3282 1528 3342 auctoritatem
1545 3324 1562 3355 ,
1587 3278 1679 3337 cui
1697 3276 2143 3359 pollicitationes
2164 3274 2237 3334 de
2254 3273 2454 3335 divino

318 3404 507 3466 eoque
530 3382 749 3463 jugiter
776 3382 1054 3464 praesenti
1089 3377 1359 3463 praesidio
1393 3377 1558 3437 i'actae
1585 3385 1724 3434 sunt
1744 3419 1760 3448 ,
1799 3373 2163 3432 innotescere
2199 3368 2412 3432 debeat
2436 3414 2453 3445 ,

392 3590 457 3656 (1)
494 3608 511 3638 1
536 3588 651 3639 Cor.
682 3603 777 3650 xii,
810 3589 861 3638 3.
1434 3600 1539 3650 pag.
1570 3596 1628 3630 21
1665 3590 1709 3629 et
1735 3596 1869 3646 seqq.

393 3673 454 3737 (2)
493 3673 559 3722 lta
587 3672 709 3739 apud
737 3671 915 3722 Frider.
941 3672 1090 3722 Lucas
1110 3709 1123 3733 ‚
1156 3687 1234 3736 op.
1268 3670 1348 3719 cit.
