2502 4134
232 176 239 181 .
274 136 394 198 304
892 139 1090 197 ·rmcr.
1138 158 1209 197 »Β
1250 160 1402 198 ιοοιε
1444 163 1829 203 muotoeims.

273 305 548 378 enutriti3
585 323 716 361 cum
755 321 895 360 vero
932 300 1170 360 nonnisi
1203 301 1267 360 in
1302 290 2081 386 quibusdampeculiaribus
2118 308 2406 385 articuliS,

275 423 420 483 quos
454 410 555 458 aut
588 407 807 477 negant
844 407 945 456 aut
975 395 1306 472 invehunt,
1351 419 1384 457 a
1418 398 1681 463 veritatis
1717 401 1929 461 semita
1961 401 2271 479 aberrent,
2316 403 2408 463 his

270 495 524 577 demptis
545 539 560 568 ,
608 493 830 575 reliqua
871 495 1134 575 profiteri
1164 506 1420 576 pergunt
1457 516 1592 554 cum
1630 495 1877 556 Ecclesia
1913 497 2212 558 catholica.
2249 501 2408 574 Qua-

269 602 512 676 propter
540 591 606 650 in
644 590 900 650 articulis
941 588 1251 664 omnibuS‚
1290 612 1435 672 quos
1475 612 1818 651 communes
1862 613 1996 652 cum
2025 594 2274 655 Ecclesia
2304 595 2406 655 ha-

267 689 447 763 bent,
486 699 663 754 testes
707 698 848 747 sunt
882 688 1055 747 avitae
1092 685 1248 745 illius
1288 686 1461 762 fidei,
1503 707 1645 768 quae,
1673 687 1736 745 in
1775 686 2022 748 Ecclesia
2063 688 2404 764 obtinebat,

266 783 506 867 quando
542 784 649 866 ipsi
679 782 753 843 ab
783 806 852 845 ea
893 783 1136 864 digressi
1171 793 1345 857 sunt7
1380 793 1481 842 aut
1520 782 1595 841 ab
1630 805 1696 842 ea
1725 782 1965 842 fuerunt
1989 783 2236 865 expulsi.
2257 788 2407 847 Hinc

270 903 387 964 quo
430 879 792 961 antiquiores
829 879 1083 939 haeretici
1115 890 1291 953 sunt,
1338 900 1407 938 eo
1444 877 1726 937 illustrius
1769 881 2172 938 testimonium
2206 881 2407 961 perhi-

269 976 418 1038 bent
457 976 814 1050 veritatum,
865 997 1009 1057 quas
1054 974 1305 1035 Ecclesia
1350 975 1606 1057 professa
1649 988 1758 1034 est.
1802 975 1970 1048 Quod
2012 986 2079 1034 ut
2121 974 2409 1058 exemplis

271 1073 640 1150 illustremus
661 1117 677 1147 7
707 1075 936 1132 Docetae
971 1070 1142 1130 nobis
1166 1093 1258 1131 ex.
1280 1093 1369 1153 gr.
1409 1070 1738 1131 divinitatis
1778 1070 1992 1130 Christi
2028 1071 2298 1153 professae
2333 1070 2408 1131 ab

269 1169 520 1229 Ecclesia
556 1179 724 1229 aetate
763 1190 865 1228 sua
899 1167 1173 1226 tribuunt
1201 1167 1594 1227 certissimum
1621 1179 2038 1248 argumentum
2060 1212 2076 1242 ,
2108 1166 2251 1226 dum
2286 1171 2408 1227 Deo

269 1265 580 1346 indignum
617 1287 741 1325 esse
784 1274 1159 1324 asseruerunt
1198 1284 1331 1323 cum
1380 1275 1592 1322 natura
1619 1263 1881 1323 humana
1926 1284 2064 1324 vere
2104 1263 2401 1345 copulari3

273 1361 556 1423 Ebionitae
579 1383 645 1421 ac
682 1360 1043 1421 Cerinthiani
1080 1359 1249 1419 nobis
1282 1360 1502 1442 pariter
1534 1371 1708 1420 testes
1753 1372 1926 1432 sunt,
1967 1359 2126 1441 quod
2162 1359 2411 1420 Ecclesia

270 1460 334 1518 in
362 1478 579 1527 ‚veram
620 1456 934 1517 crediderit
968 1455 1183 1515 Christi
1214 1457 1683 1530 humanitatem,
1722 1477 1791 1514 eo
1820 1454 1977 1537 quod
2015 1455 2127 1538 ipsi
2162 1476 2367 1516 verum
2388 1501 2405 1528 .‚

271 1556 393 1614 imo
438 1575 657 1637 purum
705 1553 1008 1613 hominem
1055 1551 1361 1612 Christum
1409 1551 1584 1610 fuisse
1610 1550 2096 1633 praedicaverintg
2151 1550 2411 1609 Gnostici

272 1662 449 1710 testes
478 1661 618 1709 sunt
642 1648 876 1709 creditae
901 1669 1007 1729 per
1029 1660 1335 1730 peccatum
1365 1647 1646 1727 originale
1674 1647 1893 1708 vitiatae
1924 1658 2178 1719 naturae3
2210 1645 2412 1704 Ariani

272 1745 665 1806 distinctionis
710 1765 1096 1827 personarum
1122 1744 1185 1801 in
1225 1745 1348 1802 Deo
1372 1788 1388 1817 7
1433 1742 1786 1823 Eutychiani
1825 1742 2064 1800 unitatis
2105 1761 2407 1823 personae,

269 1841 603 1902 Nestoriani
639 1839 1028 1898 distinctionis
1059 1850 1406 1896 naturarum
1436 1838 1500 1896 in
1526 1837 1758 1897 Christo
1780 1883 1795 1911 ,
1837 1848 1896 1897 et
1919 1837 2000 1896 ita
2029 1857 2226 1919 porr0.
2259 1836 2412 1896 Cum

267 1938 622 1998 retinuerint
658 1948 942 2018 praeterea
975 1935 1315 2017 superstites
1361 1934 1615 2015 antiquae
1650 1945 1853 2009 sectae,
1891 1944 2016 1992 tum
2056 1931 2411 1992 ecclesiasti-

268 2056 395 2094 cam
439 2034 868 2107 hierarchiam,
915 2043 1039 2090 tum
1085 2030 1355 2090 Sacrificii
1404 2028 1764 2089 oblationem
1789 2074 1805 2103 n
1860 2040 1990 2087 tum
2035 2030 2410 2089 Sacramenta

268 2131 501 2206 omnia,
540 2153 612 2191 ex
649 2130 764 2189 illis
806 2129 1014 2189 merito
1053 2125 1495 2204 concludimuS‚
1545 2125 1856 2187 Ecclesiam
1899 2123 2244 2184 catholicam
2280 2128 2405 2202 jam

265 2251 299 2288 a
330 2240 539 2311 quarto
566 2240 624 2287 et
655 2228 865 2309 quinto
897 2225 1093 2285 seculo
1123 2224 1360 2285 eosdem
1400 2224 1710 2283 retinuisse
1748 2222 2055 2296 articulos,
2087 2242 2233 2303 quos
2260 2242 2405 2306 pos-

268 2325 507 2385 teriores
539 2323 792 2384 haeretici
818 2320 1004 2381 veluti
1034 2320 1289 2403 papismi
1317 2319 1729 2381 innovationes
1759 2340 1961 2379 recens
1987 2318 2253 2380 inductas
2279 2329 2404 2378 tra·

267 2421 604 2496 duxerunt,
645 2421 843 2502 sicque
882 2419 1181 2487 haeieticos
1217 2439 1323 2501 per
1358 2417 1657 2478 haereticos
1694 2403 2014 2478 refellimus
2052 2426 2227 2497 atque
2265 2436 2401 2474 con·

265 2518 569 2579 fundimus
610 2518 722 2599 (l).

348 2615 491 2674 462.
534 2616 749 2674 Verum
774 2636 898 2672 non
923 2613 1118 2671 minus
1149 2610 1520 2672 luculentum
1545 2612 1802 2693 antiquae
1823 2609 2084 2670 Ecclesiae
2107 2606 2401 2667 catholicae

267 2713 401 2774 fidei
450 2725 510 2773 et
552 2713 725 2773 avilae
770 2710 1122 2770 Traditionis
1170 2709 1593 2769 documentum
1629 2706 2012 2790 suppeditant
2046 2704 2300 2764 haeretici
2339 2705 2402 2761 in

268 2830 334 2869 ea
371 2808 650 2869 doctrinae
690 2820 887 2890 parte,
925 2828 1106 2888 quam
1143 2806 1256 2887 ipsi
1289 2803 1479 2865 adorti
1519 2815 1682 2863 sunt.
1723 2799 2214 2883 Quandoquidem
2236 2844 2252 2874 a
2291 2799 2402 2858 nisi

266 2905 365 2966 illa
390 2905 656 2966 doctrina
683 2906 747 2964 in
769 2903 1017 2963 Ecclesia
1040 2902 1494 2983 uniuscujusque
1517 2898 1826 2981 peculiaris
1849 2908 2016 2958 sectae
2044 2906 2211 2956 aetate
2241 2894 2402 2955 inva-

267 3001 500 3078 luisset,
544 3024 675 3063 eam
708 3022 1017 3084 nunquam
1058 3000 1502 3082 impugnassent
1535 2995 1829 3070 haeretici,
1865 3013 2057 3075 neque
2093 2990 2179 3049 uti
2213 3010 2399 3050 nova-

340 3252 407 3316 (l)
447 3252 545 3300 Hoc
575 3261 850 3318 argumento
875 3253 1052 3317 egregie
1087 3253 1158 3298 usi
1182 3260 1291 3298 sunt
1377 3252 1414 3297 si
1447 3249 1634 3306 omnia,
1678 3260 1781 3310 quae
1817 3244 2040 3291 haereticae
2075 3252 2209 3291 sectae
2243 3245 2403 3307 singu-

269 3336 332 3385 D.
364 3335 524 3383 Maran
559 3345 606 3383 et
637 3334 990 3395 Renaudotius;
1023 3332 1101 3382 ille
1132 3334 1182 3380 in
1210 3350 1290 3398 op.
1376 3332 1509 3380 latim
1542 3339 1733 3392 sumptae
1768 3326 2042 3391 profitentur
2079 3343 2160 3373 seu
2188 3326 2401 3391 professae

268 3435 392 3484 saepe
435 3419 512 3466 cit.
564 3415 814 3466 Divinitas
865 3416 1077 3465 Domini
1124 3415 1296 3463 Nostri
1378 3422 1487 3462 sunt
1528 3427 1636 3460 cum
1675 3408 1878 3456 Ecclesia
1917 3407 2171 3466 catholica,
2210 3405 2403 3471 colliga-

267 3504 387 3551 Jesu
415 3496 623 3556 Christi,
644 3503 893 3564 praesertim
911 3498 995 3548 lib.
1014 3516 1093 3557 111,
1114 3516 1212 3562 cap.
1230 3495 1261 3547 5
1275 3534 1287 3557 ,
1376 3514 1481 3545 mus
1499 3533 1512 3554 ‚
1550 3494 1735 3560 plenam
1756 3491 1863 3539 fidei
1880 3490 2115 3538 catholicae
2138 3491 2401 3538 doctrinam

269 3582 303 3632 6
329 3595 373 3633 et
405 3601 431 3651 7
455 3601 469 3646 3
499 3585 582 3631 iste
612 3600 718 3630 vero
747 3586 796 3630 in
825 3602 901 3648 op.
929 3581 1096 3645 pariter
1112 3583 1193 3629 cit.
1218 3579 1293 3628 La
1375 3578 1667 3628 habebimus.
1682 3575 1977 3634 Praeclarum,
1997 3576 2153 3640 siquis
2171 3591 2398 3640 unquam,

263 3667 529 3733 perpetui&
556 3664 613 3713 de
640 3663 686 3712 Ia
710 3664 787 3729 foi
798 3700 815 3727 ‚
844 3675 959 3715 tom.
1003 3683 1046 3714 v.
1081 3662 1293 3713 Profecto
1377 3661 1612 3711 catholicae
1639 3660 1844 3710 veritatis
1872 3657 2195 3723 triumphum!
