2502 4134
805 166 1003 207 macr.
1052 169 1122 207 nn
1165 167 1315 208 mols
1359 135 1753 211 wnnossommsj

208 147 327 208 504

207 309 547 393 singillatim
595 310 885 391 dogmatis
935 333 949 368 :
999 333 1031 370 a
1081 309 1295 393 quibus
1346 334 1563 396 nempe
1592 359 1608 389 ‚
1663 335 1779 396 quo
1837 314 2081 379 obtentu
2105 365 2123 398 ,
2180 322 2346 404 queis

207 409 567 491 argumentis
587 451 604 481 .‚
642 406 941 487 quomodo
974 406 1117 467 item
1136 428 1313 467 error
1347 419 1702 491 propagatus
1731 409 1935 485 fuerit.,
1969 434 2112 494 quas
2137 415 2346 498 phases

205 504 484 578 subierit3
530 502 771 584 quando
810 501 1022 582 dogma
1058 503 1360 562 adsertum
1393 502 1468 562 ab
1505 503 1754 563 Ecclesia
1793 504 1869 563 sit
1904 526 1970 564 ac
2000 505 2343 588 definitum,

207 601 451 683 quinam
495 597 778 680 praecipui
832 599 1095 658 veritatis
1145 598 1447 660 catholicae
1495 613 1958 683 propugnatores
2000 604 2342 685 extiterint,

205 694 537 777 quibusque
579 694 670 753 usi
698 696 1065 774 ‚argumentis
1108 696 1246 755 sint.
1289 697 1425 755 Haec
1467 697 1631 765 enim
1672 697 1996 779 plurimum
2037 700 2348 764 conferunt

202 791 277 852 ad
325 789 538 852 eadem
582 789 858 876 dogmata
905 791 1237 867 firmanda,
1295 794 1636 874 praesertim,
1673 814 1808 852 cum
1851 793 2105 855 haeretici
2148 809 2349 878 poste-

200 888 384 948 riores
423 897 491 945 ut
520 884 848 968 plurimum
886 887 1125 947 nonnisi
1168 886 1463 948 obsoletos
1497 910 1563 949 ac
1597 888 1774 973 plene
1811 890 2094 951 contritos
2124 913 2347 955 errores

201 1006 234 1044 e
270 985 390 1044 suis
430 982 615 1044 veluti
655 982 952 1043 cineribus
990 984 1304 1045 excitarint
1341 984 1461 1065 (1).

286 1080 426 1140 362.
473 1081 593 1139 Nec
645 1078 818 1139 aliter
868 1079 1024 1139 dicas
1070 1079 1144 1140 de
1176 1084 1548 1161 patristica,
1603 1093 1672 1141 ut
1717 1083 1858 1144 trito
1891 1088 2018 1163 jam
2067 1068 2348 1146 vocabulo

200 1188 482 1250 utamur,
542 1196 675 1257 quae
730 1197 949 1258 nempe
987 1197 1050 1237 se
1094 1175 1401 1259 protendit
1451 1166 1526 1237 ad
1572 1177 1904 1261 pleniorem
1956 1181 2350 1261 cognitionem

201 1294 405 1334 eorum
427 1318 443 1347 7
485 1294 617 1355 quae
653 1271 730 1332 ad
767 1275 969 1333 Patres
1010 1284 1313 1356 spectant3
1352 1273 1762 1358 biographiam
1795 1287 2076 1358 praeterea
2103 1323 2119 1352 ,
2162 1277 2349 1337 histo-

199 1370 353 1429 riam
390 1369 651 1428 criticam
672 1414 688 1444 ,
723 1370 1182 1452 uniuscujusque
1214 1370 1488 1440 laborum
1525 1393 1630 1431 seu
1664 1374 2225 1433 commentariorum
2253 1396 2353 1433 or·-

196 1466 403 1527 dinem
441 1465 923 1547 chronologicum
949 1513 965 1540 ,
1013 1490 1263 1550 operum
1316 1491 1447 1551 quae
1490 1456 1747 1548 genuina
1789 1468 2086 1528 habentur
2127 1470 2201 1528 ab
2243 1470 2352 1530 ad-

200 1559 505 1647 scriptitiis
560 1574 662 1623 aut
711 1562 1083 1646 interpolatis
1141 1566 1563 1637 secretionem,
1620 1564 2060 1643 praestantiores
2107 1564 2350 1625 demum

198 1660 487 1721 editiones
524 1659 937 1740 complectitur
975 1659 1090 1737 (2).
1140 1656 1228 1716 Ab
1277 1657 1386 1716 hac
1427 1656 1704 1716 nonnulli
1751 1656 2109 1737 distinguere
2155 1658 2349 1720 solent

189 1760 598 1837 patroloyiam
637 1753 819 1815 veluti
853 1752 1009 1813 illius
1043 1762 1308 1834 partem,
1342 1756 1505 1830 cujus
1539 1752 1868 1834 praecipuus
1909 1774 2119 1835 scopus
2159 1767 2248 1815 est
2285 1757 2351 1816 in

199 1852 534 1912 doctrinam
584 1859 928 1908 sanctorum
981 1849 1228 1906 Patrum
1286 1847 1555 1906 intimius
1617 1857 1931 1930 penetrare
1964 1894 1980 1924 ,
2043 1850 2353 1931 opiniones

194 1969 435 2032 quaque
488 1957 662 2008 aetate
715 1943 1109 2027 praevalentes
1166 1943 1291 2004 sive
1340 1942 1694 2024 theologicas
1738 1944 1863 2007 sive
1914 1943 2352 2028 philosophicas

196 2042 567 2127 expendere,
612 2062 742 2125 quae
784 2062 908 2100 non
949 2061 1163 2123 parum
1217 2043 1430 2119 juvant
1478 2039 1555 2100 ad
1604 2039 1844 2099 illorum
1894 2040 2350 2122 intelligentiam

203 2139 630 2222 assequendam
651 2184 667 2213 ‚
707 2148 883 2220 atque
917 2136 994 2197 ad
1029 2158 1238 2202 verum
1275 2157 1482 2196 eorum
1511 2158 1754 2197 sensum
1788 2137 2209 2219 detegendum.
2237 2140 2353 2199 Pa·-

201 2237 436 2298 tristicae
472 2234 732 2295 subsidio
774 2255 899 2294 non
939 2232 1117 2293 modo
1146 2232 1452 2314 theologus
1489 2235 1709 2316 poterit
1740 2255 1866 2295 sese
1902 2233 1977 2294 ab
2010 2233 2110 2294 illa
2148 2233 2350 2297 defen-

278 2456 347 2522 (1)
386 2454 612 2523 Exemplo
629 2457 970 2518 sintsociniani‚
992 2458 1074 2525 qui
1090 2455 1241 2507 sabel-

205 2540 476 2589 lianismum
501 2578 515 2601 ‚
563 2541 977 2606 paulicianismum
1000 2578 1015 2600 ‚
1063 2542 1236 2589 noetis-

205 2641 341 2672 mum
370 2623 527 2672 denuo
556 2624 842 2686 excitarunt3
871 2625 983 2672 item
1005 2623 1238 2672 lutherani

206 2716 251 2756 et
269 2706 519 2755 calviniani
541 2744 555 2768 ,
572 2706 658 2773 qui
683 2706 833 2766 Attii,
862 2705 1104 2772 Vigilantii
1121 2744 1135 2768 ‚
1155 2706 1239 2757 Jo-

206 2790 412 2850 viniani,
431 2789 728 2856 aliorumque
747 2788 949 2838 absurila
973 2800 1238 2839 commenta

207 2870 489 2936 adoptarunt
507 2908 520 2931 ‚
551 2882 597 2920 et
615 2874 678 2920 ita
703 2889 858 2938 porro.

277 2955 343 3020 (2)
381 2953 604 3004 Eminent
637 2957 759 3004 inter
788 2965 939 3005 cetera
975 2955 1062 3004 hac
1100 2954 1158 3004 de
1189 2973 1238 3004 re

205 3036 299 3086 duo
343 3039 524 3103 egregia
567 3055 740 3104 opera,
791 3055 961 3102 nempe
1012 3036 1238 3086 Histoire

204 3119 424 3182 yenerale
460 3119 543 3168 des
576 3128 775 3169 auteurs
815 3124 975 3169 εαονέε
1012 3128 1058 3168 et
1092 3119 1237 3169 eccle·

205 3202 465 3266 siastiques
499 3220 580 3268 par
623 3203 667 3252 le
700 3202 760 3252 R.
808 3202 864 3253 P.
906 3202 1049 3253 Dom.
1082 3202 1238 3270 Remy

206 3283 430 3345 Ceillier‚
463 3285 756 3336 benedictin.
797 3296 888 3337 etc.
930 3285 1055 3334 Paris
1086 3301 1234 3353 ¹7293

206 3367 336 3434 quod
375 3368 567 3434 quidem
602 3387 717 3435 opus
762 3371 879 3428 axin
915 3370 1091 3419 volum.
1124 3372 1175 3417 in
1203 3367 1237 3432 4

203 3460 414 3511 constat,
454 3461 615 3516 praeter
646 3451 1078 3516 locupletissimum
1112 3452 1237 3501 indi-

206 3550 309 3583 cem
324 3569 342 3592 ,
365 3535 448 3600 qui
466 3537 707 3582 constituit
729 3535 905 3584 volum.
924 3552 1037 3584 xxiv
1058 3551 1072 3599 ;
1096 3546 1235 3602 atque

203 3615 493 3682 Apparatus
511 3614 579 3664 ad
607 3615 942 3666 bibliothecam
965 3619 1234 3667 maximam

200 3707 410 3747 veterum
428 3699 640 3748 Patrum
664 3707 707 3746 et
724 3704 1043 3764 antiquorum
1073 3702 1231 3767 scrip-

1319 2465 1477 2507 toram
1509 2456 1942 2507 ecclesiasticorum
1975 2455 2210 2524 Luqdum'
2242 2457 2347 2507 edi-

1318 2548 1417 2589 tam
1435 2578 1448 2602 ‚
1493 2559 1629 2607 opera
1671 2551 1718 2591 et
1760 2542 1915 2590 studio
1961 2541 2135 2590 Domni
2163 2541 2347 2592 Nicolai

1316 2622 1360 2671 le
1383 2617 1589 2690 Nourrff,
1630 2624 1888 2692 presbyteri
1919 2635 1966 2674 et
1992 2625 2214 2674 monachi
2242 2624 2345 2674 ord.

1317 2704 1371 2755 S.
1402 2705 1584 2756 Bened.
1610 2706 1796 2756 duobus
1825 2707 2000 2756 volum.
2030 2710 2082 2755 in
2109 2706 2348 2757 folio-Pa-

1316 2790 1403 2838 ris.
1422 2818 1425 2821 ,
1443 2788 1592 2857 1703.
1617 2789 1907 2856 Adjumento
1936 2792 2104 2856 pariter
2133 2808 2231 2839 esse
2259 2807 2344 2856 po·

1319 2881 1479 2920 terunt
1500 2870 1786 2938 Apparatus
1813 2874 1944 2921 sacri
1971 2872 2086 2923 Ant.
2111 2871 2342 2922 Possevini

1318 2953 1436 3004 S.J.
1454 2953 1619 3004 Venet.
1643 2951 1787 3005 1606.
1814 2954 1927 3005 trib.
1959 2955 2142 3004 volum.
2175 2957 2227 3002 in
2256 2952 2341 3002 fol.

1319 3036 1379 3087 Et
1407 3037 1564 3104 quoad
1590 3040 1877 3105 antiquiores
1903 3038 2061 3088 Patres
2077 3046 2239 3103 praeter
2253 3035 2343 3085 Co-

1318 3119 1562 3178 telerium,
1588 3123 1669 3187 qui
1696 3121 1842 3170 edidit
1859 3121 2042 3170 duobus
2061 3119 2156 3168 vol.
2191 3119 2344 3170 Patres

1317 3203 1594 3268 apostolicos
1612 3240 1626 3263 ,
1658 3201 1940 3251 Illustrium
1958 3199 2165 3250 eeclesiae
2182 3202 2344 3250 orae'en'-

1316 3284 1432 3333 talis
1458 3286 1779 3351 scriptoram,
1811 3285 1900 3350 qui
1924 3285 2178 3331 sanctitate
2190 3285 2344 3346 juxta

1317 3376 1363 3415 et
1389 3367 1661 3416 eruditione
1685 3365 1960 3430 floruerunt
1983 3382 1997 3412 ι
2020 3375 2064 3413 et
2093 3382 2126 3415 n
2157 3364 2346 3415 Christi

1316 3450 1476 3499 seculo
1528 3452 1642 3499 vitae
1692 3457 1739 3497 et
1778 3447 2103 3511 documenta,
2155 3458 2343 3498 auctore

1315 3532 1376 3583 R.
1409 3533 1464 3582 P.
1492 3533 1623 3582 Petro
1658 3531 1837 3580 Halloix
1868 3530 1921 3581 S.
1950 3530 1998 3582 J.
2031 3530 2180 3582 Duaci
2214 3527 2339 3582 1633

1317 3625 1364 3666 et
1400 3613 1528 3666 1636
1557 3613 1704 3665 duob4
1739 3614 1912 3665 volum.
1944 3616 1995 3664 in
2026 3613 2110 3665 sol.
