2502 4134
257 148 334 208 40
865 170 1063 209 macr.
1111 171 1179 208 mi
1226 169 1376 208 roms
1425 170 1802 210 rnnotocicis.

339 311 439 372 63.
487 309 576 371 Ad
613 312 761 385 12¹³,
791 311 943 394 Neq.
980 315 1104 371 Imo
1142 312 1326 371 Graeci
1363 322 1424 371 et
1458 311 1568 373 hoc
1599 325 1866 395 tempore
1899 324 1959 373 et
1991 323 2158 374 aetate
2194 312 2399 374 subse-

255 408 461 492 quenti
494 418 903 468 convenerunt
938 409 1001 467 in
1040 405 1424 468 admittendis
1459 410 1546 467 uti
1584 409 1796 471 divinis
1838 408 2003 469 libris
2040 408 2114 468 ab
2153 410 2400 471 Ecclesia

259 504 442 563 latina
482 504 774 585 receptiS‚
820 516 887 563 ut
921 516 1149 564 constat
1197 526 1268 563 ex
1317 524 1420 578 00,
1463 505 1622 586 quod
1665 505 1827 564 nulla
1872 527 2138 587 unquam
2177 505 2285 564 hac
2326 507 2401 567 de

253 621 320 659 re
350 601 508 659 inter
550 609 866 681 utramque
905 600 1217 661 Ecclesiam
1258 599 1507 658 excitata
1559 602 1655 681 sits
1675 603 2102 662 controversia.
2147 601 2318 673 Quod
2353 602 2403 660 si

253 696 530 755 Leontius
553 697 905 776 Byzantinus
925 743 939 768 ‚
969 699 1362 754 Damascenus
1381 739 1397 765 ,
1416 681 1782 776 Nicephorus
1805 709 2054 778 uterque
2073 742 2087 771 7
2114 696 2402 755 Constan—

252 790 677 873 tinopolitanus
723 804 783 851 et
822 791 1103 851 Callixtus
1146 800 1458 849 recensent
1495 811 1781 850 canonem
1824 790 2244 867 Hebraeorum,
2290 791 2402 850 hoc

253 885 329 946 ab
366 887 505 968 ipsis
535 888 601 946 fit
635 886 856 968 absque
891 887 1249 946 detrimento
1286 885 1536 945 aliorum
1569 885 1894 960 librorum,
1924 887 2028 967 qui
2051 886 2294 946 admissi
2329 885 2403 946 ab

254 981 504 1042 Ecclesia
541 994 682 1041 sunt
723 984 840 1063 (l).

337 1079 438 1138 64.
490 1079 579 1139 Ad
626 1078 771 1154 13111,
807 1079 962 1159 Ney.
1012 1079 1247 1139 Etenim
1272 1125 1288 1152 .,
1335 1090 1402 1135 ut
1441 1089 1607 1158 patet
1642 1099 1712 1135 ex
1754 1076 2040 1136 hactenus
2082 1079 2360 1160 expositis
2386 1125 2403 1155 a

252 1175 578 1235 Concilium
614 1175 1027 1234 Tridentinum
1059 1174 1226 1232 filum
1259 1172 1592 1232 traditionis
1629 1173 1959 1232 constantis
2002 1183 2062 1232 et
2094 1185 2402 1255 perpetuae

250 1274 535 1331 Romanae
576 1271 841 1331 Ecclesiae
884 1283 1150 1331 secutum
1195 1282 1291 1329 est
1328 1271 1393 1328 in
1435 1290 1661 1328 canone
1701 1268 2040 1327 divinorum
2085 1268 2409 1328 Bibliorum

253 1368 602 1442 sanciend03
641 1367 879 1426 traditio
920 1367 1044 1426 haec
1086 1367 1270 1447 viguit
1304 1367 1370 1424 in
1414 1364 1688 1424 omnibus
1732 1365 1993 1425 Ecclesiis
2019 1363 2406 1425 orientalibus

253 1475 314 1523 et
343 1462 835 1537 occidentalibuS‚
863 1483 993 1544 quae
1014 1461 1211 1544 quoad
1233 1461 1631 1520 substantiam
1661 1460 1901 1520 eosdem
1925 1460 2106 1520 libros
2135 1461 2222 1520 uti
2253 1460 2410 1520 divi-

252 1581 363 1618 nos
395 1570 756 1633 tenuerunt.
800 1579 921 1616 non
963 1557 1039 1616 ad
1078 1556 1522 1617 aedificationem
1562 1555 1755 1616 solum
1778 1601 1793 1631 ‚
1835 1555 1939 1616 sed
1982 1557 2159 1615 etiam
2198 1553 2275 1614 ad
2304 1556 2408 1614 fir·

251 1654 472 1714 manda
504 1655 640 1714 fidei
671 1654 942 1735 dogmata
966 1699 980 1727 .,
1024 1664 1091 1711 ut
1132 1653 1329 1712 omnia
1368 1652 1726 1712 documenta
1766 1675 1838 1712 ex
1878 1650 2151 1734 Patribus
2192 1651 2407 1711 Graecis

252 1762 313 1811 et
360 1753 617 1827 Latinis„
676 1774 747 1811 ex
801 1749 1332 1811 Constitutionibus
1380 1749 1747 1832 apostoliciS‚
1796 1771 1868 1809 ex
1915 1735 2222 1821 ConciliiS‚
2276 1768 2408 1830 quae

252 1846 642 1923 adduximUS‚
685 1847 998 1908 evidenter
1031 1846 1391 1921 ostendunt,
1435 1844 1648 1928 quibus
1686 1845 1857 1926 plura
1895 1845 2043 1920 alia,
2080 1844 2410 1926 praesertim

253 1955 390 2025 post
418 1945 610 2004 secula
639 1946 709 2004 IV
737 1956 797 2004 et
837 1946 915 2020 V,
951 1942 1203 2023 adjicere
1231 1964 1536 2025 possemus
1560 1941 1676 2022 (2).
1710 1942 1813 2001 His
1847 1962 1989 2004 vero
2028 1940 2198 2000 nullo
2230 1939 2408 1999 modo

255 2053 674 2122 opponuntur,
713 2061 842 2123 quae
866 2061 936 2100 ex
967 2042 1026 2099 S.
1062 2041 1427 2121 Hieronymo
1458 2038 1700 2119 aliisque
1720 2083 1737 2113 a
1768 2038 1868 2120 qui
1895 2059 2029 2097 eum
2057 2037 2238 2096 secuti
2267 2046 2408 2095 sunt

255 2275 414 2326 bornae
442 2296 523 2328 an.
569 2276 695 2345 1590
718 2315 730 2337 ,
762 2295 866 2343 pag.
892 2275 958 2325 60
979 2314 991 2334 ‚
1029 2276 1290 2325 Lutherum

254 2359 399 2409 libros
440 2361 762 2411 deutero-cau.
799 2380 852 2410 ex
895 2378 1074 2409 canone
1114 2377 1293 2424 expun-

254 2452 448 2510 gentem
479 2444 691 2493 defendit
714 2444 929 2509 exemplo
952 2443 1158 2509 Cajetani
1175 2480 1187 2501 ‚
1210 2443 1291 2508 qui

256 2543 312 2575 ex
349 2543 528 2575 canone
547 2526 669 2575 Nov.
704 2526 831 2575 Test.
859 2525 1072 2591 epistolas
1092 2523 1256 2573 Jacobi
1274 2562 1287 2584 ‚

254 2624 295 2655 11
324 2607 476 2668 Petri,
512 2626 546 2656 n
579 2619 625 2658 et
656 2626 708 2657 111
746 2609 913 2667 Joan.,
949 2607 1083 2656 Judae
1105 2644 1119 2668 ,
1158 2606 1291 2655 Pauli

257 2689 317 2738 ad
341 2689 593 2750 Hebraeos,
634 2702 680 2739 et
712 2702 862 2755 partes
899 2700 1215 2739 controversas
1245 2700 1291 2738 et

259 2771 351 2820 alia
378 2772 595 2838 quaedam
619 2772 894 2833 sustulerat,
915 2773 974 2820 de
1003 2772 1175 2837 quibus
1193 2770 1290 2818 Lu-

258 2853 391 2903 thero
421 2872 667 2921 nunquam
692 2858 869 2903 venerit
889 2857 939 2902 in
962 2864 1167 2902 mentem
1199 2853 1288 2901 du-

257 2937 422 2987 bitare.
458 2936 562 2987 Cfr.
598 2937 764 3004 Georg.
798 2937 1023 3003 Czuppon
1043 2974 1056 2996 ‚
1097 2935 1154 2983 V
1150 2936 1286 2984 indi-

256 3020 350 3069 cioe
378 3019 508 3086 vulq.
530 3021 645 3069 edit.
669 3020 888 3070 Biblior.
907 3020 1110 3069 Sabariae
1131 3017 1258 3086 1798
1273 3056 1286 3079 ,

258 3112 376 3151 tom.
407 3120 424 3150 ι
445 3141 457 3163 ,
486 3122 593 3169 pag.
626 3102 693 3153 53
727 3115 895 3171 etseq.

325 3186 402 3250 (1)
435 3186 557 3235 Satis
580 3199 647 3237 est
672 3205 940 3254 percurrere
969 3188 1171 3237 indicem
1190 3187 1286 3236 loc.

260 3286 399 3319 sacrae
460 3270 713 3336 Scripturas
740 3310 753 3332 ‚
814 3274 896 3338 qui
953 3271 1212 3336 allegantur
1262 3288 1288 3318 a

261 3351 314 3401 S.
348 3351 490 3402 Joan.
519 3340 843 3415 Damascene.
874 3364 925 3402 ut
958 3363 1142 3420 pateat,
1180 3370 1289 3400 eum

259 3437 522 3500 promiscue
558 3437 788 3485 adducere
818 3435 1088 3485 testimonia
1119 3452 1173 3484 ex
1201 3435 1287 3484 lib.

263 3517 511 3583 Sapientiae
532 3555 545 3579 ‚
582 3518 892 3568 Ecclesiastici
916 3530 960 3568 et
984 3516 1289 3571 Baruch.Csr.

266 3600 378 3648 edit.
413 3599 623 3667 Lequieu
645 3638 660 3661 ,
704 3604 786 3668 qui
841 3604 892 3649 in
930 3601 1092 3650 adnot.
1128 3617 1179 3661 1,
1234 3601 1289 3649 ad

262 3697 365 3745 cap.
406 3698 462 3748 17
483 3719 496 3745 ,
515 3682 623 3732 libri
650 3701 725 3747 iv,
753 3682 838 3733 De
857 3683 955 3749 fide
980 3682 1188 3733 Orthod.
1209 3682 1294 3731 ob-

1375 2285 1551 2336 servat,
1579 2272 1630 2323 S.
1652 2274 1792 2324 Joan.
1813 2272 2157 2322 Damascenum
2180 2288 2408 2320 canonem

1375 2358 1632 2406 exscribere
1649 2394 1662 2418 ,
1704 2373 1846 2423 quem
1877 2355 2090 2404 exhibuit
2116 2353 2170 2403 S.
2197 2351 2407 2419 Epipha-

1377 2441 1484 2488 nius
1508 2442 1558 2488 in
1585 2438 1675 2487 lib.
1702 2437 1786 2486 De
1802 2437 1959 2504 pond.
1983 2445 2029 2486 et
2051 2453 2204 2486 mem.
2235 2437 2293 2485 de
2314 2451 2407 2502 quo

1376 2524 1589 2588 superius
1621 2523 1848 2570 diximus.
1996 2575 1998 2577 ,

1446 2605 1513 2667 (2)
1551 2603 1619 2652 Ne
1645 2604 1869 2668 prolixior
1902 2605 1989 2649 sim
2020 2603 2071 2648 in
2103 2602 2301 2649 istorum
2330 2617 2408 2649 ca·

1375 2686 1527 2750 talogo
1544 2685 1742 2734 texendo
1757 2719 1770 2742 ,
1784 2685 1866 2732 cfr.
1879 2686 1959 2731 cit.
1972 2682 2214 2748 Appendix
2229 2721 2242 2744 ‚
2262 2701 2405 2748 quam

1372 2770 1424 2815 in
1454 2768 1586 2831 praef.
1610 2766 1815 2832 generali
1844 2765 2037 2814 exhibet
2060 2766 2122 2815 cl.
2141 2765 2242 2816 JOS.
2263 2766 2404 2815 Blan-

1373 2850 1560 2899 chinius
1590 2852 1640 2897 in
1679 2847 1736 2895 V
1733 2849 1943 2897 indiciis
1974 2851 2202 2899 canonic.
2234 2848 2405 2916 Serip-

1375 2940 1531 2981 turar.
1550 2931 1619 2980 De
1639 2931 1907 2980 auctoribus
1925 2970 1938 2991 ‚
1971 2934 2053 2999 qui
2079 2932 2137 2981 ab
2163 2931 2407 2997 Apostolo-

1372 3032 1478 3062 rum
1520 3024 1650 3062 aetate
1690 3032 1838 3080 usque
1886 3015 1942 3063 ad
1991 3032 2173 3064 sacrum
2215 3014 2401 3064 Concil.

1373 3097 1700 3147 Tridentinum
1743 3098 1934 3145 canonis
1983 3097 2137 3146 divin.
2173 3096 2402 3162 Scriptur.

1372 3182 1575 3230 indicem
1619 3189 1902 3238 texuerunt,
1952 3196 1978 3226 a
2020 3196 2126 3244 pag.
2167 3176 2198 3226 5
2241 3178 2298 3226 ad
2334 3194 2401 3244 9,

1373 3281 1575 3333 quorum
1618 3262 1830 3328 plerique
1879 3261 2097 3310 eumdem
2148 3260 2403 3325 catalogum

1374 3363 1610 3398 sacrorum
1666 3345 1916 3393 Librorum
1973 3353 2232 3410 sequuntur
2253 3380 2267 3403 ‚
2319 3345 2402 3409 qui

1373 3430 1611 3481 confectus
1653 3437 1721 3476 est
1759 3445 1786 3476 a
1828 3426 2039 3475 Concilio
2074 3424 2237 3474 Carth.
2269 3442 2321 3474 111
2360 3436 2406 3474 et

1375 3514 1435 3564 ab
1468 3512 1740 3560 Innocentio
1770 3508 1824 3570 1,
1871 3518 1916 3558 et
1962 3524 2104 3575 quem
2142 3518 2299 3558 secuta
2337 3517 2405 3558 est

1376 3597 1600 3667 Synodus
1627 3594 1918 3644 Tridentina.
