2502 4134
319 168 478 209 PAn'r.
528 168 619 206 111.
670 165 820 204 SBCT.
869 164 908 202 l.
957 164 1076 204 CAP.
1129 165 1168 204 1.
1217 165 1282 201 DE
1326 162 1452 202 ΕΔΤ.
1505 163 1637 201 ΔΠΤ.
1683 162 1790 201 Fu).
1841 162 2029 200 SPEc'r.
2099 137 2222 199 395

114 330 234 374 esse
288 308 524 391 quidem
573 306 832 387 regulam
875 329 906 365 a
957 307 1262 373 Vincentio
1303 304 1581 367 traditam
1636 326 1820 363 unum
1867 324 1938 365 ex
1980 302 2222 365 criteriis

113 403 494 485 cognoscendi
533 402 873 462 catholicam
923 402 1267 473 veritatemq
1315 399 1415 459 sed
1456 420 1646 480 neque
1693 403 1984 472 um'cwm,
2036 396 2225 456 multo

112 521 250 560 vero
292 500 486 561 minus
518 503 908 577 praecipuum
936 518 1008 557 ac
1055 510 1407 574 supremum
1440 514 1582 553 esse.
1615 494 1750 553 Tale
1794 494 1951 553 enim
1989 514 2106 551 non
2134 503 2222 552 est

112 593 223 653 nisi
242 599 374 673 juge
401 615 465 651 ac
487 614 716 673 semper
737 593 939 652 vivens
961 589 1218 652 Ecclesiae
1246 589 1639 668 magisterium
1674 590 1696 667 (
1705 588 1766 669 1)
1774 608 1795 657 ,·
1817 601 2003 649 cetera
2027 587 2225 650 omnia

113 688 246 751 huic
295 687 548 765 subjecta
585 698 756 762 sunt,
800 684 874 744 ab
916 706 1101 766 eoque
1131 683 1411 766 pendent.

199 957 298 1016 89.
348 954 778 1016 Vindicavimus
801 952 1079 1011 hactenus
1112 952 1350 1010 rationis
1376 951 1551 1032 etiam
1582 948 1899 1009 individuae
1933 950 2086 1021 vim,
2116 969 2232 1030 qua

119 1050 194 1111 ad
251 1050 524 1111 veritates
571 1050 725 1111 intra
778 1047 1043 1107 ordinem
1092 1057 1318 1105 naturae
1370 1043 1715 1117 conclusas,'
1751 1065 2000 1126 quaeque
2049 1042 2234 1105 veluti

118 1145 474 1230 praeambula
511 1145 759 1227 spectari
791 1154 1046 1225 queunt,
1102 1143 1292 1207 valeat
1331 1163 1439 1224 per
1473 1161 1534 1200 se
1576 1139 1694 1207 sola
1734 1142 1995 1207 absolute
2019 1160 2084 1200 ac
2107 1139 2232 1221 qui-

119 1241 254 1300 dem
288 1262 421 1300 cum
453 1239 691 1321 proprie
728 1237 881 1297 dicta
920 1237 1266 1299 certitudine
1305 1237 1668 1318 pertingere3
1709 1256 1774 1294 ac
1809 1234 2057 1316 proinde
2094 1256 2234 1316 pro-r

117 1334 383 1396 bavimus
403 1379 420 1408 ‚
457 1333 585 1392 dari
608 1333 765 1411 inter
802 1352 898 1391 eas
927 1330 1218 1390 naturales
1248 1331 1519 1391 veritates
1540 1330 1924 1390 intrinsecum
1959 1329 2232 1395 ordinem

119 1431 408 1508 logicum,
467 1447 583 1508 quo
627 1447 743 1483 una
791 1445 861 1484 ex
905 1424 1015 1510 alia
1072 1423 1334 1504 legitimo
1382 1425 1807 1507 principiorum
1853 1445 2009 1488 nexu
2054 1423 2236 1512 possit

130 1519 592 1602 argumentando
623 1519 850 1583 deduci.

202 1618 300 1678 90.
346 1617 459 1678 Sed
509 1615 667 1676 aliud
722 1627 811 1676 est
862 1616 937 1676 de
989 1611 1262 1676 absoluta
1310 1616 1550 1681 rationis
1601 1616 1862 1697 potentia
1906 1614 2186 1677 disserere
2217 1659 2233 1692 ‚

121 1712 280 1772 aliud
320 1713 391 1771 de
418 1711 674 1790 ejusdem
704 1712 967 1793 potentia
995 1713 1222 1775 morali
1227 1732 1250 1779 ,·
1288 1710 1385 1771 illa
1420 1711 1638 1794 quippe
1671 1710 1747 1771 ad
1787 1710 2056 1773 ordinem
2082 1710 2235 1791 loqu·-

121 1831 255 1868 cum
299 1808 590 1889 pertinet„
634 1807 759 1866 haec
809 1808 1063 1889 pertinet
1104 1807 1179 1867 ad
1221 1808 1595 1867 historicum.
1640 1807 1932 1867 Nimirum
1972 1806 2236 1888 potentia

125 1902 358 1963 moralis
378 1900 782 1983 complectitur
801 1901 902 1961 illa
929 1902 1125 1965 omnia
1150 1902 1441 1962 elementa
1461 1901 1595 1960 facti
1618 1947 1634 1977 ,
1657 1903 1719 1960 in
1742 1900 1950 1983 quibus
1977 1900 2235 1960 humana

124 1999 271 2058 ratio
313 2019 412 2058 seu
450 1997 645 2079 potius
692 1997 1000 2056 hominum
1029 2018 1210 2079 genus
1227 2042 1244 2071 ,
1270 2020 1391 2056 non
1419 1999 1814 2066 abstractiw,
1843 1997 1946 2056 sed
1973 2006 2236 2055 concreto

125 2115 189 2153 ac
225 2091 366 2153 reali
412 2092 585 2152 modo
642 2103 968 2175 spectatum
1015 2112 1078 2150 ac
1124 2091 1421 2152 moraliter
1464 2091 1637 2151 simul
1685 2103 2025 2174 sumptum,
2068 2096 2238 2169 juxta

126 2198 467 2247 consuetum
509 2208 705 2246 rerum
750 2186 1018 2245 ordinem
1055 2198 1345 2249 versatum
1393 2187 1468 2245 sit
1504 2208 1568 2246 ac
1614 2207 1720 2268 per
1755 2208 1815 2246 se
1859 2185 2073 2247 debeat
2101 2206 2237 2248 ver·

125 2283 257 2342 sari.
298 2283 424 2340 Huc
448 2302 621 2362 porro
649 2291 916 2363 spectant
952 2302 1019 2340 ea
1043 2282 1236 2340 omnia
1265 2282 1386 2341 sive
1411 2281 1728 2340 intrinseca
1757 2281 1881 2341 sive
1909 2281 2236 2341 extrinseca

126 2375 581 2458 impedimenta,
617 2397 746 2457 quae
774 2396 1006 2456 semper
1043 2373 1376 2434 hominibus
1403 2373 1703 2435 collective
1727 2375 1975 2457 sumptis
2004 2375 2068 2433 in
2095 2396 2238 2456 cog-

129 2473 351 2531 nitione
412 2470 643 2529 illarum
692 2471 954 2553 ipsarum
1002 2472 1316 2530 veritatum
1356 2492 1462 2552 per
1517 2470 1706 2531 solum
1755 2470 1994 2535 rationis
2034 2470 2237 2537 lumen

131 2565 492 2647 assequenda
542 2555 783 2624 obstare¹
810 2564 1159 2626 debuerunt.
1202 2565 1330 2626 Huc
1368 2576 1592 2647 spectat
1643 2566 1896 2630 maxima
1930 2565 2239 2628 difficultas

126 2664 189 2721 in
225 2662 491 2723 veritatis
532 2662 1010 2740 investigatione,
1058 2683 1188 2742 quae
1229 2682 1460 2742 semper
1491 2660 1661 2739 longa
1704 2673 1762 2721 et
1811 2658 2068 2743 impleia
2113 2673 2234 2735 est,

126 2768 461 2818 constanter
498 2778 569 2817 ex
613 2757 783 2816 rectis
821 2758 1063 2816 rationis
1100 2755 1325 2838 legibus
1360 2756 1753 2839 procedendi,
1788 2758 2060 2818 ardentes
2085 2757 2240 2816 cohi·

127 2852 309 2914 bendi
350 2853 534 2912 animi
580 2852 960 2935 cupiditate3‚
1006 2874 1071 2912 ac
1123 2853 1385 2914 veritatis
1427 2853 1600 2911 unius
1636 2852 1892 2912 studium
1942 2851 2236 2927 sectandi,

129 2948 206 3008 ita
257 2959 360 3024 ut,
411 2948 570 3027 quod
613 2947 888 3030 praeclare
919 2947 1138 3010 evolvit
1165 2949 1223 3006 S.
1250 2946 1498 3008 Thomas
1522 2994 1539 3024 ‚
1574 2948 1808 3007 nonnisi
1831 2949 1999 3031 pauci
2019 2968 2085 3008 ac
2105 2958 2238 3030 post

130 3043 373 3123 longum
400 3055 634 3126 tempus
668 3055 843 3125 atque
881 3065 1016 3109 cum
1048 3042 1405 3106 admixtione
1443 3042 1768 3104 multorum
1811 3064 2110 3117 errorum,
2144 3063 2238 3116 eas

131 3139 438 3211 veritates,
480 3160 611 3221 quae
654 3139 829 3200 etiam
866 3140 1094 3199 ratione
1132 3135 1466 3219 investigari
1535 3148 1772 3221 possent
1796 3184 1812 3212 ,
1860 3159 2238 3221 assequeren-

132 3241 229 3289 tur
258 3233 367 3312 (2).
405 3236 530 3293 Huc
568 3234 806 3294 demum
847 3245 1070 3317 spectat
1096 3238 1333 3313 factum
1375 3234 1605 3316 ipsum,
1647 3234 1710 3292 in
1739 3255 1854 3315 quo
1888 3233 2012 3294 haec
2042 3236 2235 3293 omnia

134 3325 411 3408 implicite
441 3330 814 3390 continentur
835 3375 850 3405 .,
882 3328 1313 3404 indubitatum,
1353 3328 1679 3397 universale
1700 3374 1716 3404 ‚
1749 3340 2135 3411 perpetuum,
2164 3349 2236 3389 ex

204 3541 274 3604 (1)
297 3539 724 3614 Recolantur‚quae
738 3550 1001 3615 scripsimus
1013 3547 1148 3614 paulo
1230 3563 1334 3613 cap.
1366 3564 1433 3607 11¹,
1465 3545 1492 3613 S
1531 3563 1573 3596 1.

40 3625 85 3678 Γ
136 3630 245 3672 ante
271 3660 284 3683 ‚
323 3639 428 3672 cum
473 3640 708 3689 ageremus
751 3630 808 3679 de
849 3629 1144 3689 Traditione‚
1297 3628 1363 3691 (2)
1403 3627 1567 3679 Coner.
1595 3635 1724 3693 qam.
1749 3627 1840 3679 loc.
1875 3631 1954 3678 cit.
2009 3616 2044 3664 '-
