2502 4134
2081 132 2201 193 313

354 168 510 206 PART.
557 166 619 205 11.
666 166 819 204 ssscr.
863 164 933 203 11.
978 163 1103 202 cn.
1150 164 1240 201 111.
1290 160 1358 200 DE
1400 160 1534 198 MED.
1581 157 1728 198 snm.
1772 155 1937 195 uun.

96 313 457 394 Baptismum
494 307 790 367 innumeri
817 326 969 388 pene
1002 315 1326 386 suppetunt
1366 301 1587 384 lapides
1609 346 1625 375 ,
1665 295 1972 381 inquibus
2013 295 2206 378 perhi-

95 408 310 469 bentur
348 404 598 463 infantes
646 422 844 460 recens
883 401 1049 459 tincti
1078 401 1277 478 fideles
1311 419 1378 457 ac
1420 397 1703 475 neophyti
1729 391 2070 474 nuncupati.
2114 391 2205 450 Sic

97 503 256 586 apud
300 500 613 560 Victorium
659 520 874 557 novem
917 497 1208 556 mensium
1252 493 1446 576 puella
1497 493 1671 552 Teola
1710 492 1903 570 fidelis
1951 485 2209 571 appella-

101 611 196 658 tur
224 596 334 676 (l),
378 596 520 654 item
559 595 748 653 Victor
784 593 1013 651 dierum
1056 592 1257 649 LXXX
1294 586 1451 669 apud
1486 585 1818 645 Boldettum
1857 584 2210 663 Neophytus

99 693 308 751 dicitur
350 689 469 769 (2),
521 710 630 748 nec
670 711 791 747 non
838 687 1239 768 Apronianus,
1281 683 1381 762 qui
1418 701 1657 740 annum
1701 681 1949 759 aqebat,
1987 698 2212 737 menses

99 809 335 854 novem,
370 787 495 844 dies
535 788 832 863 quinque,
874 803 1009 841 cum
1046 781 1240 859 fidelis
1277 778 1344 854 de
1390 778 1580 835 seculo
1628 779 1867 833 recessit
1905 773 2023 854 (3),
2068 773 2214 831 item

101 882 406 943 Achilliam
446 880 822 959 Neophytam
853 882 1044 935 um‘us
1076 877 1237 933 anni
1269 874 1567 931 mensium
1614 869 1701 941 V,
1736 868 1975 929 exhibet
2022 870 2215 927 Mura-

101 979 284 1039 torius
320 977 435 1055 (4)3
467 987 532 1034 ut
563 973 672 1033 alia
701 973 931 1032 silentio
965 981 1377 1052 praetereamus
1402 966 1515 1046 (5).
1543 966 1627 1024 De
1662 966 2036 1024 Sacramento
2056 965 2217 1023 Con-

104 1072 444 1132 firmationis
489 1093 520 1128 a
557 1069 849 1149 Baptismo
887 1065 1160 1123 distincto
1201 1065 1359 1122 inter
1405 1072 1592 1121 cetera
1639 1061 1887 1130 occurrit
1916 1059 2218 1140 inscriptio

104 1168 176 1228 de
213 1168 488 1246 Picentia
529 1166 795 1242 leyitz'ma
823 1160 1136 1238 Neoph-yca
1164 1156 1419 1236 (jamdiu
1451 1155 1808 1236 baptizata),
1837 1156 1932 1212 die
1984 1156 2040 1216 V
2068 1154 2213 1213 Kal.

104 1265 261 1341 Sept.
296 1281 644 1320 consmna'ra
671 1278 707 1314 a
731 1257 966 1315 Liberio
995 1255 1069 1312 P.
1099 1254 1169 1312 F.
1194 1251 1351 1332 apud
1380 1253 1697 1310 Gruterum
1733 1250 1840 1330 (6).
1874 1251 1993 1308 Nec
2024 1249 2220 1307 minus

105 1356 346 1415 illustria
372 1364 541 1426 sunt,
573 1371 699 1433 quae
727 1360 1040 1409 occurrunt
1074 1349 1136 1406 in
1169 1345 1933 1422 veterum-Christianorum
1969 1344 2223 1425 inscrip-

111 1449 362 1509 tionibus
400 1447 474 1508 de
507 1446 651 1507 reali
685 1445 900 1505 Christi
930 1443 1240 1526 praesentia
1267 1443 1330 1500 in
1356 1440 1744 1513 Eucharistia,
1778 1450 1846 1496 ut
1878 1437 2056 1497 fidem
2089 1438 2226 1497 facit

108 1565 284 1624 graeca
322 1543 623 1624 inscriptio
668 1538 1069 1621 Augustoduni
1110 1559 1300 1619 nuper
1346 1547 1578 1618 reperta
1612 1536 1734 1614 (7),
1777 1535 1857 1593 ita
1898 1535 2116 1616 pariter
2153 1533 2227 1592 de

109 1639 476 1703 invocatione
490 1640 836 1698 Sanctorum
851 1655 1171 1718 eorumque
1189 1632 1370 1694 cultu.
1393 1632 1622 1692 Etenim
1648 1641 2042 1713 praeterquam
2062 1627 2221 1710 quod

183 1843 249 1907 (1)
287 1839 359 1889 In
410 1840 599 1888 dissert.
641 1836 935 1905 philoloqica
961 1873 980 1900 ‚
1035 1836 1131 1885 Ro-

117 1941 203 1971 mae
242 1923 358 1990 1751
387 1959 400 1982 ,
432 1941 535 1987 pag.
564 1916 646 1986 48.

190 2006 256 2069 (2)
300 2004 645 2052 Osseroazioni
677 2018 810 2052 sacre
836 2017 980 2068 sopra
1008 2001 1032 2049 i
1060 2002 1132 2049 ci-

117 2088 323 2144 miterii,
349 2105 454 2152 pag.
480 2084 599 2153 807.

190 2166 254 2231 (3)
294 2168 419 2217 lbid.
450 2186 554 2233 pag.
586 2166 706 2231 462.

1213 1837 1431 1895 struitur,
1464 1837 1675 1884 omnium
1711 1837 1893 1901 primus
1925 1853 2019 1884 suae
2046 1838 2232 1901 integri-

1213 1921 1299 1968 tati
1336 1921 1538 1968 restituit
1573 1936 1628 1967 ac
1665 1919 1912 1969 illustravit
1948 1919 2022 1968 Cl.
2061 1920 2234 1984 collega

1214 2019 1347 2051 meus
1378 2002 1457 2052 Jo.
1489 2002 1648 2051 Petrus
1683 2002 1872 2063 Secchi,
1916 2006 1964 2051 in
1997 2003 2086 2051 hac
2121 2003 2236 2051 Uni-

1213 2088 1428 2135 versitate
1466 2084 1744 2151 Gregoriana
1783 2085 2046 2152 philologiae
2088 2101 2237 2151 graeeae

1215 2171 1476 2234 professor,
1520 2171 1569 2216 in
1618 2168 1809 2218 Dissert.
1859 2187 2000 2235 quam
2045 2169 2154 2233 legit
2187 2170 2238 2216 in

191 2250 256 2311 (4)
292 2249 362 2296 In
392 2266 512 2297 novo
552 2249 806 2297 Thesauro
825 2257 1033 2296 veterum
1050 2248 1133 2295 in-

122 2333 466 2396 scriptionum,
489 2332 676 2380 mediol.
700 2329 823 2397 1742
840 2368 854 2393 ,
873 2332 1008 2382 class.
1024 2349 1133 2380 xxv.

124 2430 226 2477 pag.
266 2411 411 2478 1819.

198 2494 259 2558 (5)
284 2494 351 2542 Ex
374 2495 445 2542 his
463 2494 656 2560 aliisque
677 2494 1017 2554 monumentis,
1037 2510 1139 2559 quae

127 2576 183 2624 ad
204 2580 466 2640 primaevam
492 2576 742 2624 Ecclesiam
768 2581 980 2642 spectant
998 2612 1011 2633 ,
1042 2574 1140 2624 col-

127 2657 333 2721 ligimus,
364 2659 479 2723 quid
505 2658 800 2706 sentiendum
825 2661 883 2705 sit
903 2658 961 2705 de
978 2654 1138 2705 Shutt-

126 2738 347 2787 leworthii
376 2743 647 2798 assertione,
677 2738 862 2805 probari
890 2757 985 2787 non
1015 2756 1141 2804 posse

128 2819 355 2885 Baptisma
386 2822 681 2885 parvulorum
710 2839 764 2869 ex
792 2819 1064 2880 traditione,
1087 2838 1140 2869 eo

128 2904 251 2967 quod
278 2906 437 2967 primis
462 2897 643 2951 duobus
674 2903 838 2951 seculis
861 2902 919 2951 ab
938 2902 1141 2951 Ecclesia

129 2984 384 3050 Baptismus
410 2987 602 3034 collatus
640 3004 735 3034 non
767 2988 901 3034 suerit
935 2986 1141 3050 infanti-

129 3066 233 3115 bus.
253 3067 386 3118 Certe
408 3086 460 3116 ex
488 3069 577 3117 hoc
594 3071 693 3132 ipso
717 3069 914 3118 ostendit
932 3069 1010 3117 hic
1030 3086 1142 3116 auc-

132 3156 200 3195 tor
218 3185 231 3207 ,
260 3167 307 3198 se
332 3168 492 3214 parum
521 3161 756 3199 versatum
784 3169 880 3200 esse
908 3153 958 3200 in
989 3151 1141 3200 studio

133 3230 412 3294 antiquitatis
436 3233 711 3282 christianae.

201 3309 260 3371 (6)
286 3310 359 3360 Cf.
384 3313 590 3363 Zaccaria
609 3351 622 3374 ,
639 3315 813 3366 dissert.
836 3316 915 3364 cit.
939 3332 1037 3379 cap.
1062 3329 1139 3363 12.

205 3389 272 3453 (7)
309 3391 542 3443 Celebrem
587 3396 709 3444 hanc
751 3399 1100 3462 inscriptionem
1125 3432 1138 3456 ,

136 3487 237 3535 quae
265 3483 442 3535 reperta
470 3486 537 3524 est
564 3495 644 3527 an.
670 3475 823 3545 1839,
845 3496 936 3544 qua
956 3479 1144 3527 eviden-

138 3562 204 3600 ter
234 3553 365 3600 realis
396 3554 562 3605 Christi
591 3564 839 3624 praesentiae
871 3560 987 3609 sides
1019 3559 1144 3625 apud

135 3633 402 3683 christianos
421 3652 472 3684 111
491 3648 567 3686 aut
586 3655 634 3687 iv
654 3640 866 3690 Ecclesiae
886 3641 1040 3691 seculo
1060 3641 1143 3691 ad·

1218 2250 1464 2298 Academia
1475 2250 1893 2316 Archaeologicadie
1910 2268 1927 2299 1
1945 2251 1999 2299 1J
2005 2269 2083 2299 un.
2095 2248 2236 2313 1840,

1219 2331 1444 2399 typisque
1473 2333 1636 2380 eodem
1667 2350 1746 2381 an.
1776 2333 1995 2396 vulgavit.
2021 2332 2238 2380 Attamen

1220 2423 1476 2478 protestans
1512 2413 1763 2472 Franzisus‚
1793 2430 1901 2461 cum
1933 2431 2036 2462 eam
2071 2414 2239 2462 disser-

1219 2497 1439 2545 tationem
1456 2511 1509 2542 ac
1529 2495 1882 2545 illustrationem
1901 2495 2168 2561 postulasset
2193 2504 2240 2544 et

1222 2575 1346 2624 dono
1370 2578 1616 2641 accepisset
1644 2595 1671 2626 a
1700 2577 1760 2627 cl.
1790 2589 1974 2628 auctore
1992 2613 2007 2641 ,
2039 2580 2089 2626 in
2123 2576 2239 2625 Ger-

1222 2661 1378 2707 mania
1414 2659 1630 2724 deinceps
1661 2669 1761 2724 post
1788 2677 1966 2709 meuses
1993 2676 2073 2708 sex
2100 2658 2240 2708 tacito

1222 2744 1413 2791 nornine
1441 2744 1695 2808 expilavit‚
1730 2759 1785 2791 ac
1816 2744 1905 2792 sibi
1946 2743 2113 2807 plausit
2145 2753 2243 2790 tan-

1224 2841 1366 2889 quam
1401 2827 1551 2888 primo
1588 2826 1900 2889 inscriptionis
1935 2825 2242 2885 illustratori,

1223 2905 1330 2954 licet
1353 2906 1480 2954 illam
1509 2907 1726 2954 haereseos
1747 2906 1997 2955 lutheranae
2014 2906 2243 2970 figmentis

1225 2990 1636 3048 contaminaverit,
1669 2990 1822 3053 potius
1863 3005 2002 3053 quam
2035 2988 2238 3035 illustra-

1224 3054 1370 3132 verit,
1404 3070 1571 3118 fatetur
1599 3069 1827 3136 quidem,
1866 3087 1963 3117 non
2001 3070 2130 3118 aliter
2161 3086 2239 3117 ex-

1224 3151 1383 3216 plicari
1415 3169 1543 3216 posse
1570 3170 1711 3218 quam
1738 3153 1795 3200 de
1824 3152 1934 3201 reali
1961 3154 2204 3217 praesentia
2225 3188 2239 3210 ,

1224 3233 1302 3281 sed
1325 3235 1706 3299 impanationem
1736 3245 1779 3283 et
1799 3235 2146 3282 invinationem
2168 3234 2243 3282 lu-

1224 3314 1467 3364 theranam
1490 3316 1809 3365 miserabiliter
1825 3316 2055 3377 obtrudit,
2076 3333 2244 3382 quam-

1224 3400 1293 3446 vis
1322 3396 1614 3461 parona-lares
1647 3416 1699 3447 ex
1734 3390 2031 3464 inscriptione
2056 3415 2244 3465 quoque

1226 3483 1507 3544 apertissime
1531 3478 1877 3544 comprobetur.
1901 3479 1971 3529 De
2003 3481 2092 3528 hoc
2122 3479 2244 3526 litte-

1227 3563 1344 3609 rario
1371 3563 1556 3626 negotio
1583 3578 1638 3609 ex
1664 3563 1760 3626 ipsa
1792 3561 2035 3611 Germania
2055 3560 2245 3624 insignis

1229 3643 1327 3703 vir,
1359 3645 1440 3710 qui
1465 3643 1828 3693 dissertationem
1849 3645 2045 3709 primam
2066 3641 2247 3708 jamdiu
