2502 4134
305 106 421 166 350

894 129 1091 168 TRAGT.
1139 132 1208 168 DE
1252 132 1400 170 LOCIS
1443 136 1821 175 'rnnotoalcls-

303 271 608 331 distinctus
629 268 1066 352 psychologicus
1091 283 1275 331 status
1293 318 1310 349 ‚
1335 276 1510 354 fides,
1534 297 1649 357 qua
1669 279 1962 338 credimus
1985 282 2153 342 firme
2189 285 2422 344 veritati

301 367 456 426 illius
485 366 859 445 cognitioni5.,
887 388 951 426 ac
975 366 1336 446 objectorum
1358 391 1466 452 per
1493 392 1623 432 eam
1647 374 2010 452 cognitorum
2031 379 2282 439 realitati
2307 380 2421 459 (l).

299 461 471 523 Unde
504 461 791 521 certitudo
817 484 939 522 non
966 486 1037 523 ex
1069 465 1307 525 scientia
1337 465 1474 526 licet
1511 467 1797 528 intuitivae
1835 471 2140 534 evidentiae
2163 520 2179 549 ,
2224 476 2326 536 sed
2352 497 2425 536 ex

300 557 610 617 accedente
632 557 718 617 illi
746 558 859 618 fide
882 581 1048 618 suam
1067 559 1532 641 psychologicam
1555 563 1810 642 genesim
1825 609 1841 638 a
1864 572 1933 623 ut
1951 564 2111 648 loqui
2126 570 2426 649 adamant,

298 654 580 733 agnoscit.
615 654 682 713 In
716 676 784 714 eo
810 678 948 716 vero
974 654 1151 715 fidem
1185 661 1448 718 scientim
1473 679 1539 717 ac
1568 657 1745 717 fidem
1769 663 2151 722 auctoritatis
2179 687 2281 725 seu
2302 665 2426 724 his-

301 751 547 810 toricam
581 750 908 833 discrepare
928 798 944 827 ⁷
974 752 1130 833 quod
1161 775 1277 812 una
1312 754 1390 812 sit
1426 753 1568 813 fides
1598 757 1820 825 sciens,
1849 776 1915 814 ac-
1940 757 2190 838 proinde
2225 781 2427 820 neces-

307 847 489 921 saria,
538 846 720 907 altera
760 849 904 908 fides
949 870 1070 907 non
1116 852 1338 918 scien-3,
1384 871 1450 908 ac
1491 861 1800 931 propterea
1841 850 2044 911 libera.
2095 854 2179 912 Ex
2219 854 2428 936 quibus

300 956 589 1026 arguunt,
628 945 929 1005 scientiam
973 967 1075 1005 seu
1110 950 1261 1004 scire
1302 967 1538 1027 semper
1574 947 1638 1004 in
1676 948 1881 1028 quavis
1921 942 2251 1029 cognitione
2293 949 2428 1010 fidei

299 1040 670 1103 subordinari
707 1042 818 1124 (2).
866 1044 1002 1102 Haec
1036 1052 1191 1102 certe
1228 1041 1398 1101 nobis
1438 1041 1674 1123 probari
1711 1065 1834 1102 non
1877 1056 2159 1126 possunt3
2203 1047 2266 1103 1ο
2294 1046 2429 1127 quia

208 1162 210 1164 ·
296 1140 535 1201 scientia
562 1160 696 1200 cum
723 1139 872 1215 fide,
906 1142 1056 1198 scire
1090 1161 1224 1197 cum
1257 1140 1491 1198 credere
1526 1140 1762 1221 proprie
1792 1139 1975 1216 dicto,
2002 1141 2425 1215 confunditur,

299 1235 476 1319 idque
498 1258 619 1295 non
643 1236 767 1295 sin-e
792 1235 986 1317 aliquo
1012 1234 1221 1294 saltem
1246 1234 1380 1294 fidei
1404 1235 1865 1317 supernaturalis
1888 1236 2179 1317 pericu103
2200 1239 2268 1295 20
2295 1237 2431 1319 quia

301 1356 333 1392 a
383 1354 559 1392 sensu
602 1330 1022 1393 vocabulorum
1062 1330 1136 1390 ab
1187 1333 1456 1390 omnium
1505 1331 1991 1413 philosophorum
2027 1354 2092 1392 ac
2131 1332 2431 1411 theologo-

300 1452 467 1504 rum,
498 1429 641 1512 quin
675 1429 858 1488 immo
888 1427 961 1487 ab
999 1429 1124 1510 ipso
1160 1427 1458 1487 communi
1497 1427 1804 1487 hominum
1834 1429 2055 1506 judicio
2090 1450 2155 1487 ae
2192 1450 2297 1486 usu
2326 1429 2431 1487 fir-

299 1538 496 1602 mam,
534 1525 858 1605 receditur3
904 1524 969 1583 3⁰
1010 1524 1142 1606 quia
1187 1524 1578 1607 supponitur,
1623 1529 1772 1583 scire
1808 1524 1893 1582 nil
1936 1523 2096 1583 aliud
2143 1546 2270 1584 esse
2314 1524 2431 1583 nisi

300 1644 514 1704 purum
558 1622 810 1702 cogitare
856 1641 921 1679 ac
967 1641 1328 1700 cognoscere.
1390 1622 1564 1701 Atqui
1588 1665 1604 1694 ,
1653 1618 1943 1702 quidquid
1996 1619 2070 1680 de
2123 1631 2429 1680 transcen-

298 1716 632 1779 dentalibus
666 1718 771 1792 sit,
815 1727 971 1776 certe
1006 1720 1159 1774 seire
1194 1727 1283 1775 est
1308 1714 1597 1793 judicium
1633 1714 1707 1774 de
1745 1714 1938 1795 aliqua
1973 1736 2035 1775 re
2065 1715 2305 1774 firmum
2350 1713 2425 1773 ob

372 1926 437 1989 (l)
475 1925 540 1974 lta
573 1924 784 1989 exemplo
817 1941 916 1971 rem
949 1921 1163 1986 explanat
1195 1921 1321 1986 prof.

301 2009 481 2057 Baltzer
514 2025 527 2055 :
557 2006 683 2055 Cum
714 2021 796 2067 eqo
826 2021 900 2052 ex.
927 2020 1004 2068 qr.
1037 2005 1187 2068 eoqito
1208 2004 1326 2049 sim-

292 2089 521 2157 pliciter,
554 2088 681 2153 quod
709 2085 839 2136 Deus
868 2090 1070 2146 πίεται,
1107 2084 1184 2131 m‘l
1209 2084 1322 2132 hac-

300 2179 438 2220 tenus
468 2170 614 2218 habeo
632 2170 734 2216 nisi
750 2168 1110 2231 coqitationem,
1139 2165 1323 2213 ideam-

299 2270 390 2319 que
444 2251 537 2302 Dei
588 2253 643 2298 in
694 2250 989 2298 conscientia
1053 2265 1158 2295 mea
1184 2258 1204 2308 ,'
1264 2262 1321 2295 ac

298 2341 633 2398 consequenter
662 2347 887 2397 eoquo-sco
919 2339 965 2379 et
992 2331 1091 2378 scio
1122 2328 1317 2389 Deum,

298 2426 533 2483 quatenus
560 2415 776 2465 homines
798 2415 857 2463 de
888 2430 939 2462 eo
967 2399 1229 2478 loquuntur
1246 2429 1323 2460 ve-

298 2501 397 2549 luti
420 2500 479 2548 de
503 2509 631 2559 eme,
667 2498 794 2564 quod
814 2482 1202 2564 praesupponunt
1224 2511 1254 2542 a
1275 2512 1323 2543 se

301 2585 425 2651 ipsis
456 2582 710 2631 dualistiee
727 2579 1175 2630 contradistinetum
1193 2613 1208 2639 ,
1242 2577 1325 2625 sed

302 2666 518 2715 nondum
564 2665 709 2713 habeo
742 2664 1222 2731 praesuppositionem
1266 2663 1323 2709 in

304 2767 377 2797 me
405 2748 644 2797 realitatis
675 2746 798 2808 Dei,
829 2763 967 2811 quem
996 2747 1167 2809 coqito.
1201 2742 1324 2792 Hoec

301 2830 501 2879 realitas
515 2839 700 2878 tantum
715 2826 1093 2893 mihipraebetur
1106 2842 1165 2874 ex
1176 2827 1229 2873 F
1225 2825 1322 2883 ide,

302 2932 411 2979 quw
438 2914 504 2964 ad
535 2915 870 2979 coqitationem
898 2910 1247 2977 superaeeedit‚
1267 2912 1324 2957 in

305 3016 401 3063 qua
445 2998 640 3064 quidem
676 2997 776 3062 fide
818 3012 900 3061 eqo
943 2995 1237 3043 determinor
1260 2993 1326 3042 ad

307 3080 572 3130 realitatem
590 3081 693 3129 Dei
705 3081 906 3145 coqitati
918 3077 1193 3134 tenendam,
1213 3086 1325 3125 tan-

305 3180 451 3229 quam
473 3166 598 3212 entis
618 3180 782 3212 revera
805 3171 941 3211 eaetra
965 3179 1039 3209 me
1057 3160 1322 3209 emittentis.

308 3244 436 3294 Ibid.
467 3264 571 3311 pag.
597 3245 686 3295 66.

378 3326 442 3390 (2)
479 3326 647 3389 Certe,
684 3337 736 3376 ut
770 3326 933 3376 eodem
971 3324 1182 3389 exemplo
1223 3335 1327 3373 utar

308 3407 549 3469 Auctoris,
586 3426 694 3457 cum
728 3427 810 3474 ego
842 3412 935 3458 scio
954 3445 968 3467 ‚
1006 3406 1170 3455 Deum
1198 3407 1327 3454 emis-

309 3499 435 3553 τετε,
483 3508 581 3539 non
619 3492 771 3555 coqito
815 3493 1057 3539 dumtaxat
1094 3488 1151 3537 de
1193 3488 1323 3548 Deo,

309 3574 538 3640 illumque
569 3588 792 3637 cognosco
827 3573 951 3621 velut
978 3589 1060 3620 ens
1089 3571 1326 3637 quoddam

304 3654 531 3721 possibile
559 3664 604 3704 et
635 3654 924 3704 abstractum
939 3671 962 3717 ,·
995 3653 1075 3703 sed
1107 3669 1165 3702 ex
1198 3655 1327 3718 prin-

1408 1922 1528 1985 cipio
1558 1919 1879 1986 metaphysico
1896 1918 2184 1969 causalitatis
2209 1938 2432 1985 cognosco

1407 2003 1542 2050 ilium
1583 2003 1722 2050 veluti
1762 2019 1843 2050 ens
1886 2020 2039 2050 revera
2083 2020 2137 2050 ac
2179 2001 2432 2051 necessario

1410 2088 1631 2147 existens,
1668 2103 1722 2133 ac
1755 2085 1992 2133 evidenter
2015 2084 2153 2134 video
2176 2123 2189 2145 ‚
2217 2087 2430 2149 impossi-

1409 2167 1505 2215 bile
1534 2167 1844 2232 metaphysice
1880 2184 1975 2214 esse
1993 2203 2007 2222 ,
2046 2178 2098 2215 ut
2125 2185 2220 2214 non
2252 2168 2430 2216 existat.

1411 2249 1558 2313 Igitur
1586 2251 1637 2297 in
1666 2249 1755 2296 hoc
1792 2250 1914 2296 scire
1950 2250 2008 2297 de
2047 2248 2146 2298 Deo
2179 2249 2435 2297 includitur

1407 2333 1643 2399 judicium
1660 2367 1674 2391 ,
1694 2348 1747 2379 ac
1773 2332 1970 2396 proinde
1998 2348 2212 2380 assensus
2240 2331 2422 2380 intelle-

1410 2426 1509 2464 ctus
1550 2416 1743 2464 realitati
1768 2418 1927 2480 ipsius.
1964 2414 2139 2463 Verum
2172 2425 2271 2475 est,
2307 2415 2434 2481 quod

1411 2500 1469 2547 ad
1498 2499 1588 2547 hoc
1608 2536 1621 2558 ‚
1659 2506 1712 2547 ut
1748 2501 1980 2563 persuasio
2008 2498 2096 2546 hae
2129 2499 2187 2547 de
2219 2514 2269 2546 re
2302 2498 2435 2546 firma

1410 2592 1455 2631 et
1486 2584 1680 2629 immota
1719 2591 1931 2643 maneat,
1969 2581 2167 2629 adhaesio
2209 2582 2345 2629 etiam
2381 2597 2435 2628 ex

1410 2675 1538 2729 parte
1569 2664 1815 2711 voluntatis
1845 2666 1894 2710 in
1927 2663 2106 2711 actibus
2132 2659 2328 2724 reflexis
2359 2678 2433 2709 re-

1411 2748 1652 2811 quiratur;
1680 2747 1758 2793 sed
1777 2763 1885 2793 cum
1898 2745 2129 2811 judicium
2145 2744 2287 2802 illud,
2308 2743 2434 2808 quod

1411 2828 1699 2875 intellectum
1740 2829 1913 2876 directe
1958 2828 2235 2876 determinat
2270 2825 2326 2871 ad
2363 2840 2435 2872 as-

1411 2927 1598 2958 sensum
1619 2946 1632 2969 ,
1653 2913 1710 2958 sit
1725 2910 2030 2958 ‘evidentibus
2057 2907 2313 2956 rationibus
2337 2908 2435 2954 suf-

1411 2992 1582 3040 fultum
1603 3029 1616 3051 ,
1653 2992 1894 3051 voluntas,
1924 2993 2013 3038 nisi
2042 3007 2170 3038 suam
2203 2989 2434 3036 rationali-

1412 3085 1555 3123 tatem
1585 3092 1851 3139 oppugnare
1881 3073 2014 3130 velit‚
2035 3072 2185 3119 eidem
2207 3070 2434 3119 adhaerere

1413 3157 1627 3219 debebit3
1653 3157 1780 3221 quod
1808 3173 1915 3204 cum
1943 3155 2079 3202 faciat
2105 3171 2200 3201 non
2230 3171 2283 3200 ex
2306 3153 2433 3216 fide,

1413 3240 1493 3289 sed
1535 3256 1588 3287 ex
1629 3239 1822 3287 veritate
1857 3237 2093 3285 evidenter
2129 3237 2312 3300 cognita
2335 3272 2348 3293 ‚
2386 3234 2435 3282 id

1412 3323 1561 3371 facere
1602 3321 1817 3368 voluntas
1870 3318 2063 3366 dicenda
2112 3330 2195 3365 est.
2247 3316 2431 3364 Falsum

1414 3405 1701 3470 suppositum
1736 3402 1876 3467 hujus
1912 3402 2170 3467 systematis
2203 3399 2255 3446 in
2286 3416 2340 3446 eo
2365 3400 2431 3445 vi-

1414 3488 1549 3536 detur
1581 3502 1707 3544 esse,
1741 3484 1867 3550 quod
1892 3501 2102 3531 assensus
2130 3482 2321 3531 realitati
2349 3480 2432 3528 ob-

1410 3571 1587 3637 jectivae
1627 3578 1807 3615 tautum
1851 3568 2105 3627 voluntati,
2151 3582 2247 3613 non
2294 3564 2432 3612 etiam

1413 3649 1667 3702 intellectui
1692 3649 1923 3698 tribuatur
1942 3685 1956 3710 ,
1991 3648 2117 3715 quod
2146 3647 2313 3697 falsum
2341 3652 2428 3692 est.
