2502 4134
275 146 354 205 32
901 166 1101 203 macr.
1150 165 1218 201 na
1265 163 1417 201 roms
1461 165 1842 204 rnnorocmis.

359 312 462 371 46.
513 310 602 371 Ad
637 311 747 385 7¹¹¹,
790 310 950 370 Dm.
987 310 1099 384 Qui
1129 308 1385 389 allegant
1410 308 1517 369 hos
1554 310 1734 372 libros
1768 312 1949 373 veluti
1983 315 2375 395 Scriptaram
2392 359 2414 386 ,

276 406 529 491 putandi
558 429 682 466 non
706 417 848 465 sunt
877 427 974 466 eos
1002 407 1066 465 in
1100 406 1228 487 pari
1257 403 1442 484 gradu
1465 404 1739 468 habuisse
1767 430 1834 467 ac
1864 407 2044 468 libros
2075 411 2379 483 canonicos
2397 457 2412 484 7

277 503 475 588 quoad
501 503 912 563 auctoritatem
948 506 1348 562 extrinsecam
1369 548 1386 570 ,
1421 522 1613 572 conc.,·
1639 504 1834 586 quoad
1870 505 2276 564 auctoritatem
2312 510 2416 565 in-

275 607 666 671 strinsecam,
696 622 825 681 neq.
863 601 1033 660 Certe
1071 598 1144 658 de
1178 596 1342 656 libris
1366 601 1865 682 proto-canonicis
1903 622 2211 682 nunquam
2241 601 2419 661 dubi-

277 700 423 759 tatio
454 709 658 758 exorta
692 708 781 757 est
800 743 815 771 .‚
857 707 1064 778 utpote
1095 696 1160 754 in
1197 715 1424 754 canone
1454 694 1528 755 ab
1558 696 1806 756 Ecclesia
1835 697 2154 758 universali
2183 710 2418 779 recepto

278 795 589 855 contentis·
627 792 831 867 Quoad
866 790 1120 872 reliquos
1155 811 1328 865 vem,
1365 811 1539 865 cum,
1586 801 1654 850 ut
1693 791 2066 873 exploratum
2111 805 2238 868 est,
2294 815 2419 852 non

276 891 484 974 pauci,
540 889 644 950 sed
687 887 1013 948 universim
1048 907 1254 945 omnes
1284 885 1391 945 hos
1435 885 1616 946 libros
1659 888 1745 945 uti
1788 886 2016 948 divinos
2052 901 2112 949 et
2155 890 2419 972 Scriptu-

276 1009 408 1047 ram
459 1007 683 1046 sacram
717 1005 821 1043 seu
849 982 1132 1044 divinitus
1183 983 1536 1063 inspiratam
1565 982 1914 1059 habuerint,
1958 1005 2055 1043 eos
2099 986 2187 1044 uti
2214 987 2418 1070 Scrip-

276 1095 473 1143 turam
506 1080 891 1162 allegaverint
931 1079 1110 1138 etiam
1140 1077 1423 1138 adversus
1463 1079 1767 1138 haereticos
1799 1092 2134 1161 pugnantes
2154 1126 2170 1154 ,
2202 1081 2324 1142 imo
2361 1095 2421 1142 et

277 1179 511 1260 allegati
543 1177 618 1238 ab
643 1171 808 1259 ‘ipsis-
836 1175 1124 1236 haereticis
1159 1174 1344 1235 veluti
1386 1176 1683 1257 Scriptura
1718 1178 1938 1236 fuerint
1961 1223 1977 1249 .,
2016 1176 2289 1237 dubitare
2321 1200 2423 1240 ne-

278 1276 442 1360 quit,
489 1275 633 1358 quin
685 1270 957 1334 eamdem
999 1271 1381 1331 intrinsecam
1431 1272 1572 1354 ipsis
1624 1274 2032 1334 auctoritatem
2078 1274 2414 1335 tribuerint.

278 1375 428 1434 Cum
455 1383 659 1431 tamen
691 1368 977 1429 hactenus
1018 1368 1265 1429 Ecclesia
1308 1368 1584 1429 universa
1623 1368 1857 1428 nullum
1901 1392 2189 1430 canonem
2222 1372 2420 1431 confe-

278 1469 450 1529 cisset
466 1514 481 1543 .,
502 1466 634 1526 ideo
662 1466 802 1547 ipsis
827 1464 941 1524 sub
967 1464 1079 1523 hoc
1100 1476 1371 1546 respectu
1399 1486 1522 1523 non
1545 1465 1816 1525 eamdem
1839 1487 1905 1525 ac
1931 1467 2421 1548 proto-canonicis

268 1563 584 1644 juridicam
609 1607 625 1637 ,
667 1573 735 1621 ut
770 1561 854 1620 ita
894 1559 1089 1620 dicam
1110 1606 1125 1635 ‚
1167 1571 1227 1620 et
1256 1559 1661 1620 authenticam
1694 1563 2107 1622 auctoritatem
2151 1560 2422 1622 tribuisse

278 1659 355 1720 ad
381 1658 744 1739 judicantur.
791 1655 961 1730 Quod
995 1678 1138 1717 vero
1183 1655 1454 1735 adjicitur
1486 1655 1803 1719 discrimen
1833 1659 1992 1719 inter
2029 1658 2210 1717 libros
2239 1679 2422 1719 cano-

277 1760 443 1816 nicos
477 1767 538 1815 et
566 1756 1015 1824 ecclesiastico&
1057 1751 1218 1835 quod
1256 1753 1352 1811 isti
1382 1764 1620 1813 tantum
1654 1753 1997 1835 legerentur
2035 1755 2098 1812 in
2134 1754 2418 1828 ecclesiiS‚

279 1852 578 1912 somnium
620 1849 1089 1910 adversariorum
1135 1860 1246 1908 est.
1296 1850 1447 1908 Nam
1489 1849 1536 1908 si
1574 1850 1931 1933 quandoque
1980 1850 2424 1932 distinguuntur

277 1948 413 2008 libri
439 1949 502 2007 in
526 1947 835 2006 canonicos
875 1957 933 2005 et
958 1945 1402 2019 ecclesiasticOS‚
1434 1945 1567 2005 ideo
1598 1958 1687 2005 est
1721 1947 1857 2029 quia
1894 1947 2071 2029 primi
2096 1947 2158 2005 in
2199 1968 2423 2006 canone

278 2046 498 2127 recepti
535 2054 730 2104 essent
752 2088 769 2119 ,
813 2042 994 2103 ceteri
1023 2042 1109 2100 uti
1143 2040 1332 2103 divini
1363 2040 1734 2102 haberentur
1762 2065 1835 2103 ex
1872 2042 2246 2102 ecclesiarum
2275 2064 2383 2100 usu
2406 2088 2421 2116 7

279 2312 379 2344 non
434 2294 727 2343 obstantibus
790 2293 1004 2360 pluribus
1062 2292 1306 2341 codicibus
1388 2290 1542 2356 xime,
1570 2288 1637 2343 gre
1662 2294 1855 2360 Ἑβραῖοι
1882 2299 1946 2360 τῷ
1969 2288 2126 2359 Τωβῖςι
2140 2293 2187 2343 ου’
2204 2297 2421 2359 χρὸνται,

2411 2364 2424 2389 ἱ

279 2393 469 2447 magnae
525 2378 807 2426 auctoritatis
836 2414 849 2437 ‚
906 2385 1068 2424 contra
1109 2392 1307 2424 ‘sensum

279 2461 527 2510 doctorum
555 2461 804 2508 hominum
822 2496 835 2518 ,
864 2461 1141 2518 correxerit,
1172 2458 1309 2524 quod

279 2543 449 2609 legitur
479 2545 530 2590 in
563 2543 793 2608 parallelis
826 2540 1024 2607 prologis
1053 2539 1103 2591 S.
1139 2540 1309 2590 Hiero-

280 2629 412 2692 nymi
446 2629 495 2674 in
526 2627 615 2674 lib.
648 2626 803 2674 Tohiae
832 2638 878 2676 et
911 2626 1108 2686 Judith‚
1139 2625 1308 2689 haqio-

279 2707 465 2773 grapha
487 2710 537 2756 in
557 2707 856 2773 apocrypha.
881 2707 1207 2755 Martianaeum
1236 2723 1309 2753 se-

281 2802 414 2840 cutus
469 2800 537 2839 est
589 2789 843 2838 Vallarsius
875 2824 891 2852 ‚
954 2790 1036 2854 qui
1096 2786 1310 2853 pluribus

283 2875 565 2940 argumentis
601 2872 851 2921 lectionem
884 2870 1139 2919 Martianaei
1176 2886 1308 2918 com-

283 2959 468 3006 munire
496 2958 622 3004 nisus
648 2966 735 3004 est.
765 2955 845 3003 Ast
873 2971 1114 3019 perperam
1133 2989 1147 3011 ‚
1174 2963 1227 3000 ut
1256 2970 1309 3000 ex

285 3039 420 3088 dictis
438 3039 605 3105 liquet.
634 3037 732 3087 Nec
754 3039 842 3102 ipsi
871 3037 1021 3096 favet,
1042 3035 1172 3102 quod
1198 3037 1311 3083 scri-

283 3122 355 3170 bit
394 3121 614 3188 Origenes
654 3124 704 3170 in
746 3119 914 3187 Epist.
962 3118 1028 3167 ad
1074 3117 1307 3183 African.

285 3222 338 3253 n.
385 3206 477 3265 13,
512 3204 621 3252 edit.
658 3203 811 3252 Maur.
845 3214 962 3251 tom.
994 3218 1045 3262 1,
1079 3218 1185 3267 pag.
1222 3198 1308 3252 26.

286 3285 434 3347 Nam,
469 3286 648 3335 sibene
677 3286 945 3336 attendatur
963 3284 1023 3334 ad
1042 3284 1180 3333 verba
1208 3283 1314 3331 Ori—

287 3370 439 3434 geniS,
477 3385 575 3416 non
600 3367 807 3416 absolute
827 3367 1062 3426 affirmat,
1094 3365 1315 3414 Hebraeos

288 3450 430 3501 libros
447 3450 604 3499 Tobiae
620 3459 665 3498 et
678 3450 705 3498 J
710 3449 845 3499 udith
875 3453 996 3499 inter
1022 3449 1315 3515 apocryphos

290 3544 588 3600 computare,
623 3533 703 3582 sed
736 3533 889 3581 solum
920 3550 997 3581 eos
1036 3534 1086 3580 in
1119 3547 1313 3597 apocry-

291 3619 395 3683 phis
419 3616 635 3666 hebraica
661 3634 759 3664 non
783 3615 972 3664 habere.
993 3615 1065 3663 En
1089 3619 1189 3680 ejus
1214 3633 1317 3663 ver-

291 3700 351 3753 ba
379 3719 391 3749 t
417 3697 522 3769 Περὶ
553 3696 598 3750 οὗ
619 3696 846 3764 (Τοβιάις)
880 3698 1002 3753 ἡμᾶς
1033 3699 1158 3763 ἐχρῆν
1189 3698 1317 3756 ἔγνω-

1390 2374 1498 2426 οᾶδέ
1520 2386 1577 2446 τῇ
1616 2375 1792 2433 Ιουόἧθ·
1823 2374 1928 2427 ου’δέ
1963 2374 2053 2443 γοῖρ
2099 2374 2278 2439 ’ἔχουσιν
2305 2376 2420 2424 aeo'rae

1389 2457 1466 2510 xa)
1487 2462 1524 2510 ἐν
1552 2460 1834 2528 οἷποκρόφοις
1863 2460 2083 2527 ἑβραϊστί·
2107 2461 2162 2513 ὦς
2179 2460 2259 2509 ἐπ’
2281 2459 2419 2506 αὖα-ὢν

1389 2543 1627 2607 μεθέντες
1688 2543 1963 2606 ἐγνώκειμεν.
2022 2543 2132 2607 Quae
2181 2544 2247 2588 sic
2312 2557 2418 2588 ver-

1388 2637 1554 2675 tuntur
1574 2643 1600 2673 a
1628 2626 1699 2673 De
1722 2625 1787 2673 La
1801 2625 1903 2673 Rue
1924 2642 1939 2674 z
1963 2621 2020 2670 V
2015 2640 2150 2671 erum
2169 2639 2255 2671 nos
2276 2639 2416 2688 opor-

1389 2717 1454 2758 tet
1475 2710 1602 2755 scire
1624 2744 1635 2763 ,
1669 2706 1900 2754 Hebroeos
1939 2705 2096 2754 Tobia
2115 2723 2213 2753 non
2237 2707 2313 2753 uti
2338 2706 2418 2769 (id

1391 2800 1456 2839 est
1486 2788 1676 2854 publice
1713 2807 1810 2837 non
1849 2789 2012 2853 legunt
2042 2791 2094 2836 in
2133 2787 2418 2855 synagoga),

1390 2888 1539 2936 neque
1549 2870 1588 2917 J
1588 2870 1727 2919 aelith
1738 2908 1747 2918 .
1759 2869 1855 2919 Nec
1867 2873 1997 2919 enim
2012 2870 2094 2919 hos
2111 2870 2258 2919 libros
2274 2873 2421 2919 etiam

1391 2956 1447 3002 in
1477 2953 1766 3019 apocryphis
1791 2953 2012 3002 hebraice
2042 2953 2245 3014 habent,
2282 2962 2336 3002 ut
2358 2953 2420 3001 ab

1391 3038 1516 3102 ipsis
1536 3035 1820 3084 didicimus.
1845 3035 1912 3083 Ad
1930 3037 2109 3084 librum
2127 3054 2234 3084 vero
2252 3034 2280 3083 J
2286 3035 2418 3083 udith

1392 3121 1443 3166 in
1486 3121 1635 3184 specie
1679 3119 1804 3184 quod
1856 3119 2026 3168 attinet
2048 3157 2062 3179 ‚
2104 3129 2281 3167 certum
2322 3128 2419 3179 est,

1392 3218 1521 3250 nunc
1548 3201 1607 3250 ab
1641 3200 1850 3250 Hebraeis
1879 3199 1982 3266 ejus
2010 3199 2252 3249 historiam
2271 3202 2322 3247 in
2343 3217 2419 3265 sy-

1393 3286 1581 3351 nagogis
1605 3283 1694 3349 legi
1720 3286 1868 3348 primo
1894 3283 2086 3332 sabbato
2111 3292 2214 3331 octo
2235 3282 2419 3330 dierum

1395 3369 1497 3416 festi
1523 3367 1823 3417 dedicationis
1840 3366 2177 3428 (encaeniorum
2194 3366 2226 3427 )‚
2246 3375 2291 3414 et
2317 3384 2422 3430 par-

1396 3461 1492 3500 tem
1519 3449 1797 3499 constituere
1819 3447 1959 3497 officii
1981 3448 2155 3513 publici
2176 3450 2416 3497 matutini.

1395 3532 1506 3581 Vid.
1544 3531 1708 3581 Yotaer
1739 3529 2031 3580 leschabbat
2059 3531 2270 3579 Risi-hon
2298 3528 2424 3578 schel

1407 3614 1672 3663 Hhameca.
