<?xml version="1.0" encoding="UTF-8"?>
<!DOCTYPE html PUBLIC "-//W3C//DTD XHTML 1.0 Transitional//EN"
    "http://www.w3.org/TR/xhtml1/DTD/xhtml1-transitional.dtd">
<html xmlns="http://www.w3.org/1999/xhtml" xml:lang="en" lang="en">
 <head>
  <title>
</title>
<meta http-equiv="Content-Type" content="text/html;charset=utf-8" />
  <meta name='ocr-system' content='tesseract 3.04.00' />
  <meta name='ocr-capabilities' content='ocr_page ocr_carea ocr_par ocr_line ocrx_word'/>
</head>
<body>
  <div class='ocr_page' id='page_1' title='image "a603693809perruoft_0178.png"; bbox 0 0 2502 4134; ppageno 0'>
   <div class='ocr_carea' id='block_1_1' title="bbox 267 108 379 166">
    <p class='ocr_par' dir='ltr' id='par_1_1' title="bbox 267 108 379 166">
     <span class='ocr_line' id='line_1_1' title="bbox 267 108 379 166; baseline 0.009 -1"><span class='ocrx_word' id='word_1_1' title='bbox 267 108 379 166; x_wconf 89' lang='grc'>170</span> 
     </span>
    </p>
   </div>
   <div class='ocr_carea' id='block_1_2' title="bbox 869 131 1796 175">
    <p class='ocr_par' dir='ltr' id='par_1_2' title="bbox 869 131 1796 175">
     <span class='ocr_line' id='line_1_2' title="bbox 869 131 1796 175; baseline 0.008 -7"><span class='ocrx_word' id='word_1_2' title='bbox 869 131 1070 170; x_wconf 75' lang='lat' dir='ltr'>TRACT.</span> <span class='ocrx_word' id='word_1_3' title='bbox 1118 133 1186 170; x_wconf 75' lang='grc' dir='ltr'>ΒΕ</span> <span class='ocrx_word' id='word_1_4' title='bbox 1230 132 1381 171; x_wconf 73' lang='lat' dir='ltr'>LOCIS</span> <span class='ocrx_word' id='word_1_5' title='bbox 1425 136 1796 175; x_wconf 80' lang='lat' dir='ltr'>THEOLOGICIS·</span> 
     </span>
    </p>
   </div>
   <div class='ocr_carea' id='block_1_3' title="bbox 243 280 2414 2281">
    <p class='ocr_par' dir='ltr' id='par_1_3' title="bbox 254 280 2392 1029">
     <span class='ocr_line' id='line_1_3' title="bbox 263 280 2387 359; baseline 0.005 -28"><span class='ocrx_word' id='word_1_6' title='bbox 263 283 411 342; x_wconf 79' lang='lat' dir='ltr'>tores</span> <span class='ocrx_word' id='word_1_7' title='bbox 442 281 591 344; x_wconf 77' lang='lat' dir='ltr'>mei,</span> <span class='ocrx_word' id='word_1_8' title='bbox 614 287 739 334; x_wconf 89' lang='lat' dir='ltr'>tam</span> <span class='ocrx_word' id='word_1_9' title='bbox 758 285 1156 354; x_wconf 70' lang='lat' dir='ltr'>protestantes</span> <span class='ocrx_word' id='word_1_10' title='bbox 1190 297 1376 353; x_wconf 86' lang='lat' dir='ltr'>quam</span> <span class='ocrx_word' id='word_1_11' title='bbox 1395 280 1699 357; x_wconf 69' lang='lat' dir='ltr'>ponteficii</span> <span class='ocrx_word' id='word_1_12' title='bbox 1710 323 1730 352; x_wconf 87' lang='lat'><em>,</em></span> <span class='ocrx_word' id='word_1_13' title='bbox 1752 282 1937 359; x_wconf 80' lang='lat' dir='ltr'>facile</span> <span class='ocrx_word' id='word_1_14' title='bbox 1961 282 2387 353; x_wconf 71' lang='lat' dir='ltr'><strong><em>recordantur,</em></strong></span> 
     </span>
     <span class='ocr_line' id='line_1_4' title="bbox 260 369 2389 456; baseline 0.005 -29"><span class='ocrx_word' id='word_1_15' title='bbox 260 380 619 449; x_wconf 77' lang='lat' dir='ltr'><em>quantopere</em></span> <span class='ocrx_word' id='word_1_16' title='bbox 652 390 750 451; x_wconf 74' lang='lat' dir='ltr'>eqo</span> <span class='ocrx_word' id='word_1_17' title='bbox 801 369 1077 451; x_wconf 75' lang='lat' dir='ltr'>Vulqatoe</span> <span class='ocrx_word' id='word_1_18' title='bbox 1119 391 1300 429; x_wconf 76' lang='lat' dir='ltr'>usum</span> <span class='ocrx_word' id='word_1_19' title='bbox 1351 382 1483 431; x_wconf 85' lang='lat' dir='ltr'>tum</span> <span class='ocrx_word' id='word_1_20' title='bbox 1524 378 1810 433; x_wconf 76' lang='lat' dir='ltr'>criticum</span> <span class='ocrx_word' id='word_1_21' title='bbox 1850 388 1980 435; x_wconf 83' lang='lat' dir='ltr'>tum</span> <span class='ocrx_word' id='word_1_22' title='bbox 2030 381 2389 456; x_wconf 76' lang='lat' dir='ltr'>eoeeqeticum</span> 
     </span>
     <span class='ocr_line' id='line_1_5' title="bbox 258 466 2389 553; baseline 0.005 -30"><span class='ocrx_word' id='word_1_23' title='bbox 258 466 695 538; x_wconf 81' lang='lat' dir='ltr'>commendem,</span> <span class='ocrx_word' id='word_1_24' title='bbox 745 470 985 545; x_wconf 75' lang='lat' dir='ltr'>ejusque</span> <span class='ocrx_word' id='word_1_25' title='bbox 1022 477 1426 546; x_wconf 78' lang='lat' dir='ltr'>contemptum</span> <span class='ocrx_word' id='word_1_26' title='bbox 1464 474 1793 548; x_wconf 71' lang='lat' dir='ltr'><em>vituperem</em></span> <span class='ocrx_word' id='word_1_27' title='bbox 1820 470 1935 551; x_wconf 88' lang='lat' dir='ltr'>(l)</span> <span class='ocrx_word' id='word_1_28' title='bbox 1979 472 2115 531; x_wconf 86' lang='lat' dir='ltr'>Haec</span> <span class='ocrx_word' id='word_1_29' title='bbox 2147 471 2389 553; x_wconf 89' lang='lat' dir='ltr'>quidem</span> 
     </span>
     <span class='ocr_line' id='line_1_6' title="bbox 259 560 2387 649; baseline 0.003 -30"><span class='ocrx_word' id='word_1_30' title='bbox 259 560 540 621; x_wconf 84' lang='lat' dir='ltr'><strong>doctiores</strong></span> <span class='ocrx_word' id='word_1_31' title='bbox 586 572 978 644; x_wconf 79' lang='lat' dir='ltr'>protestantes</span> <span class='ocrx_word' id='word_1_32' title='bbox 1019 574 1244 622; x_wconf 88' lang='lat' dir='ltr'>veteres</span> <span class='ocrx_word' id='word_1_33' title='bbox 1276 573 1337 621; x_wconf 91' lang='lat' dir='ltr'>et</span> <span class='ocrx_word' id='word_1_34' title='bbox 1388 565 1770 640; x_wconf 66' lang='lat' dir='ltr'>recentioreS‚</span> <span class='ocrx_word' id='word_1_35' title='bbox 1815 566 2026 648; x_wconf 89' lang='lat' dir='ltr'>quibus</span> <span class='ocrx_word' id='word_1_36' title='bbox 2058 566 2256 649; x_wconf 82' lang='lat' dir='ltr'>plures</span> <span class='ocrx_word' id='word_1_37' title='bbox 2289 567 2387 627; x_wconf 87' lang='lat' dir='ltr'>alii</span> 
     </span>
     <span class='ocr_line' id='line_1_7' title="bbox 257 655 2392 742; baseline 0.003 -27"><span class='ocrx_word' id='word_1_38' title='bbox 257 655 394 716; x_wconf 90' lang='lat' dir='ltr'>addi</span> <span class='ocrx_word' id='word_1_39' title='bbox 418 670 694 740; x_wconf 73' lang='lat' dir='ltr'>possent3</span> <span class='ocrx_word' id='word_1_40' title='bbox 745 679 877 717; x_wconf 91' lang='lat' dir='ltr'>cum</span> <span class='ocrx_word' id='word_1_41' title='bbox 904 658 993 717; x_wconf 86' lang='lat' dir='ltr'>his</span> <span class='ocrx_word' id='word_1_42' title='bbox 1033 679 1173 718; x_wconf 89' lang='lat' dir='ltr'>vero</span> <span class='ocrx_word' id='word_1_43' title='bbox 1199 658 1245 716; x_wconf 90' lang='lat' dir='ltr'>si</span> <span class='ocrx_word' id='word_1_44' title='bbox 1274 679 1574 740; x_wconf 86' lang='lat' dir='ltr'>compares</span> <span class='ocrx_word' id='word_1_45' title='bbox 1595 677 1617 734; x_wconf 55' lang='grc' dir='ltr'>,ς</span> <span class='ocrx_word' id='word_1_46' title='bbox 1655 682 1784 742; x_wconf 85' lang='lat' dir='ltr'>quae</span> <span class='ocrx_word' id='word_1_47' title='bbox 1810 662 2079 721; x_wconf 89' lang='lat' dir='ltr'>nonnulli</span> <span class='ocrx_word' id='word_1_48' title='bbox 2112 664 2392 722; x_wconf 82' lang='lat' dir='ltr'>neoterici</span> 
     </span>
     <span class='ocr_line' id='line_1_8' title="bbox 257 752 2392 839; baseline 0.003 -28"><span class='ocrx_word' id='word_1_49' title='bbox 257 752 522 812; x_wconf 82' lang='lat' dir='ltr'>catholici</span> <span class='ocrx_word' id='word_1_50' title='bbox 554 754 786 814; x_wconf 88' lang='lat' dir='ltr'>incaute</span> <span class='ocrx_word' id='word_1_51' title='bbox 815 776 880 813; x_wconf 89' lang='lat' dir='ltr'>ac</span> <span class='ocrx_word' id='word_1_52' title='bbox 913 766 1131 826; x_wconf 87' lang='lat' dir='ltr'>temere</span> <span class='ocrx_word' id='word_1_53' title='bbox 1155 752 1228 812; x_wconf 88' lang='lat' dir='ltr'>de</span> <span class='ocrx_word' id='word_1_54' title='bbox 1255 753 1486 835; x_wconf 78' lang='lat' dir='ltr'>vulgata</span> <span class='ocrx_word' id='word_1_55' title='bbox 1509 757 1776 815; x_wconf 82' lang='lat' dir='ltr'>versione</span> <span class='ocrx_word' id='word_1_56' title='bbox 1808 757 2165 839; x_wconf 87' lang='lat' dir='ltr'>scripserunt</span> <span class='ocrx_word' id='word_1_57' title='bbox 2183 804 2197 833; x_wconf 64' lang='grc'><em>,</em></span> <span class='ocrx_word' id='word_1_58' title='bbox 2231 769 2392 839; x_wconf 86' lang='lat' dir='ltr'>patc-</span> 
     </span>
     <span class='ocr_line' id='line_1_9' title="bbox 255 848 2388 933; baseline 0.003 -26"><span class='ocrx_word' id='word_1_59' title='bbox 255 848 375 923; x_wconf 75' lang='lat' dir='ltr'>bit,</span> <span class='ocrx_word' id='word_1_60' title='bbox 403 872 519 932; x_wconf 92' lang='lat' dir='ltr'>quo</span> <span class='ocrx_word' id='word_1_61' title='bbox 555 851 748 910; x_wconf 87' lang='lat' dir='ltr'>ferant</span> <span class='ocrx_word' id='word_1_62' title='bbox 792 874 957 910; x_wconf 88' lang='lat' dir='ltr'>amor</span> <span class='ocrx_word' id='word_1_63' title='bbox 995 850 1274 911; x_wconf 88' lang='lat' dir='ltr'>novitatis</span> <span class='ocrx_word' id='word_1_64' title='bbox 1312 862 1639 933; x_wconf 84' lang='lat' dir='ltr'>cunctaque</span> <span class='ocrx_word' id='word_1_65' title='bbox 1677 852 2003 912; x_wconf 87' lang='lat' dir='ltr'>innovandi</span> <span class='ocrx_word' id='word_1_66' title='bbox 2056 853 2388 914; x_wconf 88' lang='lat' dir='ltr'>inconsulta</span> 
     </span>
     <span class='ocr_line' id='line_1_10' title="bbox 254 943 590 1029; baseline 0.012 -27"><span class='ocrx_word' id='word_1_67' title='bbox 254 943 458 1005; x_wconf 89' lang='lat' dir='ltr'>lubido</span> <span class='ocrx_word' id='word_1_68' title='bbox 483 947 590 1029; x_wconf 82' lang='lat'>(2).</span> 
     </span>
    </p>

    <p class='ocr_par' dir='ltr' id='par_1_4' title="bbox 243 1042 2414 2281">
     <span class='ocr_line' id='line_1_11' title="bbox 335 1042 2390 1127; baseline 0.002 -27"><span class='ocrx_word' id='word_1_69' title='bbox 335 1042 477 1103; x_wconf 76' lang='lat'>254.</span> <span class='ocrx_word' id='word_1_70' title='bbox 525 1045 607 1105; x_wconf 81' lang='lat' dir='ltr'>Ex</span> <span class='ocrx_word' id='word_1_71' title='bbox 635 1044 724 1104; x_wconf 89' lang='lat' dir='ltr'>his</span> <span class='ocrx_word' id='word_1_72' title='bbox 755 1050 883 1125; x_wconf 88' lang='lat' dir='ltr'>jam</span> <span class='ocrx_word' id='word_1_73' title='bbox 925 1045 1224 1127; x_wconf 72' lang='lat' dir='ltr'>sequitur,</span> <span class='ocrx_word' id='word_1_74' title='bbox 1274 1043 1434 1126; x_wconf 87' lang='lat' dir='ltr'>quod</span> <span class='ocrx_word' id='word_1_75' title='bbox 1484 1044 1662 1103; x_wconf 88' lang='lat' dir='ltr'>tertio</span> <span class='ocrx_word' id='word_1_76' title='bbox 1699 1043 1824 1102; x_wconf 90' lang='lat' dir='ltr'>loco</span> <span class='ocrx_word' id='word_1_77' title='bbox 1868 1044 2277 1127; x_wconf 86' lang='lat' dir='ltr'>proposuimus</span> <span class='ocrx_word' id='word_1_78' title='bbox 2313 1043 2390 1104; x_wconf 87' lang='lat' dir='ltr'>ad</span> 
     </span>
     <span class='ocr_line' id='line_1_12' title="bbox 256 1137 2391 1222; baseline 0 -24"><span class='ocrx_word' id='word_1_79' title='bbox 256 1137 564 1199; x_wconf 86' lang='lat' dir='ltr'>decretum</span> <span class='ocrx_word' id='word_1_80' title='bbox 613 1140 1026 1201; x_wconf 81' lang='lat' dir='ltr'>Tridentinum</span> <span class='ocrx_word' id='word_1_81' title='bbox 1084 1139 1542 1213; x_wconf 74' lang='lat' dir='ltr'>vindicandum,</span> <span class='ocrx_word' id='word_1_82' title='bbox 1598 1138 1815 1199; x_wconf 87' lang='lat' dir='ltr'>scilicet</span> <span class='ocrx_word' id='word_1_83' title='bbox 1868 1141 2031 1220; x_wconf 82' lang='lat' dir='ltr'>argui</span> <span class='ocrx_word' id='word_1_84' title='bbox 2079 1161 2391 1222; x_wconf 88' lang='lat' dir='ltr'>nunquam</span> 
     </span>
     <span class='ocr_line' id='line_1_13' title="bbox 254 1234 2393 1320; baseline 0 -27"><span class='ocrx_word' id='word_1_85' title='bbox 254 1237 509 1316; x_wconf 89' lang='lat' dir='ltr'>potuisse</span> <span class='ocrx_word' id='word_1_86' title='bbox 553 1248 654 1296; x_wconf 89' lang='lat' dir='ltr'>aut</span> <span class='ocrx_word' id='word_1_87' title='bbox 689 1259 858 1320; x_wconf 90' lang='lat' dir='ltr'>posse</span> <span class='ocrx_word' id='word_1_88' title='bbox 898 1237 1054 1296; x_wconf 87' lang='lat' dir='ltr'>hanc</span> <span class='ocrx_word' id='word_1_89' title='bbox 1099 1236 1429 1320; x_wconf 73' lang='lat' dir='ltr'>versionem</span> <span class='ocrx_word' id='word_1_90' title='bbox 1483 1234 1721 1315; x_wconf 88' lang='lat' dir='ltr'>alicujus</span> <span class='ocrx_word' id='word_1_91' title='bbox 1763 1236 2005 1310; x_wconf 82' lang='lat' dir='ltr'>erroriS.,</span> <span class='ocrx_word' id='word_1_92' title='bbox 2052 1235 2275 1294; x_wconf 89' lang='lat' dir='ltr'>nedum</span> <span class='ocrx_word' id='word_1_93' title='bbox 2329 1235 2393 1293; x_wconf 91' lang='lat' dir='ltr'>in</span> 
     </span>
     <span class='ocr_line' id='line_1_14' title="bbox 253 1329 2387 1413; baseline 0 -24"><span class='ocrx_word' id='word_1_94' title='bbox 253 1329 517 1392; x_wconf 87' lang='lat' dir='ltr'>doctrina</span> <span class='ocrx_word' id='word_1_95' title='bbox 543 1331 615 1392; x_wconf 91' lang='lat' dir='ltr'>de</span> <span class='ocrx_word' id='word_1_96' title='bbox 654 1332 769 1394; x_wconf 91' lang='lat' dir='ltr'>fide</span> <span class='ocrx_word' id='word_1_97' title='bbox 805 1345 864 1393; x_wconf 91' lang='lat' dir='ltr'>et</span> <span class='ocrx_word' id='word_1_98' title='bbox 900 1332 1163 1392; x_wconf 90' lang='lat' dir='ltr'>moribus</span> <span class='ocrx_word' id='word_1_99' title='bbox 1185 1377 1202 1400; x_wconf 49' lang='lat' dir='ltr'>q</span> <span class='ocrx_word' id='word_1_100' title='bbox 1246 1331 1349 1393; x_wconf 89' lang='lat' dir='ltr'>sed</span> <span class='ocrx_word' id='word_1_101' title='bbox 1385 1352 1581 1413; x_wconf 88' lang='lat' dir='ltr'>neque</span> <span class='ocrx_word' id='word_1_102' title='bbox 1626 1334 1688 1389; x_wconf 91' lang='lat' dir='ltr'>in</span> <span class='ocrx_word' id='word_1_103' title='bbox 1727 1331 1794 1390; x_wconf 91' lang='lat' dir='ltr'>iis</span> <span class='ocrx_word' id='word_1_104' title='bbox 1826 1352 1954 1413; x_wconf 86' lang='lat' dir='ltr'>quae</span> <span class='ocrx_word' id='word_1_105' title='bbox 1982 1352 2178 1390; x_wconf 90' lang='lat' dir='ltr'>rerum</span> <span class='ocrx_word' id='word_1_106' title='bbox 2218 1332 2280 1389; x_wconf 93' lang='lat' dir='ltr'>in</span> <span class='ocrx_word' id='word_1_107' title='bbox 2320 1352 2387 1389; x_wconf 87' lang='lat' dir='ltr'>ea</span> 
     </span>
     <span class='ocr_line' id='line_1_15' title="bbox 252 1426 2384 1510; baseline -0 -25"><span class='ocrx_word' id='word_1_108' title='bbox 252 1438 665 1488; x_wconf 89' lang='lat' dir='ltr'>contentarum</span> <span class='ocrx_word' id='word_1_109' title='bbox 689 1428 1080 1488; x_wconf 86' lang='lat' dir='ltr'>substantiam</span> <span class='ocrx_word' id='word_1_110' title='bbox 1104 1428 1421 1510; x_wconf 85' lang='lat' dir='ltr'>attingant.</span> <span class='ocrx_word' id='word_1_111' title='bbox 1457 1426 1627 1501; x_wconf 85' lang='lat' dir='ltr'>Quod</span> <span class='ocrx_word' id='word_1_112' title='bbox 1652 1439 1779 1486; x_wconf 92' lang='lat' dir='ltr'>tum</span> <span class='ocrx_word' id='word_1_113' title='bbox 1787 1430 2043 1507; x_wconf 77' lang='lat' dir='ltr'>positive</span> <span class='ocrx_word' id='word_1_114' title='bbox 2056 1470 2077 1498; x_wconf 84' lang='lat'><em>,</em></span> <span class='ocrx_word' id='word_1_115' title='bbox 2098 1437 2165 1485; x_wconf 91' lang='lat' dir='ltr'>ut</span> <span class='ocrx_word' id='word_1_116' title='bbox 2195 1426 2384 1500; x_wconf 72' lang='lat' dir='ltr'>aiunt,</span> 
     </span>
     <span class='ocr_line' id='line_1_16' title="bbox 250 1521 2387 1606; baseline -0.001 -25"><span class='ocrx_word' id='word_1_117' title='bbox 250 1533 381 1582; x_wconf 92' lang='lat' dir='ltr'>tum</span> <span class='ocrx_word' id='word_1_118' title='bbox 417 1527 684 1606; x_wconf 73' lang='lat' dir='ltr'>neqative</span> <span class='ocrx_word' id='word_1_119' title='bbox 720 1524 886 1584; x_wconf 87' lang='lat' dir='ltr'>facile</span> <span class='ocrx_word' id='word_1_120' title='bbox 917 1522 1152 1583; x_wconf 88' lang='lat' dir='ltr'>ostendi</span> <span class='ocrx_word' id='word_1_121' title='bbox 1186 1534 1403 1606; x_wconf 87' lang='lat' dir='ltr'>potest.</span> <span class='ocrx_word' id='word_1_122' title='bbox 1435 1522 1667 1583; x_wconf 86' lang='lat' dir='ltr'>Etenim</span> <span class='ocrx_word' id='word_1_123' title='bbox 1702 1522 1763 1582; x_wconf 90' lang='lat' dir='ltr'>id</span> <span class='ocrx_word' id='word_1_124' title='bbox 1795 1523 2056 1604; x_wconf 89' lang='lat' dir='ltr'>primum</span> <span class='ocrx_word' id='word_1_125' title='bbox 2084 1521 2387 1580; x_wconf 87' lang='lat' dir='ltr'>conficitur</span> 
     </span>
     <span class='ocr_line' id='line_1_17' title="bbox 249 1604 2414 1702; baseline -0.002 -23"><span class='ocrx_word' id='word_1_126' title='bbox 249 1641 319 1679; x_wconf 84' lang='lat' dir='ltr'>ex</span> <span class='ocrx_word' id='word_1_127' title='bbox 336 1632 538 1702; x_wconf 88' lang='lat' dir='ltr'>aperta</span> <span class='ocrx_word' id='word_1_128' title='bbox 566 1620 1025 1680; x_wconf 80' lang='lat' dir='ltr'>protestantium</span> <span class='ocrx_word' id='word_1_129' title='bbox 1051 1619 1410 1679; x_wconf 86' lang='lat' dir='ltr'>confessione</span> <span class='ocrx_word' id='word_1_130' title='bbox 1430 1664 1446 1690; x_wconf 69' lang='lat'>,</span> <span class='ocrx_word' id='word_1_131' title='bbox 1476 1640 1621 1700; x_wconf 91' lang='lat' dir='ltr'>quos</span> <span class='ocrx_word' id='word_1_132' title='bbox 1641 1617 1993 1678; x_wconf 85' lang='lat' dir='ltr'>adduximus</span> <span class='ocrx_word' id='word_1_133' title='bbox 2012 1662 2029 1694; x_wconf 84' lang='lat'>‚</span> <span class='ocrx_word' id='word_1_134' title='bbox 2061 1616 2162 1698; x_wconf 91' lang='lat' dir='ltr'>qui</span> <span class='ocrx_word' id='word_1_135' title='bbox 2190 1604 2414 1698; x_wconf 66' lang='lat' dir='ltr'>palam,</span> 
     </span>
     <span class='ocr_line' id='line_1_18' title="bbox 248 1711 2388 1797; baseline -0.002 -22"><span class='ocrx_word' id='word_1_136' title='bbox 248 1718 605 1797; x_wconf 85' lang='lat' dir='ltr'>profitentur</span> <span class='ocrx_word' id='word_1_137' title='bbox 623 1760 646 1787; x_wconf 82' lang='lat'><em>,</em></span> <span class='ocrx_word' id='word_1_138' title='bbox 685 1716 919 1775; x_wconf 90' lang='lat' dir='ltr'>nullum</span> <span class='ocrx_word' id='word_1_139' title='bbox 965 1716 1116 1775; x_wconf 86' lang='lat' dir='ltr'>circa</span> <span class='ocrx_word' id='word_1_140' title='bbox 1156 1714 1433 1795; x_wconf 81' lang='lat' dir='ltr'>dogmata</span> <span class='ocrx_word' id='word_1_141' title='bbox 1457 1714 1520 1772; x_wconf 90' lang='lat' dir='ltr'>in</span> <span class='ocrx_word' id='word_1_142' title='bbox 1559 1713 1864 1794; x_wconf 81' lang='lat' dir='ltr'>Vulgatam</span> <span class='ocrx_word' id='word_1_143' title='bbox 1902 1733 2164 1773; x_wconf 85' lang='lat' dir='ltr'>errorem</span> <span class='ocrx_word' id='word_1_144' title='bbox 2195 1711 2388 1793; x_wconf 90' lang='lat' dir='ltr'>irrep—</span> 
     </span>
     <span class='ocr_line' id='line_1_19' title="bbox 247 1806 2388 1894; baseline -0.002 -24"><span class='ocrx_word' id='word_1_145' title='bbox 247 1812 387 1872; x_wconf 88' lang='lat' dir='ltr'>sisse</span> <span class='ocrx_word' id='word_1_146' title='bbox 411 1858 427 1887; x_wconf 74' lang='lat'>,</span> <span class='ocrx_word' id='word_1_147' title='bbox 453 1833 600 1894; x_wconf 89' lang='lat' dir='ltr'>quos</span> <span class='ocrx_word' id='word_1_148' title='bbox 634 1813 792 1872; x_wconf 87' lang='lat' dir='ltr'>inter</span> <span class='ocrx_word' id='word_1_149' title='bbox 823 1811 1018 1872; x_wconf 87' lang='lat' dir='ltr'>Milius</span> <span class='ocrx_word' id='word_1_150' title='bbox 1045 1832 1114 1870; x_wconf 92' lang='lat' dir='ltr'>eo</span> <span class='ocrx_word' id='word_1_151' title='bbox 1141 1830 1330 1892; x_wconf 87' lang='lat' dir='ltr'>usque</span> <span class='ocrx_word' id='word_1_152' title='bbox 1353 1830 1694 1892; x_wconf 85' lang='lat' dir='ltr'>progressus</span> <span class='ocrx_word' id='word_1_153' title='bbox 1726 1820 1816 1868; x_wconf 91' lang='lat' dir='ltr'>est</span> <span class='ocrx_word' id='word_1_154' title='bbox 1843 1854 1860 1884; x_wconf 74' lang='lat'>‚</span> <span class='ocrx_word' id='word_1_155' title='bbox 1894 1820 1962 1867; x_wconf 87' lang='lat' dir='ltr'>ut</span> <span class='ocrx_word' id='word_1_156' title='bbox 1990 1806 2241 1866; x_wconf 85' lang='lat' dir='ltr'>scribere</span> <span class='ocrx_word' id='word_1_157' title='bbox 2265 1827 2388 1865; x_wconf 89' lang='lat' dir='ltr'>non</span> 
     </span>
     <span class='ocr_line' id='line_1_20' title="bbox 247 1906 2388 1985; baseline -0.004 -17"><span class='ocrx_word' id='word_1_158' title='bbox 247 1907 646 1973; x_wconf 86' lang='lat' dir='ltr'>dubitaverit:</span> <span class='ocrx_word' id='word_1_159' title='bbox 699 1910 862 1970; x_wconf 80' lang='lat' dir='ltr'>Certe</span> <span class='ocrx_word' id='word_1_160' title='bbox 903 1920 1143 1967; x_wconf 88' lang='lat' dir='ltr'>tantum</span> <span class='ocrx_word' id='word_1_161' title='bbox 1187 1907 1378 1983; x_wconf 78' lang='lat' dir='ltr'>abest,</span> <span class='ocrx_word' id='word_1_162' title='bbox 1414 1918 1485 1964; x_wconf 87' lang='lat' dir='ltr'>ut</span> <span class='ocrx_word' id='word_1_163' title='bbox 1521 1906 1606 1964; x_wconf 83' lang='lat' dir='ltr'>ad</span> <span class='ocrx_word' id='word_1_164' title='bbox 1630 1916 1856 1963; x_wconf 72' lang='lat' dir='ltr'>temtum</span> <span class='ocrx_word' id='word_1_165' title='bbox 1894 1924 2167 1985; x_wconf 76' lang='lat' dir='ltr'>qroecum·</span> <span class='ocrx_word' id='word_1_166' title='bbox 2204 1923 2388 1961; x_wconf 69' lang='lat' dir='ltr'>emou-</span> 
     </span>
     <span class='ocr_line' id='line_1_21' title="bbox 246 2002 2385 2086; baseline -0.004 -23"><span class='ocrx_word' id='word_1_167' title='bbox 246 2026 384 2064; x_wconf 77' lang='lat' dir='ltr'>sum</span> <span class='ocrx_word' id='word_1_168' title='bbox 429 2026 877 2086; x_wconf 79' lang='lat' dir='ltr'>quamcumque</span> <span class='ocrx_word' id='word_1_169' title='bbox 913 2005 937 2083; x_wconf 92' lang='lat'>(</span> <span class='ocrx_word' id='word_1_170' title='bbox 975 2002 1286 2083; x_wconf 81' lang='lat' dir='ltr'>Vulgatam</span> <span class='ocrx_word' id='word_1_171' title='bbox 1326 2002 1476 2062; x_wconf 90' lang='lat' dir='ltr'>Novi</span> <span class='ocrx_word' id='word_1_172' title='bbox 1531 2002 1947 2079; x_wconf 87' lang='lat' dir='ltr'>Testamenti)</span> <span class='ocrx_word' id='word_1_173' title='bbox 1990 2002 2385 2077; x_wconf 77' lang='lat' dir='ltr'>reformatam</span> 
     </span>
     <span class='ocr_line' id='line_1_22' title="bbox 247 2087 2384 2180; baseline -0.005 -19"><span class='ocrx_word' id='word_1_174' title='bbox 247 2105 454 2174; x_wconf 78' lang='lat' dir='ltr'>velim,</span> <span class='ocrx_word' id='word_1_175' title='bbox 498 2114 570 2162; x_wconf 82' lang='lat' dir='ltr'>ut</span> <span class='ocrx_word' id='word_1_176' title='bbox 613 2113 825 2162; x_wconf 87' lang='lat' dir='ltr'>contra</span> <span class='ocrx_word' id='word_1_177' title='bbox 862 2103 1080 2180; x_wconf 74' lang='lat' dir='ltr'>optime</span> <span class='ocrx_word' id='word_1_178' title='bbox 1116 2121 1259 2159; x_wconf 81' lang='lat' dir='ltr'>oum</span> <span class='ocrx_word' id='word_1_179' title='bbox 1302 2121 1372 2157; x_wconf 90' lang='lat' dir='ltr'>ea</span> <span class='ocrx_word' id='word_1_180' title='bbox 1400 2109 1607 2157; x_wconf 86' lang='lat' dir='ltr'>actum</span> <span class='ocrx_word' id='word_1_181' title='bbox 1631 2087 1969 2155; x_wconf 65' lang='lat' dir='ltr'>em‘stimem</span> <span class='ocrx_word' id='word_1_182' title='bbox 1993 2140 2009 2168; x_wconf 63' lang='lat'>7</span> <span class='ocrx_word' id='word_1_183' title='bbox 2033 2099 2092 2153; x_wconf 77' lang='lat' dir='ltr'>si</span> <span class='ocrx_word' id='word_1_184' title='bbox 2110 2139 2126 2166; x_wconf 66' lang='grc'><em>,</em></span> <span class='ocrx_word' id='word_1_185' title='bbox 2164 2114 2384 2151; x_wconf 85' lang='lat' dir='ltr'>manu-</span> 
     </span>
     <span class='ocr_line' id='line_1_23' title="bbox 243 2189 2391 2281; baseline -0.007 -21"><span class='ocrx_word' id='word_1_186' title='bbox 243 2204 613 2281; x_wconf 71' lang='lat' dir='ltr'>scriptorum</span> <span class='ocrx_word' id='word_1_187' title='bbox 649 2202 1093 2279; x_wconf 72' lang='lat' dir='ltr'>ea‘emptam&#39;um</span> <span class='ocrx_word' id='word_1_188' title='bbox 1134 2197 1458 2276; x_wconf 71' lang='lat' dir='ltr'>diliqenter</span> <span class='ocrx_word' id='word_1_189' title='bbox 1486 2195 1838 2253; x_wconf 85' lang='lat' dir='ltr'>collatorum</span> <span class='ocrx_word' id='word_1_190' title='bbox 1875 2212 2012 2269; x_wconf 81' lang='lat' dir='ltr'>ope,</span> <span class='ocrx_word' id='word_1_191' title='bbox 2048 2191 2189 2248; x_wconf 75' lang='lat' dir='ltr'>talis</span> <span class='ocrx_word' id='word_1_192' title='bbox 2211 2189 2391 2267; x_wconf 80' lang='lat' dir='ltr'>apud</span> 
     </span>
    </p>
   </div>
   <div class='ocr_carea' id='block_1_4' title="bbox 242 2400 1275 3719">
    <p class='ocr_par' dir='ltr' id='par_1_5' title="bbox 242 2400 1270 2723">
     <span class='ocr_line' id='line_1_24' title="bbox 315 2400 1265 2477; baseline -0.006 -19"><span class='ocrx_word' id='word_1_193' title='bbox 315 2412 376 2477; x_wconf 78' lang='lat'>(1)</span> <span class='ocrx_word' id='word_1_194' title='bbox 394 2408 436 2458; x_wconf 88' lang='lat' dir='ltr'><em>S</em></span> <span class='ocrx_word' id='word_1_195' title='bbox 438 2408 642 2477; x_wconf 76' lang='lat' dir='ltr'>applem.</span> <span class='ocrx_word' id='word_1_196' title='bbox 654 2409 723 2457; x_wconf 84' lang='lat' dir='ltr'>ad</span> <span class='ocrx_word' id='word_1_197' title='bbox 733 2407 826 2457; x_wconf 70' lang='lat' dir='ltr'>lex.</span> <span class='ocrx_word' id='word_1_198' title='bbox 843 2400 1058 2455; x_wconf 74' lang='lat' dir='ltr'>hebraie.</span> <span class='ocrx_word' id='word_1_199' title='bbox 1070 2415 1187 2471; x_wconf 89' lang='lat' dir='ltr'>part.</span> <span class='ocrx_word' id='word_1_200' title='bbox 1199 2421 1265 2467; x_wconf 80' lang='lat' dir='ltr'>ln,</span> 
     </span>
     <span class='ocr_line' id='line_1_25' title="bbox 242 2490 1269 2563; baseline -0.011 -18"><span class='ocrx_word' id='word_1_201' title='bbox 242 2513 348 2561; x_wconf 84' lang='lat' dir='ltr'>pag.</span> <span class='ocrx_word' id='word_1_202' title='bbox 364 2510 462 2563; x_wconf 83' lang='lat'>992</span> <span class='ocrx_word' id='word_1_203' title='bbox 480 2532 494 2554; x_wconf 92' lang='lat'>,</span> <span class='ocrx_word' id='word_1_204' title='bbox 512 2504 556 2542; x_wconf 88' lang='lat' dir='ltr'>et</span> <span class='ocrx_word' id='word_1_205' title='bbox 572 2490 806 2541; x_wconf 76' lang='lat' dir='ltr'>Biblioth.</span> <span class='ocrx_word' id='word_1_206' title='bbox 833 2491 1004 2539; x_wconf 78' lang='lat' dir='ltr'>orient.</span> <span class='ocrx_word' id='word_1_207' title='bbox 1022 2499 1140 2537; x_wconf 85' lang='lat' dir='ltr'>tom.</span> <span class='ocrx_word' id='word_1_208' title='bbox 1160 2504 1243 2535; x_wconf 73' lang='lat' dir='ltr'>xxi</span> <span class='ocrx_word' id='word_1_209' title='bbox 1256 2525 1269 2548; x_wconf 89' lang='lat'>‚</span> 
     </span>
     <span class='ocr_line' id='line_1_26' title="bbox 244 2573 1269 2642; baseline -0.008 -16"><span class='ocrx_word' id='word_1_210' title='bbox 244 2597 294 2627; x_wconf 90' lang='lat' dir='ltr'>n.</span> <span class='ocrx_word' id='word_1_211' title='bbox 325 2579 380 2626; x_wconf 84' lang='lat'>31</span> <span class='ocrx_word' id='word_1_212' title='bbox 398 2594 439 2626; x_wconf 71' lang='grc' dir='ltr'>ἰ.</span> <span class='ocrx_word' id='word_1_213' title='bbox 462 2575 574 2642; x_wconf 81' lang='lat' dir='ltr'>Quae</span> <span class='ocrx_word' id='word_1_214' title='bbox 607 2577 731 2625; x_wconf 88' lang='lat' dir='ltr'>idem</span> <span class='ocrx_word' id='word_1_215' title='bbox 758 2582 927 2624; x_wconf 73' lang='lat' dir='ltr'>auctor</span> <span class='ocrx_word' id='word_1_216' title='bbox 953 2573 1185 2637; x_wconf 82' lang='lat' dir='ltr'>scripserit</span> <span class='ocrx_word' id='word_1_217' title='bbox 1219 2573 1269 2619; x_wconf 86' lang='lat' dir='ltr'>in</span> 
     </span>
     <span class='ocr_line' id='line_1_27' title="bbox 243 2655 1270 2723; baseline -0.009 -14"><span class='ocrx_word' id='word_1_218' title='bbox 243 2661 419 2711; x_wconf 84' lang='lat' dir='ltr'>Introd.</span> <span class='ocrx_word' id='word_1_219' title='bbox 429 2661 487 2709; x_wconf 91' lang='lat' dir='ltr'>ad</span> <span class='ocrx_word' id='word_1_220' title='bbox 500 2660 614 2709; x_wconf 86' lang='lat' dir='ltr'>Nov.</span> <span class='ocrx_word' id='word_1_221' title='bbox 625 2660 825 2708; x_wconf 86' lang='lat' dir='ltr'>Testam.</span> <span class='ocrx_word' id='word_1_222' title='bbox 841 2668 994 2723; x_wconf 84' lang='lat' dir='ltr'>postea</span> <span class='ocrx_word' id='word_1_223' title='bbox 1007 2655 1270 2703; x_wconf 74' lang='lat' dir='ltr'>afferemus,</span> 
     </span>
    </p>

    <p class='ocr_par' dir='ltr' id='par_1_6' title="bbox 242 2736 1275 3719">
     <span class='ocr_line' id='line_1_28' title="bbox 308 2736 1270 2809; baseline -0.009 -18"><span class='ocrx_word' id='word_1_224' title='bbox 308 2743 375 2808; x_wconf 78' lang='lat'>(2)</span> <span class='ocrx_word' id='word_1_225' title='bbox 416 2743 542 2791; x_wconf 87' lang='lat' dir='ltr'>Inter</span> <span class='ocrx_word' id='word_1_226' title='bbox 561 2760 679 2809; x_wconf 89' lang='lat' dir='ltr'>quos</span> <span class='ocrx_word' id='word_1_227' title='bbox 697 2742 909 2789; x_wconf 84' lang='lat' dir='ltr'>dolemus</span> <span class='ocrx_word' id='word_1_228' title='bbox 935 2736 1270 2787; x_wconf 86' lang='lat' dir='ltr'>recensendum</span> 
     </span>
     <span class='ocr_line' id='line_1_29' title="bbox 242 2818 1273 2891; baseline -0.012 -15"><span class='ocrx_word' id='word_1_229' title='bbox 242 2845 339 2876; x_wconf 84' lang='lat' dir='ltr'>esse</span> <span class='ocrx_word' id='word_1_230' title='bbox 365 2826 471 2891; x_wconf 85' lang='lat' dir='ltr'>Hug</span> <span class='ocrx_word' id='word_1_231' title='bbox 489 2862 504 2887; x_wconf 93' lang='lat'>‚</span> <span class='ocrx_word' id='word_1_232' title='bbox 536 2828 669 2890; x_wconf 85' lang='lat' dir='ltr'>cujus</span> <span class='ocrx_word' id='word_1_233' title='bbox 697 2823 835 2872; x_wconf 83' lang='lat' dir='ltr'>verba</span> <span class='ocrx_word' id='word_1_234' title='bbox 866 2825 915 2870; x_wconf 91' lang='lat' dir='ltr'>in</span> <span class='ocrx_word' id='word_1_235' title='bbox 942 2820 1154 2886; x_wconf 83' lang='lat' dir='ltr'>gallicam</span> <span class='ocrx_word' id='word_1_236' title='bbox 1181 2818 1273 2865; x_wconf 91' lang='lat' dir='ltr'>lin-</span> 
     </span>
     <span class='ocr_line' id='line_1_30' title="bbox 242 2903 1268 2974; baseline -0.011 -16"><span class='ocrx_word' id='word_1_237' title='bbox 242 2926 380 2974; x_wconf 87' lang='lat' dir='ltr'>guam</span> <span class='ocrx_word' id='word_1_238' title='bbox 421 2926 638 2957; x_wconf 79' lang='lat' dir='ltr'>conversa</span> <span class='ocrx_word' id='word_1_239' title='bbox 678 2907 865 2955; x_wconf 82' lang='lat' dir='ltr'>exhibet</span> <span class='ocrx_word' id='word_1_240' title='bbox 902 2903 1120 2952; x_wconf 73' lang='lat' dir='ltr'>Cellerier</span> <span class='ocrx_word' id='word_1_241' title='bbox 1138 2939 1152 2961; x_wconf 89' lang='lat'>‚</span> <span class='ocrx_word' id='word_1_242' title='bbox 1191 2918 1268 2965; x_wconf 91' lang='lat' dir='ltr'>op.</span> 
     </span>
     <span class='ocr_line' id='line_1_31' title="bbox 242 2990 1273 3052; baseline -0.007 -12"><span class='ocrx_word' id='word_1_243' title='bbox 242 2994 321 3041; x_wconf 89' lang='lat' dir='ltr'>cit.</span> <span class='ocrx_word' id='word_1_244' title='bbox 343 2990 682 3039; x_wconf 77' lang='lat' dir='ltr'>Introduction</span> <span class='ocrx_word' id='word_1_245' title='bbox 696 3026 712 3051; x_wconf 86' lang='lat'>‚</span> <span class='ocrx_word' id='word_1_246' title='bbox 737 2999 828 3037; x_wconf 88' lang='lat' dir='ltr'>etc.</span> <span class='ocrx_word' id='word_1_247' title='bbox 844 3004 949 3052; x_wconf 77' lang='lat' dir='ltr'>pag.</span> <span class='ocrx_word' id='word_1_248' title='bbox 970 3001 1065 3032; x_wconf 87' lang='lat'>200</span> <span class='ocrx_word' id='word_1_249' title='bbox 1081 2994 1125 3032; x_wconf 88' lang='lat' dir='ltr'>et</span> <span class='ocrx_word' id='word_1_250' title='bbox 1141 3001 1273 3049; x_wconf 84' lang='lat' dir='ltr'>seqq.</span> 
     </span>
     <span class='ocr_line' id='line_1_32' title="bbox 242 3067 1272 3139; baseline -0.007 -19"><span class='ocrx_word' id='word_1_251' title='bbox 242 3089 345 3139; x_wconf 87' lang='lat' dir='ltr'>quae</span> <span class='ocrx_word' id='word_1_252' title='bbox 372 3074 508 3138; x_wconf 90' lang='lat' dir='ltr'>paulo</span> <span class='ocrx_word' id='word_1_253' title='bbox 542 3083 644 3139; x_wconf 88' lang='lat' dir='ltr'>post</span> <span class='ocrx_word' id='word_1_254' title='bbox 669 3070 1003 3137; x_wconf 81' lang='lat' dir='ltr'>expendemus.</span> <span class='ocrx_word' id='word_1_255' title='bbox 1022 3067 1138 3115; x_wconf 88' lang='lat' dir='ltr'>Item</span> <span class='ocrx_word' id='word_1_256' title='bbox 1158 3083 1272 3113; x_wconf 87' lang='lat' dir='ltr'>con-</span> 
     </span>
     <span class='ocr_line' id='line_1_33' title="bbox 242 3149 1271 3213; baseline -0.005 -9"><span class='ocrx_word' id='word_1_257' title='bbox 242 3156 523 3204; x_wconf 87' lang='lat' dir='ltr'>numerandi</span> <span class='ocrx_word' id='word_1_258' title='bbox 538 3155 680 3213; x_wconf 83' lang='lat' dir='ltr'>Jahn,</span> <span class='ocrx_word' id='word_1_259' title='bbox 705 3152 899 3202; x_wconf 83' lang='lat' dir='ltr'>Introd.</span> <span class='ocrx_word' id='word_1_260' title='bbox 927 3153 983 3199; x_wconf 74' lang='lat' dir='ltr'>in</span> <span class='ocrx_word' id='word_1_261' title='bbox 1009 3149 1121 3198; x_wconf 77' lang='lat' dir='ltr'>Lib.</span> <span class='ocrx_word' id='word_1_262' title='bbox 1144 3166 1271 3199; x_wconf 81' lang='lat' dir='ltr'>saer.</span> 
     </span>
     <span class='ocr_line' id='line_1_34' title="bbox 242 3235 1265 3305; baseline -0.01 -18"><span class='ocrx_word' id='word_1_263' title='bbox 242 3235 269 3305; x_wconf 66' lang='lat' dir='ltr'>S</span> <span class='ocrx_word' id='word_1_264' title='bbox 294 3235 360 3287; x_wconf 87' lang='grc'>65</span> <span class='ocrx_word' id='word_1_265' title='bbox 388 3247 432 3286; x_wconf 87' lang='lat' dir='ltr'>et</span> <span class='ocrx_word' id='word_1_266' title='bbox 464 3255 595 3303; x_wconf 83' lang='lat' dir='ltr'>seqq.</span> <span class='ocrx_word' id='word_1_267' title='bbox 624 3239 704 3302; x_wconf 88' lang='lat' dir='ltr'>qui</span> <span class='ocrx_word' id='word_1_268' title='bbox 731 3239 851 3284; x_wconf 84' lang='lat' dir='ltr'>inter</span> <span class='ocrx_word' id='word_1_269' title='bbox 881 3244 1031 3283; x_wconf 83' lang='lat' dir='ltr'>cetera</span> <span class='ocrx_word' id='word_1_270' title='bbox 1055 3249 1265 3280; x_wconf 88' lang='lat' dir='ltr'>comme-</span> 
     </span>
     <span class='ocr_line' id='line_1_35' title="bbox 243 3311 1273 3384; baseline -0.008 -16"><span class='ocrx_word' id='word_1_271' title='bbox 243 3331 393 3369; x_wconf 85' lang='lat' dir='ltr'>morat</span> <span class='ocrx_word' id='word_1_272' title='bbox 433 3319 749 3367; x_wconf 86' lang='lat' dir='ltr'>Salmeronem</span> <span class='ocrx_word' id='word_1_273' title='bbox 771 3356 785 3378; x_wconf 88' lang='lat'>,</span> <span class='ocrx_word' id='word_1_274' title='bbox 821 3319 901 3384; x_wconf 89' lang='lat' dir='ltr'>qui</span> <span class='ocrx_word' id='word_1_275' title='bbox 933 3332 1044 3364; x_wconf 83' lang='lat' dir='ltr'>cum</span> <span class='ocrx_word' id='word_1_276' title='bbox 1082 3311 1273 3362; x_wconf 64' lang='lat' dir='ltr'>Bellan-</span> 
     </span>
     <span class='ocr_line' id='line_1_36' title="bbox 242 3401 1271 3459; baseline -0.007 -6"><span class='ocrx_word' id='word_1_277' title='bbox 242 3407 378 3453; x_wconf 84' lang='lat' dir='ltr'>mino</span> <span class='ocrx_word' id='word_1_278' title='bbox 400 3404 613 3452; x_wconf 82' lang='lat' dir='ltr'>interfuit</span> <span class='ocrx_word' id='word_1_279' title='bbox 633 3403 842 3452; x_wconf 87' lang='lat' dir='ltr'>Concilio</span> <span class='ocrx_word' id='word_1_280' title='bbox 863 3402 1135 3451; x_wconf 83' lang='lat' dir='ltr'>Tridentino</span> <span class='ocrx_word' id='word_1_281' title='bbox 1153 3438 1166 3459; x_wconf 91' lang='lat'>‚</span> <span class='ocrx_word' id='word_1_282' title='bbox 1191 3401 1271 3447; x_wconf 81' lang='lat' dir='ltr'>etsi</span> 
     </span>
     <span class='ocr_line' id='line_1_37' title="bbox 243 3482 1271 3552; baseline -0.008 -15"><span class='ocrx_word' id='word_1_283' title='bbox 243 3489 553 3538; x_wconf 85' lang='lat' dir='ltr'>Bellarminus</span> <span class='ocrx_word' id='word_1_284' title='bbox 574 3487 707 3552; x_wconf 85' lang='lat' dir='ltr'>longe</span> <span class='ocrx_word' id='word_1_285' title='bbox 728 3492 827 3552; x_wconf 79' lang='lat' dir='ltr'>post</span> <span class='ocrx_word' id='word_1_286' title='bbox 846 3482 1161 3535; x_wconf 83' lang='lat' dir='ltr'>Salmeronem</span> <span class='ocrx_word' id='word_1_287' title='bbox 1184 3484 1271 3530; x_wconf 91' lang='lat' dir='ltr'>flo-</span> 
     </span>
     <span class='ocr_line' id='line_1_38' title="bbox 246 3566 1275 3637; baseline -0.009 -16"><span class='ocrx_word' id='word_1_288' title='bbox 246 3575 423 3633; x_wconf 85' lang='lat' dir='ltr'>ruerit,</span> <span class='ocrx_word' id='word_1_289' title='bbox 461 3588 550 3620; x_wconf 86' lang='lat' dir='ltr'>nec</span> <span class='ocrx_word' id='word_1_290' title='bbox 581 3588 790 3637; x_wconf 86' lang='lat' dir='ltr'>uuquam</span> <span class='ocrx_word' id='word_1_291' title='bbox 814 3568 1024 3618; x_wconf 86' lang='lat' dir='ltr'>Concilio</span> <span class='ocrx_word' id='word_1_292' title='bbox 1049 3566 1275 3614; x_wconf 85' lang='lat' dir='ltr'>interfue-</span> 
     </span>
     <span class='ocr_line' id='line_1_39' title="bbox 243 3648 1273 3719; baseline -0.007 -17"><span class='ocrx_word' id='word_1_293' title='bbox 243 3654 572 3719; x_wconf 74' lang='lat' dir='ltr'>ri13etGeorg.</span> <span class='ocrx_word' id='word_1_294' title='bbox 601 3653 927 3718; x_wconf 83' lang='lat' dir='ltr'>Hermes,qni,</span> <span class='ocrx_word' id='word_1_295' title='bbox 956 3648 1273 3713; x_wconf 75' lang='lat' dir='ltr'>Einleitunq,</span> 
     </span>
    </p>
   </div>
   <div class='ocr_carea' id='block_1_5' title="bbox 1355 2400 2387 3627">
    <p class='ocr_par' dir='ltr' id='par_1_7' title="bbox 1355 2400 2387 3627">
     <span class='ocr_line' id='line_1_40' title="bbox 1362 2400 2383 2454; baseline -0.005 0"><span class='ocrx_word' id='word_1_296' title='bbox 1362 2414 1451 2454; x_wconf 85' lang='lat' dir='ltr'>etc.</span> <span class='ocrx_word' id='word_1_297' title='bbox 1481 2422 1562 2453; x_wconf 89' lang='lat' dir='ltr'>seu</span> <span class='ocrx_word' id='word_1_298' title='bbox 1590 2400 1783 2452; x_wconf 84' lang='lat' dir='ltr'>Introd.</span> <span class='ocrx_word' id='word_1_299' title='bbox 1816 2403 1874 2449; x_wconf 77' lang='lat' dir='ltr'>in</span> <span class='ocrx_word' id='word_1_300' title='bbox 1913 2400 2076 2450; x_wconf 82' lang='lat' dir='ltr'>Theol.</span> <span class='ocrx_word' id='word_1_301' title='bbox 2097 2400 2383 2452; x_wconf 71' lang='lat' dir='ltr'>christiano-</span> 
     </span>
     <span class='ocr_line' id='line_1_41' title="bbox 1357 2480 2380 2550; baseline -0.005 -15"><span class='ocrx_word' id='word_1_302' title='bbox 1357 2485 1682 2546; x_wconf 78' lang='lat' dir='ltr'>catholicam,</span> <span class='ocrx_word' id='word_1_303' title='bbox 1723 2495 1845 2550; x_wconf 86' lang='lat' dir='ltr'>part.</span> <span class='ocrx_word' id='word_1_304' title='bbox 1886 2484 2064 2543; x_wconf 83' lang='lat' dir='ltr'>altera,</span> <span class='ocrx_word' id='word_1_305' title='bbox 2101 2501 2206 2548; x_wconf 83' lang='lat' dir='ltr'>pag.</span> <span class='ocrx_word' id='word_1_306' title='bbox 2245 2480 2342 2546; x_wconf 76' lang='grc'>437</span> <span class='ocrx_word' id='word_1_307' title='bbox 2367 2519 2380 2542; x_wconf 90' lang='grc'><em>,</em></span> 
     </span>
     <span class='ocr_line' id='line_1_42' title="bbox 1357 2565 2379 2628; baseline -0.006 -10"><span class='ocrx_word' id='word_1_308' title='bbox 1357 2572 1471 2619; x_wconf 87' lang='lat' dir='ltr'>falso</span> <span class='ocrx_word' id='word_1_309' title='bbox 1500 2568 1665 2628; x_wconf 78' lang='lat' dir='ltr'>tradit,</span> <span class='ocrx_word' id='word_1_310' title='bbox 1692 2568 1938 2617; x_wconf 85' lang='lat' dir='ltr'>Decretum</span> <span class='ocrx_word' id='word_1_311' title='bbox 1962 2567 2288 2615; x_wconf 86' lang='lat' dir='ltr'>Tridentinum</span> <span class='ocrx_word' id='word_1_312' title='bbox 2309 2565 2379 2613; x_wconf 86' lang='lat' dir='ltr'>le-</span> 
     </span>
     <span class='ocr_line' id='line_1_43' title="bbox 1355 2650 2383 2718; baseline -0.007 -17"><span class='ocrx_word' id='word_1_313' title='bbox 1355 2671 1457 2718; x_wconf 86' lang='lat' dir='ltr'>gem</span> <span class='ocrx_word' id='word_1_314' title='bbox 1488 2652 1830 2717; x_wconf 84' lang='lat' dir='ltr'>disciplinarem</span> <span class='ocrx_word' id='word_1_315' title='bbox 1865 2650 2003 2697; x_wconf 83' lang='lat' dir='ltr'>fuisse</span> <span class='ocrx_word' id='word_1_316' title='bbox 2025 2686 2038 2707; x_wconf 77' lang='grc'><em>,</em></span> <span class='ocrx_word' id='word_1_317' title='bbox 2071 2663 2174 2713; x_wconf 86' lang='lat' dir='ltr'>quae</span> <span class='ocrx_word' id='word_1_318' title='bbox 2203 2657 2383 2695; x_wconf 81' lang='lat' dir='ltr'>tantum</span> 
     </span>
     <span class='ocr_line' id='line_1_44' title="bbox 1360 2731 2377 2801; baseline -0.005 -18"><span class='ocrx_word' id='word_1_319' title='bbox 1360 2752 1439 2801; x_wconf 85' lang='lat' dir='ltr'>per</span> <span class='ocrx_word' id='word_1_320' title='bbox 1459 2736 1505 2783; x_wconf 84' lang='lat' dir='ltr'>id</span> <span class='ocrx_word' id='word_1_321' title='bbox 1528 2736 1749 2799; x_wconf 86' lang='lat' dir='ltr'>temporis</span> <span class='ocrx_word' id='word_1_322' title='bbox 1775 2733 2105 2798; x_wconf 80' lang='lat' dir='ltr'>obligationem</span> <span class='ocrx_word' id='word_1_323' title='bbox 2123 2731 2377 2794; x_wconf 81' lang='lat' dir='ltr'>inferebat;</span> 
     </span>
     <span class='ocr_line' id='line_1_45' title="bbox 1356 2812 2382 2884; baseline -0.007 -17"><span class='ocrx_word' id='word_1_324' title='bbox 1356 2819 1496 2884; x_wconf 87' lang='lat' dir='ltr'>idque</span> <span class='ocrx_word' id='word_1_325' title='bbox 1535 2818 1624 2865; x_wconf 85' lang='lat' dir='ltr'>hac</span> <span class='ocrx_word' id='word_1_326' title='bbox 1651 2819 1828 2864; x_wconf 82' lang='lat' dir='ltr'>ratione</span> <span class='ocrx_word' id='word_1_327' title='bbox 1851 2815 2096 2864; x_wconf 81' lang='lat' dir='ltr'>confirmat</span> <span class='ocrx_word' id='word_1_328' title='bbox 2129 2831 2142 2862; x_wconf 75' lang='grc' dir='ltr'><strong><em>ε</em></strong></span> <span class='ocrx_word' id='word_1_329' title='bbox 2181 2812 2382 2862; x_wconf 80' lang='lat' dir='ltr'>Etenim</span> 
     </span>
     <span class='ocr_line' id='line_1_46' title="bbox 1356 2895 2382 2964; baseline -0.006 -15"><span class='ocrx_word' id='word_1_330' title='bbox 1356 2901 1442 2949; x_wconf 81' lang='lat' dir='ltr'>hoc</span> <span class='ocrx_word' id='word_1_331' title='bbox 1471 2916 1613 2947; x_wconf 76' lang='lat' dir='ltr'>sensu</span> <span class='ocrx_word' id='word_1_332' title='bbox 1648 2908 1892 2964; x_wconf 79' lang='lat' dir='ltr'>acceptam</span> <span class='ocrx_word' id='word_1_333' title='bbox 1928 2898 2201 2962; x_wconf 86' lang='lat' dir='ltr'>(decretum</span> <span class='ocrx_word' id='word_1_334' title='bbox 2232 2895 2382 2958; x_wconf 91' lang='lat' dir='ltr'>illud)</span> 
     </span>
     <span class='ocr_line' id='line_1_47' title="bbox 1357 2975 2385 3045; baseline -0.008 -14"><span class='ocrx_word' id='word_1_335' title='bbox 1357 2992 1460 3031; x_wconf 84' lang='lat' dir='ltr'>erat</span> <span class='ocrx_word' id='word_1_336' title='bbox 1477 2982 1724 3030; x_wconf 81' lang='lat' dir='ltr'>ordinatio</span> <span class='ocrx_word' id='word_1_337' title='bbox 1748 2979 1972 3045; x_wconf 84' lang='lat' dir='ltr'>quaedam</span> <span class='ocrx_word' id='word_1_338' title='bbox 1996 2997 2054 3028; x_wconf 91' lang='lat' dir='ltr'>ac</span> <span class='ocrx_word' id='word_1_339' title='bbox 2076 2978 2289 3027; x_wconf 81' lang='lat' dir='ltr'>medium</span> <span class='ocrx_word' id='word_1_340' title='bbox 2307 2975 2385 3024; x_wconf 76' lang='lat' dir='ltr'><em>illi</em></span> 
     </span>
     <span class='ocr_line' id='line_1_48' title="bbox 1359 3064 2382 3134; baseline -0.01 -19"><span class='ocrx_word' id='word_1_341' title='bbox 1359 3068 1561 3134; x_wconf 82' lang='lat' dir='ltr'>tempori</span> <span class='ocrx_word' id='word_1_342' title='bbox 1580 3072 1993 3132; x_wconf 77' lang='lat' dir='ltr'>peropportunum·</span> <span class='ocrx_word' id='word_1_343' title='bbox 2008 3102 2023 3126; x_wconf 79' lang='grc'>,</span> <span class='ocrx_word' id='word_1_344' title='bbox 2067 3064 2124 3109; x_wconf 80' lang='lat' dir='ltr'>in</span> <span class='ocrx_word' id='word_1_345' title='bbox 2159 3076 2250 3125; x_wconf 79' lang='lat' dir='ltr'>qao</span> <span class='ocrx_word' id='word_1_346' title='bbox 2276 3075 2382 3106; x_wconf 82' lang='lat' dir='ltr'>mu-</span> 
     </span>
     <span class='ocr_line' id='line_1_49' title="bbox 1360 3142 2384 3215; baseline -0.012 -16"><span class='ocrx_word' id='word_1_347' title='bbox 1360 3160 1445 3199; x_wconf 81' lang='lat' dir='ltr'>tua</span> <span class='ocrx_word' id='word_1_348' title='bbox 1463 3148 1750 3215; x_wconf 81' lang='lat' dir='ltr'>conflictatio</span> <span class='ocrx_word' id='word_1_349' title='bbox 1770 3149 1900 3194; x_wconf 80' lang='lat' dir='ltr'>inter</span> <span class='ocrx_word' id='word_1_350' title='bbox 1909 3145 2075 3211; x_wconf 79' lang='lat' dir='ltr'>plnres</span> <span class='ocrx_word' id='word_1_351' title='bbox 2090 3142 2269 3191; x_wconf 79' lang='lat' dir='ltr'>latinas</span> <span class='ocrx_word' id='word_1_352' title='bbox 2282 3158 2384 3188; x_wconf 85' lang='lat' dir='ltr'>ver-</span> 
     </span>
     <span class='ocr_line' id='line_1_50' title="bbox 1359 3223 2382 3296; baseline -0.006 -17"><span class='ocrx_word' id='word_1_353' title='bbox 1359 3235 1517 3281; x_wconf 75' lang='lat' dir='ltr'>siones</span> <span class='ocrx_word' id='word_1_354' title='bbox 1544 3230 1820 3296; x_wconf 77' lang='lat' dir='ltr'>pericnlum</span> <span class='ocrx_word' id='word_1_355' title='bbox 1855 3226 2121 3275; x_wconf 64' lang='lat' dir='ltr'>orthodoxae</span> <span class='ocrx_word' id='word_1_356' title='bbox 2151 3223 2382 3273; x_wconf 77' lang='lat' dir='ltr'>doctrinae</span> 
     </span>
     <span class='ocr_line' id='line_1_51' title="bbox 1361 3307 2387 3382; baseline -0.011 -19"><span class='ocrx_word' id='word_1_357' title='bbox 1361 3313 1587 3382; x_wconf 83' lang='lat' dir='ltr'>afferebat</span> <span class='ocrx_word' id='word_1_358' title='bbox 1597 3329 1617 3374; x_wconf 87' lang='lat'>,·</span> <span class='ocrx_word' id='word_1_359' title='bbox 1634 3328 1690 3359; x_wconf 83' lang='lat' dir='ltr'>ao</span> <span class='ocrx_word' id='word_1_360' title='bbox 1711 3309 1918 3377; x_wconf 81' lang='lat' dir='ltr'>proinde</span> <span class='ocrx_word' id='word_1_361' title='bbox 1938 3307 2151 3357; x_wconf 78' lang='lat' dir='ltr'>cessabat</span> <span class='ocrx_word' id='word_1_362' title='bbox 2179 3307 2286 3373; x_wconf 78' lang='lat' dir='ltr'>ipsa</span> <span class='ocrx_word' id='word_1_363' title='bbox 2297 3321 2387 3371; x_wconf 82' lang='lat' dir='ltr'>per</span> 
     </span>
     <span class='ocr_line' id='line_1_52' title="bbox 1359 3388 2386 3458; baseline -0.012 -12"><span class='ocrx_word' id='word_1_364' title='bbox 1359 3415 1488 3458; x_wconf 72' lang='lat' dir='ltr'>sese,</span> <span class='ocrx_word' id='word_1_365' title='bbox 1519 3396 1683 3443; x_wconf 72' lang='lat' dir='ltr'>statim</span> <span class='ocrx_word' id='word_1_366' title='bbox 1718 3409 1775 3442; x_wconf 84' lang='lat' dir='ltr'>ac</span> <span class='ocrx_word' id='word_1_367' title='bbox 1803 3408 1858 3439; x_wconf 86' lang='lat' dir='ltr'>ea</span> <span class='ocrx_word' id='word_1_368' title='bbox 1893 3390 2181 3455; x_wconf 78' lang='lat' dir='ltr'>conflictatio</span> <span class='ocrx_word' id='word_1_369' title='bbox 2218 3388 2386 3452; x_wconf 81' lang='lat' dir='ltr'>(atque</span> 
     </span>
     <span class='ocr_line' id='line_1_53' title="bbox 1361 3472 2385 3545; baseline -0.013 -16"><span class='ocrx_word' id='word_1_370' title='bbox 1361 3481 1461 3529; x_wconf 79' lang='lat' dir='ltr'>haec</span> <span class='ocrx_word' id='word_1_371' title='bbox 1489 3477 1685 3545; x_wconf 78' lang='lat' dir='ltr'>quidem</span> <span class='ocrx_word' id='word_1_372' title='bbox 1704 3473 1909 3542; x_wconf 79' lang='lat' dir='ltr'>jamdiu</span> <span class='ocrx_word' id='word_1_373' title='bbox 1938 3472 2161 3535; x_wconf 75' lang='lat' dir='ltr'>desivit),</span> <span class='ocrx_word' id='word_1_374' title='bbox 2194 3478 2239 3518; x_wconf 85' lang='lat' dir='ltr'>et</span> <span class='ocrx_word' id='word_1_375' title='bbox 2268 3485 2385 3517; x_wconf 85' lang='lat' dir='ltr'>eon-</span> 
     </span>
     <span class='ocr_line' id='line_1_54' title="bbox 1357 3552 2381 3627; baseline -0.01 -17"><span class='ocrx_word' id='word_1_376' title='bbox 1357 3576 1557 3627; x_wconf 71' lang='lat' dir='ltr'>sequem</span> <span class='ocrx_word' id='word_1_377' title='bbox 1572 3558 1686 3607; x_wconf 80' lang='lat' dir='ltr'>inde</span> <span class='ocrx_word' id='word_1_378' title='bbox 1705 3573 1828 3605; x_wconf 85' lang='lat' dir='ltr'>veroe</span> <span class='ocrx_word' id='word_1_379' title='bbox 1843 3554 2127 3603; x_wconf 77' lang='lat' dir='ltr'>christianoe</span> <span class='ocrx_word' id='word_1_380' title='bbox 2146 3552 2381 3602; x_wconf 81' lang='lat' dir='ltr'>doctrinoe</span> 
     </span>
    </p>
   </div>
   <div class='ocr_carea' id='block_1_6' title="bbox 1353 3639 2060 3712">
    <p class='ocr_par' dir='ltr' id='par_1_8' title="bbox 1353 3639 2060 3712">
     <span class='ocr_line' id='line_1_55' title="bbox 1353 3639 2060 3712; baseline -0.011 -17"><span class='ocrx_word' id='word_1_381' title='bbox 1353 3642 1629 3712; x_wconf 77' lang='lat' dir='ltr'>periculum</span> <span class='ocrx_word' id='word_1_382' title='bbox 1659 3639 1897 3689; x_wconf 78' lang='lat' dir='ltr'>sublatum</span> <span class='ocrx_word' id='word_1_383' title='bbox 1926 3645 2060 3687; x_wconf 74' lang='lat' dir='ltr'>esset.</span> 
     </span>
    </p>
   </div>
  </div>
 </body>
</html>
