2502 4134
390 212 526 251 mar
571 211 631 247 ιι.
679 206 799 247 car.
842 208 928 246 111.
977 209 1044 244 nn
1085 205 1244 245 saca.
1292 206 1577 244 scium-un.
1626 206 1806 243 mrim.
1995 184 2144 243 ·115

849 348 1259 402 PROPOSITIO
1299 347 1372 399 ΙΙ.

115 514 307 570 Solius
347 506 626 568 Ecclesioe
666 517 748 565 est
782 507 1183 585 doymaticam
1215 506 1482 584 proebere
1519 507 1853 585 Scripturae
1898 528 2083 564 sacroe

814 604 1382 680 interpretationem.

138 793 206 852 17
216 793 272 850 4.
321 791 650 869 Dogmatica
678 790 1108 870 Scripturarum
1142 789 1546 869 interpretatio
1566 832 1583 862 ‚
1618 808 1687 846 ex
1724 787 2061 868 praemissis‚
2095 791 2158 848 in

55 871 139 946 sui
170 887 404 945 notione
433 908 552 943 non
587 884 882 962 objectum
911 884 1088 949 modo
1116 882 1537 963 dogmaticum,
1573 903 1664 941 res
1692 903 1908 963 nempe
1936 881 2072 941 fidei
2095 905 2158 942 ac

54 1004 283 1042 morum
320 979 753 1061 complectitur,
786 999 988 1037 verum
1030 980 1207 1036 etiam
1233 978 1639 1037 auctoritatem
1676 997 1745 1035 ex
1777 988 1942 1056 parte
1970 976 2157 1053 illius7

56 1080 152 1159 qui
191 1098 318 1135 eam
354 1075 475 1134 edit
497 1119 513 1147 .,
553 1073 699 1132 adeo
733 1083 800 1130 ut
834 1073 894 1130 in
930 1092 1034 1128 suo
1073 1081 1356 1150 conceptu
1396 1069 1718 1149 dogmatica
1754 1072 2158 1159 interpretatio

55 1174 130 1231 sit
159 1172 333 1230 etiam
354 1168 678 1246 juridica,·
715 1163 896 1224 debet
938 1164 1099 1222 enim
1122 1208 1138 1233 ,
1170 1165 1268 1244 qui
1307 1163 1466 1221 illam
1503 1165 1780 1246 proponit
1806 1211 1821 1240 ,
1864 1172 1932 1226 eo
1963 1188 2161 1247 cogere

57 1263 253 1323 fideles
292 1282 459 1344 posse
478 1305 494 1334 .,
532 1271 597 1316 ut
622 1257 986 1317 intellectum
1017 1279 1187 1316 suum
1216 1256 1524 1336 subjiciant
1553 1270 1728 1340 atque
1751 1262 2159 1323 assentiantur.

54 1361 186 1418 Jam
221 1377 360 1416 vero
404 1354 577 1412 solius
619 1352 880 1412 Ecclesiae
928 1373 1050 1412 esse
1092 1352 1377 1430 ejusmodi
1417 1352 1678 1434 praebere
1735 1356 2163 1437 Scripturarum

53 1449 592 1533 interpretationem
610 1493 626 1522 ,
657 1447 964 1529 multiplici
995 1469 1064 1506 ex
1089 1448 1276 1528 capite
1305 1448 1468 1506 facile
1498 1448 1889 1508 vindicantur.
1916 1453 1992 1511 Ac
2013 1452 2075 1510 10
2091 1474 2162 1511 ΒΧ

53 1549 176 1629 ipsa
206 1547 288 1606 rei
307 1590 323 1619 7
354 1544 427 1604 de
453 1565 567 1625 qua
598 1544 815 1625 agitur,
852 1554 1093 1616 natura;
1122 1544 1346 1602 etenim
1374 1555 1581 1602 natura
1611 1543 1779 1622 hujus
1807 1546 2163 1628 interpreta-

56 1641 225 1701 tionis
262 1640 470 1719 exigit‚
510 1650 612 1711 ut,
647 1639 747 1719 qui
781 1659 908 1697 eam
945 1636 1197 1718 praebet,
1236 1650 1390 1697 certa
1426 1639 1606 1719 possit
1651 1651 1826 1720 atque
1870 1640 2161 1700 infallibili

59 1737 280 1796 ratione
311 1734 384 1793 de
409 1754 548 1794 vero
580 1734 1010 1814 Scripturarum
1036 1754 1208 1791 sensu
1236 1733 1494 1811 judicare
1514 1779 1529 1807 7
1562 1755 1627 1792 ac
1652 1757 1853 1793 omnes
1886 1748 2163 1817 praeterea

60 1829 401 1911 compellere
430 1829 502 1887 ad
537 1828 671 1887 huic
702 1826 1138 1887 assentiendum
1163 1829 1403 1906 judiciO.
1442 1831 1578 1887 Haec
1607 1830 1724 1888 duo
1762 1830 2030 1890 videlicet
2064 1853 2162 1890 re·-

60 1928 371 2008 quiruntur
394 1970 409 1998 a
446 1925 863 2002 infallibilz'tas
890 1934 949 1982 et
973 1927 1304 1983 auctoritas
1322 1944 1341 1992 ,·
1380 1924 1479 1982 ubi
1512 1923 1722 1983 harum
1764 1925 2160 1986 conditionum

60 2021 334 2080 alterutra
369 2018 553 2091 desit,
585 2019 795 2099 nequit.
815 2018 1139 2099 dogmatica
1173 2018 1298 2081 dari
1324 2020 1748 2100 interpretatio
1785 2020 1945 2080 Tolle
1976 2023 2161 2102 siqui-

63 2115 196 2175 dem
240 2113 710 2173 infallibilitatem
744 2114 821 2189 ¹in
873 2134 1150 2193 germano
1198 2113 1522 2192 dogmatico
1576 2137 1751 2173 sensu
1799 2117 2157 2197 assequendo

54 2209 479 2290 Scripturarum
496 2251 513 2279 ,
539 2207 769 2269 nullum
782 2212 907 2285 jam
930 2207 1224 2288 reliquum
1245 2220 1332 2267 est
1346 2214 1440 2285 jus
1464 2209 1535 2267 ad
1566 2211 1848 2287 ejusmodi
1872 2211 2162 2270 edendam

55 2303 633 2383 interpretationem„
658 2323 726 2360 eo
758 2303 884 2381 ipso
923 2301 1082 2381 quod
1117 2303 1296 2360 errori
1333 2302 1583 2361 obnoxia
1611 2305 1686 2361 sit
1707 2349 1722 2376 ,
1759 2324 1866 2363 nec
1897 2306 2005 2363 nisi
2035 2328 2162 2364 ma·-

48 2397 162 2474 j0ri
184 2396 469 2454 minorive
493 2394 902 2476 probabilitate
933 2406 1033 2454 aut
1060 2395 1567 2454 verisimilitudine
1591 2397 1761 2454 inniti
1790 2410 1982 2478 queat.
2001 2399 2160 2458 Tolle

58 2492 458 2550 auctoritatem
480 2534 496 2562 .,
533 2500 592 2548 et
618 2493 744 2566 jam
777 2510 951 2547 nemo
984 2487 1134 2567 adigi
1171 2488 1244 2546 ad
1279 2489 1442 2547 illam
1476 2490 1903 2554 admittendam
1947 2506 2159 2575 posset.
2174 2503 2193 2513 '‘

59 2589 237 2647 Porro
273 2586 577 2645 Ecclesiam
614 2585 797 2644 solam
827 2583 995 2642 binas
1035 2585 1206 2644 hasce
1245 2606 1364 2665 prae
1401 2607 1461 2643 se
1499 2585 1648 2645 ferre
1685 2588 2045 2649 conditiones
2089 2611 2159 2649 ex

61 2681 163 2755 iis,
207 2703 336 2762 quae
370 2682 430 2738 in
462 2681 746 2761 superiori
775 2679 945 2757 hujus
981 2680 1335 2738 tractationis
1374 2692 1539 2760 parte
1572 2679 1998 2762 disputavimus
2034 2685 2157 2764 (l),

65 2776 423 2858 apertissime
456 2786 722 2849 constat,
760 2795 824 2832 ac
854 2773 1101 2855 proinde
1136 2773 1231 2832 hic
1269 2774 1731 2834 demonstratum
1776 2779 2155 2852 assumimus3

67 2891 229 2951 ergo,
272 2869 702 2941 concludimuS,
746 2890 815 2928 ex
854 2870 974 2950 ipsa
1007 2870 1126 2942 rei7
1170 2867 1241 2928 de
1277 2891 1389 2949 qua
1434 2870 1651 2949 agitur,
1693 2880 1902 2930 natura
1938 2872 2157 2954 liquet,

70 2964 143 3024 ad
176 2965 357 3024 solam
405 2963 711 3024 Ecclesiam
754 2974 1044 3046 spectare,
1094 2962 1476 3043 dogmaticam
1527 2963 1800 3024 exhibere
1850 2967 2158 3048 Scripturae

71 3080 238 3119 sacrae
280 3059 838 3140 interpretationem.

79 3269 276 3331 Fuerat,
314 3289 414 3336 cap.
448 3288 465 3319 1
482 3287 497 3318 ι
524 3309 537 3329 ‚
572 3281 657 3320 art.
694 3270 726 3334 4
748 3308 760 3331 ,
795 3271 876 3319 ubi
904 3272 962 3319 ad
985 3271 1077 3318 dis·
1158 3271 1347 3333 frerius,
1376 3283 1418 3321 et
1446 3271 1672 3335 serarius,
1693 3276 1781 3325 loc.
1800 3278 1880 3326 cit.
1908 3280 1988 3343 qui
2017 3282 2163 3328 varias

84 3349 343 3400 solvendam
376 3353 498 3402 hanc
534 3355 682 3418 ipsam
723 3352 1038 3402 difficultatem
1060 3389 1074 3411 ‚
1160 3369 1313 3402 causas
1357 3373 1409 3402 ex
1446 3355 1651 3405 doctrina
1682 3357 1868 3406 Pati-um
1900 3361 2163 3425 assignant,

86 3430 307 3494 objectam
332 3433 388 3480 ab
415 3435 660 3490 incredulis
677 3470 691 3493 ‚
726 3437 895 3484 invicte
925 3445 1071 3491 osten·
1160 3452 1300 3500 quare
1333 3436 1458 3485 Deus
1496 3438 1690 3488 voluerit
1720 3436 1974 3507 Scripturas
2003 3442 2167 3492 ohscu-

88 3510 184 3565 dit,
219 3511 530 3562 revelationem
568 3517 816 3564 necessario
849 3515 1080 3564 involvere
1162 3533 1233 3564 ras
1260 3534 1372 3567 esse.

89 3600 133 3638 et
159 3606 396 3654 exposcere
417 3594 562 3642 ideam
590 3595 828 3644 tribunalis
857 3599 1079 3655 viventis,
1233 3599 1301 3661 (l)
1338 3598 1456 3647 Part.
1480 3617 1523 3658 ι,
1548 3610 1658 3648 sect.
1692 3618 1740 3661 ι,
1771 3619 1873 3666 cap.
1909 3601 1942 3664 4
1959 3640 1971 3661 ,
1994 3614 2076 3651 art.
2110 3619 2166 3664 2,

92 3669 216 3734 quod
250 3688 347 3718 eam
367 3685 577 3735 exponat.
608 3675 709 3726 Cfr.
730 3687 943 3740 praeterea
963 3677 1083 3725 Bon·
1167 3695 1300 3744 prop.
1331 3696 1375 3739 ι,
1414 3690 1455 3727 et
1485 3688 1571 3729 art.
1603 3680 1653 3729 3.

1847 3760 1902 3817 8.
