<?xml version="1.0" encoding="UTF-8"?>
<!DOCTYPE html PUBLIC "-//W3C//DTD XHTML 1.0 Transitional//EN"
    "http://www.w3.org/TR/xhtml1/DTD/xhtml1-transitional.dtd">
<html xmlns="http://www.w3.org/1999/xhtml" xml:lang="en" lang="en">
 <head>
  <title>
</title>
<meta http-equiv="Content-Type" content="text/html;charset=utf-8" />
  <meta name='ocr-system' content='tesseract 3.04.00' />
  <meta name='ocr-capabilities' content='ocr_page ocr_carea ocr_par ocr_line ocrx_word'/>
</head>
<body>
  <div class='ocr_page' id='page_1' title='image "a603693809perruoft_0179.png"; bbox 0 0 2502 4134; ppageno 0'>
   <div class='ocr_carea' id='block_1_1' title="bbox 432 139 2194 201">
    <p class='ocr_par' dir='ltr' id='par_1_1' title="bbox 432 139 2194 201">
     <span class='ocr_line' id='line_1_1' title="bbox 432 139 2194 201; baseline 0.003 -9"><span class='ocrx_word' id='word_1_1' title='bbox 432 157 591 195; x_wconf 71' lang='lat' dir='ltr'>um.</span> <span class='ocrx_word' id='word_1_2' title='bbox 637 155 695 193; x_wconf 89' lang='lat'>11.</span> <span class='ocrx_word' id='word_1_3' title='bbox 739 154 862 194; x_wconf 68' lang='lat' dir='ltr'>cn.</span> <span class='ocrx_word' id='word_1_4' title='bbox 907 154 987 195; x_wconf 78' lang='lat' dir='ltr'>lv.</span> <span class='ocrx_word' id='word_1_5' title='bbox 1041 157 1107 192; x_wconf 71' lang='lat' dir='ltr'>nn</span> <span class='ocrx_word' id='word_1_6' title='bbox 1153 157 1441 196; x_wconf 71' lang='lat' dir='ltr'>sempron.</span> <span class='ocrx_word' id='word_1_7' title='bbox 1490 157 1647 198; x_wconf 73' lang='lat' dir='ltr'>sAcn.</span> <span class='ocrx_word' id='word_1_8' title='bbox 1700 160 1853 201; x_wconf 67' lang='lat' dir='ltr'>vam.</span> <span class='ocrx_word' id='word_1_9' title='bbox 2086 139 2194 199; x_wconf 91' lang='lat'>171</span> 
     </span>
    </p>
   </div>
   <div class='ocr_carea' id='block_1_2' title="bbox 67 303 2199 3228">
    <p class='ocr_par' dir='ltr' id='par_1_2' title="bbox 76 303 2199 1803">
     <span class='ocr_line' id='line_1_2' title="bbox 87 303 2194 383; baseline 0 -21"><span class='ocrx_word' id='word_1_10' title='bbox 87 313 344 383; x_wconf 79' lang='lat' dir='ltr'>posteros</span> <span class='ocrx_word' id='word_1_11' title='bbox 365 303 650 381; x_wconf 77' lang='lat' dir='ltr'><strong><em>prodeat,</em></strong></span> <span class='ocrx_word' id='word_1_12' title='bbox 690 303 929 380; x_wconf 84' lang='lat' dir='ltr'>qualem</span> <span class='ocrx_word' id='word_1_13' title='bbox 960 323 1091 360; x_wconf 87' lang='lat' dir='ltr'>eam</span> <span class='ocrx_word' id='word_1_14' title='bbox 1127 303 1318 360; x_wconf 85' lang='lat' dir='ltr'>edidit</span> <span class='ocrx_word' id='word_1_15' title='bbox 1343 303 1752 382; x_wconf 75' lang='lat' dir='ltr'><strong><em>Hieronymus</em></strong></span> <span class='ocrx_word' id='word_1_16' title='bbox 1777 304 1889 383; x_wconf 89' lang='lat' dir='ltr'>(l).</span> <span class='ocrx_word' id='word_1_17' title='bbox 1919 304 1989 361; x_wconf 92' lang='lat' dir='ltr'>Et</span> <span class='ocrx_word' id='word_1_18' title='bbox 2013 324 2151 362; x_wconf 87' lang='lat' dir='ltr'>sane</span> <span class='ocrx_word' id='word_1_19' title='bbox 2177 349 2194 377; x_wconf 82' lang='grc'><em>,</em></span> 
     </span>
     <span class='ocr_line' id='line_1_3' title="bbox 93 394 2197 480; baseline -0 -23"><span class='ocrx_word' id='word_1_20' title='bbox 93 399 139 456; x_wconf 91' lang='lat' dir='ltr'>si</span> <span class='ocrx_word' id='word_1_21' title='bbox 170 419 244 457; x_wconf 83' lang='lat' dir='ltr'>ex</span> <span class='ocrx_word' id='word_1_22' title='bbox 274 395 438 455; x_wconf 89' lang='lat' dir='ltr'>dictis</span> <span class='ocrx_word' id='word_1_23' title='bbox 467 407 688 455; x_wconf 85' lang='lat' dir='ltr'>constat</span> <span class='ocrx_word' id='word_1_24' title='bbox 734 394 807 455; x_wconf 90' lang='lat' dir='ltr'>de</span> <span class='ocrx_word' id='word_1_25' title='bbox 850 396 1019 474; x_wconf 86' lang='lat' dir='ltr'>hujus</span> <span class='ocrx_word' id='word_1_26' title='bbox 1057 397 1336 458; x_wconf 86' lang='lat' dir='ltr'><strong>versionis</strong></span> <span class='ocrx_word' id='word_1_27' title='bbox 1377 417 1510 455; x_wconf 91' lang='lat' dir='ltr'>cum</span> <span class='ocrx_word' id='word_1_28' title='bbox 1554 397 1807 457; x_wconf 80' lang='lat' dir='ltr'>textibus</span> <span class='ocrx_word' id='word_1_29' title='bbox 1835 399 2197 480; x_wconf 87' lang='lat' dir='ltr'>primigeniis</span> 
     </span>
     <span class='ocr_line' id='line_1_4' title="bbox 92 490 2199 575; baseline 0.001 -24"><span class='ocrx_word' id='word_1_30' title='bbox 92 491 497 551; x_wconf 85' lang='lat' dir='ltr'>conformitate</span> <span class='ocrx_word' id='word_1_31' title='bbox 519 536 535 565; x_wconf 83' lang='lat'>‚</span> <span class='ocrx_word' id='word_1_32' title='bbox 581 491 705 549; x_wconf 90' lang='lat' dir='ltr'>fieri</span> <span class='ocrx_word' id='word_1_33' title='bbox 753 491 985 572; x_wconf 75' lang='lat' dir='ltr'>nequit,</span> <span class='ocrx_word' id='word_1_34' title='bbox 1035 503 1100 549; x_wconf 88' lang='lat' dir='ltr'>ut</span> <span class='ocrx_word' id='word_1_35' title='bbox 1139 492 1261 572; x_wconf 87' lang='lat' dir='ltr'>ipsa</span> <span class='ocrx_word' id='word_1_36' title='bbox 1304 490 1605 571; x_wconf 83' lang='lat' dir='ltr'>quidpiam</span> <span class='ocrx_word' id='word_1_37' title='bbox 1658 494 1955 553; x_wconf 90' lang='lat' dir='ltr'>contineat</span> <span class='ocrx_word' id='word_1_38' title='bbox 1974 539 1990 568; x_wconf 69' lang='lat'>,</span> <span class='ocrx_word' id='word_1_39' title='bbox 2040 493 2199 575; x_wconf 91' lang='lat' dir='ltr'>quod</span> 
     </span>
     <span class='ocr_line' id='line_1_5' title="bbox 91 584 2196 669; baseline 0.002 -25"><span class='ocrx_word' id='word_1_40' title='bbox 91 585 325 645; x_wconf 89' lang='lat' dir='ltr'>illorum</span> <span class='ocrx_word' id='word_1_41' title='bbox 369 585 703 644; x_wconf 75' lang='lat' dir='ltr'>substantiae</span> <span class='ocrx_word' id='word_1_42' title='bbox 748 585 1108 645; x_wconf 80' lang='lat' dir='ltr'><strong>adversetur.</strong></span> <span class='ocrx_word' id='word_1_43' title='bbox 1156 584 1222 644; x_wconf 92' lang='lat' dir='ltr'>Id</span> <span class='ocrx_word' id='word_1_44' title='bbox 1251 585 1447 666; x_wconf 90' lang='lat' dir='ltr'>ipsum</span> <span class='ocrx_word' id='word_1_45' title='bbox 1492 597 1772 666; x_wconf 85' lang='lat' dir='ltr'>praeterea</span> <span class='ocrx_word' id='word_1_46' title='bbox 1809 587 2092 669; x_wconf 89' lang='lat' dir='ltr'>probatur</span> <span class='ocrx_word' id='word_1_47' title='bbox 2121 610 2196 648; x_wconf 82' lang='lat' dir='ltr'>ex</span> 
     </span>
     <span class='ocr_line' id='line_1_6' title="bbox 90 680 2197 762; baseline 0.001 -23"><span class='ocrx_word' id='word_1_48' title='bbox 90 703 199 740; x_wconf 87' lang='lat' dir='ltr'>usu</span> <span class='ocrx_word' id='word_1_49' title='bbox 225 683 518 740; x_wconf 83' lang='lat' dir='ltr'>constanti</span> <span class='ocrx_word' id='word_1_50' title='bbox 546 681 804 760; x_wconf 86' lang='lat' dir='ltr'>ejusdem</span> <span class='ocrx_word' id='word_1_51' title='bbox 832 681 1111 742; x_wconf 85' lang='lat' dir='ltr'>versionis</span> <span class='ocrx_word' id='word_1_52' title='bbox 1160 701 1266 762; x_wconf 89' lang='lat' dir='ltr'>per</span> <span class='ocrx_word' id='word_1_53' title='bbox 1304 702 1487 738; x_wconf 89' lang='lat' dir='ltr'>annos</span> <span class='ocrx_word' id='word_1_54' title='bbox 1522 680 1653 761; x_wconf 91' lang='lat' dir='ltr'>plus</span> <span class='ocrx_word' id='word_1_55' title='bbox 1698 683 1889 741; x_wconf 88' lang='lat' dir='ltr'>minus</span> <span class='ocrx_word' id='word_1_56' title='bbox 1925 683 2085 743; x_wconf 93' lang='lat' dir='ltr'>mille</span> <span class='ocrx_word' id='word_1_57' title='bbox 2132 684 2197 742; x_wconf 89' lang='lat' dir='ltr'>in</span> 
     </span>
     <span class='ocr_line' id='line_1_7' title="bbox 89 764 2195 860; baseline 0.001 -26"><span class='ocrx_word' id='word_1_58' title='bbox 89 778 355 838; x_wconf 88' lang='lat' dir='ltr'>universa</span> <span class='ocrx_word' id='word_1_59' title='bbox 372 775 711 836; x_wconf 90' lang='lat' dir='ltr'>occidentali</span> <span class='ocrx_word' id='word_1_60' title='bbox 734 775 1000 835; x_wconf 83' lang='lat' dir='ltr'>Ecclesia.</span> <span class='ocrx_word' id='word_1_61' title='bbox 1025 777 1136 849; x_wconf 82' lang='lat' dir='ltr'>Qui</span> <span class='ocrx_word' id='word_1_62' title='bbox 1159 764 1318 835; x_wconf 89' lang='lat' dir='ltr'>enim</span> <span class='ocrx_word' id='word_1_63' title='bbox 1343 774 1615 834; x_wconf 89' lang='lat' dir='ltr'>acciderit</span> <span class='ocrx_word' id='word_1_64' title='bbox 1639 819 1654 848; x_wconf 88' lang='lat'>,</span> <span class='ocrx_word' id='word_1_65' title='bbox 1685 787 1751 832; x_wconf 89' lang='lat' dir='ltr'>ut</span> <span class='ocrx_word' id='word_1_66' title='bbox 1777 776 2036 838; x_wconf 87' lang='lat' dir='ltr'>Ecclesiae</span> <span class='ocrx_word' id='word_1_67' title='bbox 2058 800 2195 860; x_wconf 86' lang='lat' dir='ltr'>pars</span> 
     </span>
     <span class='ocr_line' id='line_1_8' title="bbox 89 869 2196 951; baseline 0.002 -24"><span class='ocrx_word' id='word_1_68' title='bbox 89 869 444 929; x_wconf 91' lang='lat' dir='ltr'>nobilissima</span> <span class='ocrx_word' id='word_1_69' title='bbox 460 914 476 945; x_wconf 73' lang='grc'><em>,</em></span> <span class='ocrx_word' id='word_1_70' title='bbox 526 871 844 951; x_wconf 83' lang='lat' dir='ltr'>praesertim</span> <span class='ocrx_word' id='word_1_71' title='bbox 871 892 1009 931; x_wconf 91' lang='lat' dir='ltr'>vero</span> <span class='ocrx_word' id='word_1_72' title='bbox 1055 872 1315 929; x_wconf 89' lang='lat' dir='ltr'>Romana</span> <span class='ocrx_word' id='word_1_73' title='bbox 1338 914 1355 943; x_wconf 73' lang='grc'><em>,</em></span> <span class='ocrx_word' id='word_1_74' title='bbox 1393 881 1494 944; x_wconf 65' lang='lat' dir='ltr'>tot&gt;</span> <span class='ocrx_word' id='word_1_75' title='bbox 1515 890 1620 929; x_wconf 86' lang='lat' dir='ltr'>usa</span> <span class='ocrx_word' id='word_1_76' title='bbox 1645 869 1846 928; x_wconf 91' lang='lat' dir='ltr'>seculis</span> <span class='ocrx_word' id='word_1_77' title='bbox 1870 872 2041 933; x_wconf 89' lang='lat' dir='ltr'>fuerit</span> <span class='ocrx_word' id='word_1_78' title='bbox 2062 894 2196 936; x_wconf 89' lang='lat' dir='ltr'>ver-</span> 
     </span>
     <span class='ocr_line' id='line_1_9' title="bbox 89 964 2195 1046; baseline 0.003 -24"><span class='ocrx_word' id='word_1_79' title='bbox 89 967 247 1025; x_wconf 91' lang='lat' dir='ltr'>sione</span> <span class='ocrx_word' id='word_1_80' title='bbox 274 966 474 1026; x_wconf 88' lang='lat' dir='ltr'>vitiosa</span> <span class='ocrx_word' id='word_1_81' title='bbox 521 967 582 1023; x_wconf 92' lang='lat' dir='ltr'>in</span> <span class='ocrx_word' id='word_1_82' title='bbox 611 965 781 1024; x_wconf 89' lang='lat' dir='ltr'>rebus</span> <span class='ocrx_word' id='word_1_83' title='bbox 817 964 1343 1023; x_wconf 78' lang='lat' dir='ltr'>substantialibus?</span> <span class='ocrx_word' id='word_1_84' title='bbox 1371 965 1540 1037; x_wconf 83' lang='lat' dir='ltr'>Quod</span> <span class='ocrx_word' id='word_1_85' title='bbox 1564 964 1802 1046; x_wconf 89' lang='lat' dir='ltr'>quidem</span> <span class='ocrx_word' id='word_1_86' title='bbox 1836 968 1981 1026; x_wconf 91' lang='lat' dir='ltr'>vidit</span> <span class='ocrx_word' id='word_1_87' title='bbox 2010 969 2195 1028; x_wconf 92' lang='lat' dir='ltr'>Ludo-</span> 
     </span>
     <span class='ocr_line' id='line_1_10' title="bbox 89 1056 2194 1141; baseline 0.002 -22"><span class='ocrx_word' id='word_1_88' title='bbox 89 1061 245 1129; x_wconf 86' lang='lat' dir='ltr'>vicus</span> <span class='ocrx_word' id='word_1_89' title='bbox 278 1060 400 1141; x_wconf 92' lang='lat' dir='ltr'>ipse</span> <span class='ocrx_word' id='word_1_90' title='bbox 428 1058 692 1140; x_wconf 88' lang='lat' dir='ltr'>Capellus</span> <span class='ocrx_word' id='word_1_91' title='bbox 711 1102 728 1131; x_wconf 88' lang='lat'>.‚</span> <span class='ocrx_word' id='word_1_92' title='bbox 754 1058 851 1138; x_wconf 90' lang='lat' dir='ltr'>qui</span> <span class='ocrx_word' id='word_1_93' title='bbox 877 1057 1143 1137; x_wconf 89' lang='lat' dir='ltr'>quamvis</span> <span class='ocrx_word' id='word_1_94' title='bbox 1169 1056 1560 1117; x_wconf 84' lang='lat' dir='ltr'>heterodoxus</span> <span class='ocrx_word' id='word_1_95' title='bbox 1587 1057 1712 1118; x_wconf 86' lang='lat' dir='ltr'>haec</span> <span class='ocrx_word' id='word_1_96' title='bbox 1738 1058 2030 1121; x_wconf 88' lang='lat' dir='ltr'>luculenta</span> <span class='ocrx_word' id='word_1_97' title='bbox 2054 1084 2194 1123; x_wconf 88' lang='lat' dir='ltr'>sane</span> 
     </span>
     <span class='ocr_line' id='line_1_11' title="bbox 87 1152 2196 1234; baseline 0.002 -22"><span class='ocrx_word' id='word_1_98' title='bbox 87 1153 329 1234; x_wconf 89' lang='lat' dir='ltr'>protulit</span> <span class='ocrx_word' id='word_1_99' title='bbox 356 1175 369 1210; x_wconf 72' lang='grc' dir='ltr'>ε</span> <span class='ocrx_word' id='word_1_100' title='bbox 408 1152 548 1213; x_wconf 89' lang='lat' dir='ltr'>Non</span> <span class='ocrx_word' id='word_1_101' title='bbox 575 1163 658 1211; x_wconf 77' lang='lat' dir='ltr'>est</span> <span class='ocrx_word' id='word_1_102' title='bbox 670 1173 891 1231; x_wconf 74' lang='lat' dir='ltr'>passus</span> <span class='ocrx_word' id='word_1_103' title='bbox 913 1153 1077 1211; x_wconf 78' lang='lat' dir='ltr'>Deus</span> <span class='ocrx_word' id='word_1_104' title='bbox 1101 1154 1170 1209; x_wconf 88' lang='lat' dir='ltr'>in</span> <span class='ocrx_word' id='word_1_105' title='bbox 1193 1153 1646 1227; x_wconf 74' lang='lat' dir='ltr'>translationes,</span> <span class='ocrx_word' id='word_1_106' title='bbox 1672 1155 1893 1232; x_wconf 79' lang='lat' dir='ltr'>quibus</span> <span class='ocrx_word' id='word_1_107' title='bbox 1926 1157 2196 1217; x_wconf 72' lang='lat' dir='ltr'>Ecclesia</span> 
     </span>
     <span class='ocr_line' id='line_1_12' title="bbox 82 1246 2192 1329; baseline 0.003 -23"><span class='ocrx_word' id='word_1_108' title='bbox 82 1270 198 1306; x_wconf 74' lang='lat' dir='ltr'>sua</span> <span class='ocrx_word' id='word_1_109' title='bbox 233 1269 344 1306; x_wconf 78' lang='lat' dir='ltr'>usa</span> <span class='ocrx_word' id='word_1_110' title='bbox 369 1257 454 1305; x_wconf 74' lang='lat' dir='ltr'>est</span> <span class='ocrx_word' id='word_1_111' title='bbox 473 1291 492 1315; x_wconf 86' lang='lat'>‚</span> <span class='ocrx_word' id='word_1_112' title='bbox 513 1257 570 1304; x_wconf 89' lang='lat' dir='ltr'>et</span> <span class='ocrx_word' id='word_1_113' title='bbox 586 1250 916 1304; x_wconf 75' lang='lat' dir='ltr'>etiamnum</span> <span class='ocrx_word' id='word_1_114' title='bbox 954 1246 1121 1304; x_wconf 74' lang='lat' dir='ltr'>hodie</span> <span class='ocrx_word' id='word_1_115' title='bbox 1150 1248 1372 1326; x_wconf 80' lang='lat' dir='ltr'>ubique</span> <span class='ocrx_word' id='word_1_116' title='bbox 1401 1252 1602 1306; x_wconf 76' lang='lat' dir='ltr'>utitur</span> <span class='ocrx_word' id='word_1_117' title='bbox 1619 1292 1643 1320; x_wconf 89' lang='lat'><em>,</em></span> <span class='ocrx_word' id='word_1_118' title='bbox 1668 1250 1916 1329; x_wconf 63' lang='lat' dir='ltr'>gliscere</span> <span class='ocrx_word' id='word_1_119' title='bbox 1939 1256 2192 1312; x_wconf 78' lang='lat' dir='ltr'>varieta-</span> 
     </span>
     <span class='ocr_line' id='line_1_13' title="bbox 77 1342 2194 1423; baseline 0.003 -25"><span class='ocrx_word' id='word_1_120' title='bbox 77 1353 189 1399; x_wconf 88' lang='lat' dir='ltr'>tem</span> <span class='ocrx_word' id='word_1_121' title='bbox 203 1363 308 1400; x_wconf 80' lang='lat' dir='ltr'>seu</span> <span class='ocrx_word' id='word_1_122' title='bbox 323 1342 732 1400; x_wconf 77' lang='lat' dir='ltr'>alterationem</span> <span class='ocrx_word' id='word_1_123' title='bbox 746 1351 1167 1400; x_wconf 85' lang='lat' dir='ltr'>momentosam</span> <span class='ocrx_word' id='word_1_124' title='bbox 1182 1384 1204 1413; x_wconf 88' lang='lat'><em>,</em></span> <span class='ocrx_word' id='word_1_125' title='bbox 1231 1364 1366 1421; x_wconf 76' lang='lat' dir='ltr'>quoe</span> <span class='ocrx_word' id='word_1_126' title='bbox 1380 1343 1719 1402; x_wconf 78' lang='lat' dir='ltr'>doctrinam</span> <span class='ocrx_word' id='word_1_127' title='bbox 1742 1350 1939 1423; x_wconf 79' lang='lat' dir='ltr'>ipsam</span> <span class='ocrx_word' id='word_1_128' title='bbox 1965 1348 2194 1406; x_wconf 79' lang='lat' dir='ltr'>immu-</span> 
     </span>
     <span class='ocr_line' id='line_1_14' title="bbox 78 1435 2192 1518; baseline 0.004 -26"><span class='ocrx_word' id='word_1_129' title='bbox 78 1446 156 1492; x_wconf 89' lang='lat' dir='ltr'>tet</span> <span class='ocrx_word' id='word_1_130' title='bbox 174 1446 352 1514; x_wconf 80' lang='lat' dir='ltr'>atque</span> <span class='ocrx_word' id='word_1_131' title='bbox 369 1447 725 1515; x_wconf 78' lang='lat' dir='ltr'>corrumpat</span> <span class='ocrx_word' id='word_1_132' title='bbox 749 1435 861 1514; x_wconf 79' lang='lat'><strong>(2).</strong></span> <span class='ocrx_word' id='word_1_133' title='bbox 877 1435 950 1495; x_wconf 86' lang='lat' dir='ltr'><em>N</em></span> <span class='ocrx_word' id='word_1_134' title='bbox 945 1439 1166 1515; x_wconf 66' lang='lat' dir='ltr'>eyative</span> <span class='ocrx_word' id='word_1_135' title='bbox 1182 1447 1377 1496; x_wconf 89' lang='lat' dir='ltr'>autem</span> <span class='ocrx_word' id='word_1_136' title='bbox 1402 1437 1557 1518; x_wconf 92' lang='lat' dir='ltr'>quod</span> <span class='ocrx_word' id='word_1_137' title='bbox 1573 1439 1934 1498; x_wconf 86' lang='lat' dir='ltr'>intendimus</span> <span class='ocrx_word' id='word_1_138' title='bbox 1952 1439 2192 1500; x_wconf 89' lang='lat' dir='ltr'>demum</span> 
     </span>
     <span class='ocr_line' id='line_1_15' title="bbox 79 1529 2194 1613; baseline 0.003 -25"><span class='ocrx_word' id='word_1_139' title='bbox 79 1529 368 1589; x_wconf 85' lang='lat' dir='ltr'>evincitur</span> <span class='ocrx_word' id='word_1_140' title='bbox 393 1550 465 1588; x_wconf 79' lang='lat' dir='ltr'>ex</span> <span class='ocrx_word' id='word_1_141' title='bbox 487 1529 773 1589; x_wconf 88' lang='lat' dir='ltr'>solutione</span> <span class='ocrx_word' id='word_1_142' title='bbox 796 1529 1199 1590; x_wconf 89' lang='lat' dir='ltr'>difficultatem</span> <span class='ocrx_word' id='word_1_143' title='bbox 1220 1576 1237 1605; x_wconf 64' lang='lat' dir='ltr'>a</span> <span class='ocrx_word' id='word_1_144' title='bbox 1267 1554 1409 1613; x_wconf 87' lang='lat' dir='ltr'>quas</span> <span class='ocrx_word' id='word_1_145' title='bbox 1433 1532 1734 1592; x_wconf 88' lang='lat' dir='ltr'>acatholici</span> <span class='ocrx_word' id='word_1_146' title='bbox 1756 1535 2032 1595; x_wconf 90' lang='lat' dir='ltr'>adversus</span> <span class='ocrx_word' id='word_1_147' title='bbox 2066 1535 2194 1595; x_wconf 89' lang='lat' dir='ltr'>Vul-</span> 
     </span>
     <span class='ocr_line' id='line_1_16' title="bbox 76 1623 2192 1707; baseline 0.004 -25"><span class='ocrx_word' id='word_1_148' title='bbox 76 1635 267 1703; x_wconf 89' lang='lat' dir='ltr'>gatam</span> <span class='ocrx_word' id='word_1_149' title='bbox 303 1623 624 1685; x_wconf 88' lang='lat' dir='ltr'>identidem</span> <span class='ocrx_word' id='word_1_150' title='bbox 659 1636 1094 1706; x_wconf 70' lang='lat' dir='ltr'>opposuerunt7</span> <span class='ocrx_word' id='word_1_151' title='bbox 1127 1647 1375 1707; x_wconf 91' lang='lat' dir='ltr'>quarum</span> <span class='ocrx_word' id='word_1_152' title='bbox 1410 1627 1571 1686; x_wconf 89' lang='lat' dir='ltr'>nulla</span> <span class='ocrx_word' id='word_1_153' title='bbox 1605 1640 1694 1688; x_wconf 90' lang='lat' dir='ltr'>est</span> <span class='ocrx_word' id='word_1_154' title='bbox 1714 1674 1730 1703; x_wconf 83' lang='lat'>.,</span> <span class='ocrx_word' id='word_1_155' title='bbox 1768 1641 1834 1688; x_wconf 91' lang='lat' dir='ltr'>ut</span> <span class='ocrx_word' id='word_1_156' title='bbox 1858 1651 1930 1691; x_wconf 79' lang='lat' dir='ltr'>ex</span> <span class='ocrx_word' id='word_1_157' title='bbox 1953 1631 2192 1691; x_wconf 89' lang='lat' dir='ltr'>inferius</span> 
     </span>
     <span class='ocr_line' id='line_1_17' title="bbox 79 1717 1654 1803; baseline 0.003 -26"><span class='ocrx_word' id='word_1_158' title='bbox 79 1717 336 1778; x_wconf 89' lang='lat' dir='ltr'>dicendis</span> <span class='ocrx_word' id='word_1_159' title='bbox 364 1719 588 1801; x_wconf 88' lang='lat' dir='ltr'>patebit</span> <span class='ocrx_word' id='word_1_160' title='bbox 605 1765 623 1796; x_wconf 86' lang='lat'>,</span> <span class='ocrx_word' id='word_1_161' title='bbox 649 1740 776 1801; x_wconf 87' lang='lat' dir='ltr'>quae</span> <span class='ocrx_word' id='word_1_162' title='bbox 800 1720 1188 1780; x_wconf 90' lang='lat' dir='ltr'>substantiam</span> <span class='ocrx_word' id='word_1_163' title='bbox 1213 1721 1402 1803; x_wconf 88' lang='lat' dir='ltr'>ipsam</span> <span class='ocrx_word' id='word_1_164' title='bbox 1425 1722 1654 1783; x_wconf 88' lang='lat' dir='ltr'>afficiat.</span> 
     </span>
    </p>

    <p class='ocr_par' dir='ltr' id='par_1_3' title="bbox 67 1813 2189 2633">
     <span class='ocr_line' id='line_1_18' title="bbox 156 1813 2187 1900; baseline 0.004 -29"><span class='ocrx_word' id='word_1_165' title='bbox 156 1813 299 1873; x_wconf 82' lang='grc'><strong>255.</strong></span> <span class='ocrx_word' id='word_1_166' title='bbox 346 1814 478 1875; x_wconf 90' lang='lat' dir='ltr'>Sive</span> <span class='ocrx_word' id='word_1_167' title='bbox 515 1815 691 1895; x_wconf 83' lang='lat' dir='ltr'>igitur</span> <span class='ocrx_word' id='word_1_168' title='bbox 721 1827 1016 1897; x_wconf 89' lang='lat' dir='ltr'>spectetur</span> <span class='ocrx_word' id='word_1_169' title='bbox 1050 1816 1328 1876; x_wconf 87' lang='lat' dir='ltr'>versionis</span> <span class='ocrx_word' id='word_1_170' title='bbox 1363 1817 1615 1897; x_wconf 85' lang='lat' dir='ltr'>Vulgatae</span> <span class='ocrx_word' id='word_1_171' title='bbox 1648 1841 1755 1900; x_wconf 94' lang='lat' dir='ltr'>per</span> <span class='ocrx_word' id='word_1_172' title='bbox 1790 1830 1876 1878; x_wconf 90' lang='lat' dir='ltr'>tot</span> <span class='ocrx_word' id='word_1_173' title='bbox 1905 1820 2094 1880; x_wconf 90' lang='lat' dir='ltr'>secula</span> <span class='ocrx_word' id='word_1_174' title='bbox 2124 1822 2187 1880; x_wconf 91' lang='lat' dir='ltr'>in</span> 
     </span>
     <span class='ocr_line' id='line_1_19' title="bbox 77 1908 2189 1996; baseline 0.006 -29"><span class='ocrx_word' id='word_1_175' title='bbox 77 1908 318 1968; x_wconf 89' lang='lat' dir='ltr'>Ecclesia</span> <span class='ocrx_word' id='word_1_176' title='bbox 355 1933 526 1985; x_wconf 75' lang='lat' dir='ltr'>usuS‚</span> <span class='ocrx_word' id='word_1_177' title='bbox 570 1911 693 1972; x_wconf 91' lang='lat' dir='ltr'>sive</span> <span class='ocrx_word' id='word_1_178' title='bbox 731 1911 1195 1973; x_wconf 87' lang='lat' dir='ltr'>adversariorum</span> <span class='ocrx_word' id='word_1_179' title='bbox 1229 1914 1485 1994; x_wconf 88' lang='lat' dir='ltr'>ipsorum</span> <span class='ocrx_word' id='word_1_180' title='bbox 1527 1915 1894 1996; x_wconf 86' lang='lat' dir='ltr'>suffragium,</span> <span class='ocrx_word' id='word_1_181' title='bbox 1928 1916 2051 1979; x_wconf 92' lang='lat' dir='ltr'>sive</span> <span class='ocrx_word' id='word_1_182' title='bbox 2083 1917 2189 1979; x_wconf 89' lang='lat' dir='ltr'>de·</span> 
     </span>
     <span class='ocr_line' id='line_1_20' title="bbox 76 2004 2186 2092; baseline 0.005 -30"><span class='ocrx_word' id='word_1_183' title='bbox 76 2004 254 2086; x_wconf 89' lang='lat' dir='ltr'>nique</span> <span class='ocrx_word' id='word_1_184' title='bbox 291 2005 720 2087; x_wconf 88' lang='lat' dir='ltr'>impossibilitas</span> <span class='ocrx_word' id='word_1_185' title='bbox 740 2006 1043 2089; x_wconf 87' lang='lat' dir='ltr'>quidpiam</span> <span class='ocrx_word' id='word_1_186' title='bbox 1062 2008 1123 2066; x_wconf 89' lang='lat' dir='ltr'>in</span> <span class='ocrx_word' id='word_1_187' title='bbox 1148 2030 1211 2068; x_wconf 91' lang='lat' dir='ltr'>ea</span> <span class='ocrx_word' id='word_1_188' title='bbox 1235 2009 1603 2091; x_wconf 71' lang='lat' dir='ltr'>reperiendi,</span> <span class='ocrx_word' id='word_1_189' title='bbox 1625 2011 1782 2092; x_wconf 88' lang='lat' dir='ltr'>quod</span> <span class='ocrx_word' id='word_1_190' title='bbox 1795 2013 1960 2092; x_wconf 87' lang='lat' dir='ltr'>argui</span> <span class='ocrx_word' id='word_1_191' title='bbox 1977 2014 2186 2072; x_wconf 88' lang='lat' dir='ltr'>erroris</span> 
     </span>
     <span class='ocr_line' id='line_1_21' title="bbox 75 2099 2184 2190; baseline 0.006 -35"><span class='ocrx_word' id='word_1_192' title='bbox 75 2110 246 2179; x_wconf 87' lang='lat' dir='ltr'>queat</span> <span class='ocrx_word' id='word_1_193' title='bbox 272 2099 334 2157; x_wconf 89' lang='lat' dir='ltr'>in</span> <span class='ocrx_word' id='word_1_194' title='bbox 378 2099 549 2159; x_wconf 87' lang='lat' dir='ltr'>rebus</span> <span class='ocrx_word' id='word_1_195' title='bbox 588 2101 721 2160; x_wconf 90' lang='lat' dir='ltr'>fidei</span> <span class='ocrx_word' id='word_1_196' title='bbox 755 2114 854 2160; x_wconf 91' lang='lat' dir='ltr'>aut</span> <span class='ocrx_word' id='word_1_197' title='bbox 882 2124 1146 2180; x_wconf 83' lang='lat' dir='ltr'>morum,</span> <span class='ocrx_word' id='word_1_198' title='bbox 1175 2115 1276 2162; x_wconf 91' lang='lat' dir='ltr'>aut</span> <span class='ocrx_word' id='word_1_199' title='bbox 1305 2104 1463 2187; x_wconf 89' lang='lat' dir='ltr'>quod</span> <span class='ocrx_word' id='word_1_200' title='bbox 1506 2105 1894 2166; x_wconf 85' lang='lat' dir='ltr'>substantiam</span> <span class='ocrx_word' id='word_1_201' title='bbox 1917 2130 2184 2190; x_wconf 87' lang='lat' dir='ltr'>quoquo—</span> 
     </span>
     <span class='ocr_line' id='line_1_22' title="bbox 74 2191 2187 2280; baseline 0.007 -32"><span class='ocrx_word' id='word_1_202' title='bbox 74 2191 248 2250; x_wconf 89' lang='lat' dir='ltr'>modo</span> <span class='ocrx_word' id='word_1_203' title='bbox 291 2194 571 2273; x_wconf 70' lang='lat' dir='ltr'>attingat.,</span> <span class='ocrx_word' id='word_1_204' title='bbox 612 2207 809 2277; x_wconf 72' lang='lat' dir='ltr'>patet,</span> <span class='ocrx_word' id='word_1_205' title='bbox 845 2197 1000 2277; x_wconf 91' lang='lat' dir='ltr'>quod</span> <span class='ocrx_word' id='word_1_206' title='bbox 1039 2199 1306 2259; x_wconf 83' lang='lat' dir='ltr'>evincere</span> <span class='ocrx_word' id='word_1_207' title='bbox 1346 2202 1754 2280; x_wconf 88' lang='lat' dir='ltr'>proposuimus</span> <span class='ocrx_word' id='word_1_208' title='bbox 1781 2247 1798 2276; x_wconf 73' lang='lat'>‚</span> <span class='ocrx_word' id='word_1_209' title='bbox 1842 2202 2187 2263; x_wconf 41' lang='lat' dir='ltr'>nihilsvide-</span> 
     </span>
     <span class='ocr_line' id='line_1_23' title="bbox 74 2286 2184 2374; baseline 0.006 -31"><span class='ocrx_word' id='word_1_210' title='bbox 74 2286 209 2346; x_wconf 86' lang='lat' dir='ltr'>licet</span> <span class='ocrx_word' id='word_1_211' title='bbox 231 2286 292 2345; x_wconf 91' lang='lat' dir='ltr'>in</span> <span class='ocrx_word' id='word_1_212' title='bbox 317 2308 384 2346; x_wconf 87' lang='lat' dir='ltr'>ea</span> <span class='ocrx_word' id='word_1_213' title='bbox 412 2290 694 2348; x_wconf 89' lang='lat' dir='ltr'>contineri</span> <span class='ocrx_word' id='word_1_214' title='bbox 717 2335 732 2363; x_wconf 62' lang='lat' dir='ltr'>a</span> <span class='ocrx_word' id='word_1_215' title='bbox 769 2291 925 2370; x_wconf 91' lang='lat' dir='ltr'>quod</span> <span class='ocrx_word' id='word_1_216' title='bbox 954 2293 1142 2350; x_wconf 80' lang='lat' dir='ltr'>textui</span> <span class='ocrx_word' id='word_1_217' title='bbox 1172 2293 1518 2373; x_wconf 90' lang='lat' dir='ltr'>primigenio</span> <span class='ocrx_word' id='word_1_218' title='bbox 1540 2295 1715 2374; x_wconf 89' lang='lat' dir='ltr'>plane</span> <span class='ocrx_word' id='word_1_219' title='bbox 1743 2296 2038 2356; x_wconf 88' lang='lat' dir='ltr'>conforme</span> <span class='ocrx_word' id='word_1_220' title='bbox 2063 2319 2184 2356; x_wconf 91' lang='lat' dir='ltr'>non</span> 
     </span>
     <span class='ocr_line' id='line_1_24' title="bbox 71 2380 2180 2468; baseline 0.006 -30"><span class='ocrx_word' id='word_1_221' title='bbox 71 2381 180 2453; x_wconf 76' lang='lat' dir='ltr'>sit3</span> <span class='ocrx_word' id='word_1_222' title='bbox 212 2380 467 2462; x_wconf 89' lang='lat' dir='ltr'>adeoque</span> <span class='ocrx_word' id='word_1_223' title='bbox 486 2428 501 2456; x_wconf 70' lang='lat'>,</span> <span class='ocrx_word' id='word_1_224' title='bbox 537 2383 691 2463; x_wconf 91' lang='lat' dir='ltr'>quod</span> <span class='ocrx_word' id='word_1_225' title='bbox 717 2405 1078 2465; x_wconf 88' lang='lat' dir='ltr'>consequens</span> <span class='ocrx_word' id='word_1_226' title='bbox 1102 2397 1219 2461; x_wconf 88' lang='lat' dir='ltr'>est,</span> <span class='ocrx_word' id='word_1_227' title='bbox 1263 2388 1472 2445; x_wconf 87' lang='lat' dir='ltr'>merito</span> <span class='ocrx_word' id='word_1_228' title='bbox 1508 2409 1540 2445; x_wconf 90' lang='lat' dir='ltr'>a</span> <span class='ocrx_word' id='word_1_229' title='bbox 1580 2388 1811 2468; x_wconf 76' lang='lat' dir='ltr'>Synodo</span> <span class='ocrx_word' id='word_1_230' title='bbox 1837 2391 2180 2450; x_wconf 86' lang='lat' dir='ltr'>Tridentina</span> 
     </span>
     <span class='ocr_line' id='line_1_25' title="bbox 68 2474 2182 2561; baseline 0.006 -29"><span class='ocrx_word' id='word_1_231' title='bbox 68 2474 310 2533; x_wconf 90' lang='lat' dir='ltr'>latinam</span> <span class='ocrx_word' id='word_1_232' title='bbox 354 2477 647 2556; x_wconf 81' lang='lat' dir='ltr'>vulgatam</span> <span class='ocrx_word' id='word_1_233' title='bbox 684 2478 1000 2538; x_wconf 91' lang='lat' dir='ltr'>editionem</span> <span class='ocrx_word' id='word_1_234' title='bbox 1024 2501 1130 2560; x_wconf 88' lang='lat' dir='ltr'>pro</span> <span class='ocrx_word' id='word_1_235' title='bbox 1157 2479 1487 2540; x_wconf 89' lang='lat' dir='ltr'>authentica</span> <span class='ocrx_word' id='word_1_236' title='bbox 1512 2480 1846 2542; x_wconf 89' lang='lat' dir='ltr'>habendam</span> <span class='ocrx_word' id='word_1_237' title='bbox 1869 2505 1994 2545; x_wconf 87' lang='lat' dir='ltr'>esse</span> <span class='ocrx_word' id='word_1_238' title='bbox 2015 2530 2034 2561; x_wconf 83' lang='lat'>.,</span> <span class='ocrx_word' id='word_1_239' title='bbox 2063 2497 2182 2544; x_wconf 91' lang='lat' dir='ltr'>sta-</span> 
     </span>
     <span class='ocr_line' id='line_1_26' title="bbox 67 2564 1831 2633; baseline 0.006 -7"><span class='ocrx_word' id='word_1_240' title='bbox 67 2580 260 2628; x_wconf 90' lang='lat' dir='ltr'>tutum</span> <span class='ocrx_word' id='word_1_241' title='bbox 299 2570 472 2630; x_wconf 89' lang='lat' dir='ltr'>fuisse</span> <span class='ocrx_word' id='word_1_242' title='bbox 521 2593 584 2631; x_wconf 87' lang='lat' dir='ltr'>ac</span> <span class='ocrx_word' id='word_1_243' title='bbox 621 2571 999 2633; x_wconf 86' lang='lat' dir='ltr'>declaratum.</span> <span class='ocrx_word' id='word_1_244' title='bbox 1829 2564 1831 2566; x_wconf 21' lang='grc' dir='ltr'>Ι</span> 
     </span>
    </p>

    <p class='ocr_par' dir='ltr' id='par_1_4' title="bbox 69 2665 2177 3228">
     <span class='ocr_line' id='line_1_27' title="bbox 146 2665 2176 2751; baseline 0.006 -29"><span class='ocrx_word' id='word_1_245' title='bbox 146 2665 288 2723; x_wconf 79' lang='lat'><strong>256.</strong></span> <span class='ocrx_word' id='word_1_246' title='bbox 341 2667 551 2726; x_wconf 89' lang='lat' dir='ltr'>Verum</span> <span class='ocrx_word' id='word_1_247' title='bbox 588 2678 646 2726; x_wconf 91' lang='lat' dir='ltr'>et</span> <span class='ocrx_word' id='word_1_248' title='bbox 690 2667 835 2726; x_wconf 91' lang='lat' dir='ltr'>illud</span> <span class='ocrx_word' id='word_1_249' title='bbox 876 2679 1157 2750; x_wconf 85' lang='lat' dir='ltr'>praeterea</span> <span class='ocrx_word' id='word_1_250' title='bbox 1194 2668 1336 2728; x_wconf 88' lang='lat' dir='ltr'>lucri</span> <span class='ocrx_word' id='word_1_251' title='bbox 1375 2691 1446 2729; x_wconf 75' lang='lat' dir='ltr'>ex</span> <span class='ocrx_word' id='word_1_252' title='bbox 1480 2670 1822 2732; x_wconf 90' lang='lat' dir='ltr'>Tridentino</span> <span class='ocrx_word' id='word_1_253' title='bbox 1858 2672 2176 2751; x_wconf 83' lang='lat' dir='ltr'>habemuS,</span> 
     </span>
     <span class='ocr_line' id='line_1_28' title="bbox 69 2760 2174 2845; baseline 0.006 -27"><span class='ocrx_word' id='word_1_254' title='bbox 69 2761 223 2840; x_wconf 88' lang='lat' dir='ltr'>quod</span> <span class='ocrx_word' id='word_1_255' title='bbox 244 2760 463 2821; x_wconf 71' lang='lat' dir='ltr'>haerere</span> <span class='ocrx_word' id='word_1_256' title='bbox 486 2761 645 2821; x_wconf 89' lang='lat' dir='ltr'>haud</span> <span class='ocrx_word' id='word_1_257' title='bbox 669 2763 918 2845; x_wconf 88' lang='lat' dir='ltr'>amplius</span> <span class='ocrx_word' id='word_1_258' title='bbox 948 2763 1261 2824; x_wconf 88' lang='lat' dir='ltr'>debeamus</span> <span class='ocrx_word' id='word_1_259' title='bbox 1287 2765 1434 2823; x_wconf 89' lang='lat' dir='ltr'>circa</span> <span class='ocrx_word' id='word_1_260' title='bbox 1457 2767 1769 2845; x_wconf 79' lang='lat' dir='ltr'>genuinam</span> <span class='ocrx_word' id='word_1_261' title='bbox 1805 2770 2132 2830; x_wconf 85' lang='lat' dir='ltr'>versionem</span> <span class='ocrx_word' id='word_1_262' title='bbox 2157 2815 2174 2844; x_wconf 83' lang='lat'>‚</span> 
     </span>
     <span class='ocr_line' id='line_1_29' title="bbox 69 2855 2177 2943; baseline 0.006 -31"><span class='ocrx_word' id='word_1_263' title='bbox 69 2867 241 2935; x_wconf 91' lang='lat' dir='ltr'>prout</span> <span class='ocrx_word' id='word_1_264' title='bbox 262 2855 483 2918; x_wconf 85' lang='lat' dir='ltr'>haerere</span> <span class='ocrx_word' id='word_1_265' title='bbox 522 2859 842 2918; x_wconf 89' lang='lat' dir='ltr'>necessario</span> <span class='ocrx_word' id='word_1_266' title='bbox 882 2857 1102 2919; x_wconf 90' lang='lat' dir='ltr'>debent</span> <span class='ocrx_word' id='word_1_267' title='bbox 1144 2861 1572 2933; x_wconf 77' lang='lat' dir='ltr'>Protestantes3</span> <span class='ocrx_word' id='word_1_268' title='bbox 1613 2862 1756 2943; x_wconf 69' lang='lat' dir='ltr'>qui,</span> <span class='ocrx_word' id='word_1_269' title='bbox 1801 2884 1935 2922; x_wconf 88' lang='lat' dir='ltr'>cum</span> <span class='ocrx_word' id='word_1_270' title='bbox 1968 2864 2177 2925; x_wconf 75' lang='lat' dir='ltr'>nolue-</span> 
     </span>
     <span class='ocr_line' id='line_1_30' title="bbox 76 2949 2174 3036; baseline 0.006 -30"><span class='ocrx_word' id='word_1_271' title='bbox 76 2949 195 3008; x_wconf 90' lang='lat' dir='ltr'>rint</span> <span class='ocrx_word' id='word_1_272' title='bbox 233 2973 537 3031; x_wconf 80' lang='lat' dir='ltr'>agnoscere</span> <span class='ocrx_word' id='word_1_273' title='bbox 576 2954 666 3012; x_wconf 92' lang='lat' dir='ltr'>uti</span> <span class='ocrx_word' id='word_1_274' title='bbox 709 2954 1109 3014; x_wconf 86' lang='lat' dir='ltr'>authenticam</span> <span class='ocrx_word' id='word_1_275' title='bbox 1147 2955 1475 3015; x_wconf 89' lang='lat' dir='ltr'>versionem</span> <span class='ocrx_word' id='word_1_276' title='bbox 1514 2956 1846 3036; x_wconf 88' lang='lat' dir='ltr'>Vulgatam,</span> <span class='ocrx_word' id='word_1_277' title='bbox 1889 2956 2174 3019; x_wconf 90' lang='lat' dir='ltr'>fluctuant</span> 
     </span>
     <span class='ocr_line' id='line_1_31' title="bbox 70 3042 2174 3135; baseline 0.007 -36"><span class='ocrx_word' id='word_1_278' title='bbox 70 3042 270 3104; x_wconf 88' lang='lat' dir='ltr'>incerti</span> <span class='ocrx_word' id='word_1_279' title='bbox 299 3047 361 3105; x_wconf 92' lang='lat' dir='ltr'>in</span> <span class='ocrx_word' id='word_1_280' title='bbox 399 3047 679 3107; x_wconf 89' lang='lat' dir='ltr'>electione</span> <span class='ocrx_word' id='word_1_281' title='bbox 719 3060 807 3107; x_wconf 91' lang='lat' dir='ltr'>tot</span> <span class='ocrx_word' id='word_1_282' title='bbox 840 3050 996 3108; x_wconf 89' lang='lat' dir='ltr'>inter</span> <span class='ocrx_word' id='word_1_283' title='bbox 1025 3050 1316 3110; x_wconf 90' lang='lat' dir='ltr'>versiones</span> <span class='ocrx_word' id='word_1_284' title='bbox 1339 3095 1354 3124; x_wconf 73' lang='grc'><em>,</em></span> <span class='ocrx_word' id='word_1_285' title='bbox 1396 3071 1522 3131; x_wconf 87' lang='lat' dir='ltr'>quae</span> <span class='ocrx_word' id='word_1_286' title='bbox 1563 3050 1719 3132; x_wconf 88' lang='lat' dir='ltr'>apud</span> <span class='ocrx_word' id='word_1_287' title='bbox 1749 3052 1902 3133; x_wconf 91' lang='lat' dir='ltr'>ipsos</span> <span class='ocrx_word' id='word_1_288' title='bbox 1935 3053 2174 3135; x_wconf 87' lang='lat' dir='ltr'>prodie-</span> 
     </span>
     <span class='ocr_line' id='line_1_32' title="bbox 74 3139 2173 3228; baseline 0.008 -36"><span class='ocrx_word' id='word_1_289' title='bbox 74 3148 206 3195; x_wconf 89' lang='lat' dir='ltr'>runt</span> <span class='ocrx_word' id='word_1_290' title='bbox 228 3139 339 3220; x_wconf 87' lang='lat'><strong>(3).</strong></span> <span class='ocrx_word' id='word_1_291' title='bbox 373 3143 441 3200; x_wconf 91' lang='lat' dir='ltr'>Et</span> <span class='ocrx_word' id='word_1_292' title='bbox 466 3164 820 3225; x_wconf 88' lang='lat' dir='ltr'>quamquam</span> <span class='ocrx_word' id='word_1_293' title='bbox 846 3143 955 3226; x_wconf 93' lang='lat' dir='ltr'>ipsi</span> <span class='ocrx_word' id='word_1_294' title='bbox 983 3143 1116 3203; x_wconf 91' lang='lat' dir='ltr'>huic</span> <span class='ocrx_word' id='word_1_295' title='bbox 1143 3145 1517 3204; x_wconf 88' lang='lat' dir='ltr'>incommodo</span> <span class='ocrx_word' id='word_1_296' title='bbox 1536 3167 1836 3206; x_wconf 87' lang='lat' dir='ltr'>occurrere</span> <span class='ocrx_word' id='word_1_297' title='bbox 1859 3149 2173 3228; x_wconf 84' lang='lat' dir='ltr'>sategerint</span> 
     </span>
    </p>
   </div>
   <div class='ocr_carea' id='block_1_3' title="bbox 75 3365 2171 3690">
    <p class='ocr_par' dir='ltr' id='par_1_5' title="bbox 75 3365 2171 3690">
     <span class='ocr_line' id='line_1_33' title="bbox 144 3365 2169 3442; baseline 0.007 -29"><span class='ocrx_word' id='word_1_298' title='bbox 144 3365 209 3428; x_wconf 93' lang='lat' dir='ltr'>(l)</span> <span class='ocrx_word' id='word_1_299' title='bbox 245 3366 436 3435; x_wconf 77' lang='lat' dir='ltr'>Proleq.</span> <span class='ocrx_word' id='word_1_300' title='bbox 450 3374 508 3421; x_wconf 78' lang='lat' dir='ltr'>in</span> <span class='ocrx_word' id='word_1_301' title='bbox 531 3373 656 3425; x_wconf 86' lang='lat' dir='ltr'>Nov.</span> <span class='ocrx_word' id='word_1_302' title='bbox 683 3375 814 3424; x_wconf 75' lang='lat' dir='ltr'>Test.</span> <span class='ocrx_word' id='word_1_303' title='bbox 836 3393 939 3442; x_wconf 83' lang='lat' dir='ltr'>pag.</span> <span class='ocrx_word' id='word_1_304' title='bbox 960 3374 1071 3438; x_wconf 70' lang='lat'>142.</span> <span class='ocrx_word' id='word_1_305' title='bbox 1159 3375 1517 3426; x_wconf 82' lang='lat' dir='ltr'>Protestantibus</span> <span class='ocrx_word' id='word_1_306' title='bbox 1534 3380 1761 3427; x_wconf 82' lang='lat' dir='ltr'>versiones</span> <span class='ocrx_word' id='word_1_307' title='bbox 1789 3389 1887 3427; x_wconf 85' lang='lat' dir='ltr'>tum</span> <span class='ocrx_word' id='word_1_308' title='bbox 1910 3397 1963 3428; x_wconf 83' lang='lat' dir='ltr'>ex</span> <span class='ocrx_word' id='word_1_309' title='bbox 1983 3379 2169 3428; x_wconf 85' lang='lat' dir='ltr'>hebrai-</span> 
     </span>
     <span class='ocr_line' id='line_1_34' title="bbox 139 3446 2170 3524; baseline 0.007 -32"><span class='ocrx_word' id='word_1_310' title='bbox 139 3446 208 3509; x_wconf 80' lang='lat'>(2)</span> <span class='ocrx_word' id='word_1_311' title='bbox 232 3446 575 3518; x_wconf 73' lang='lat' dir='ltr'>Criticasacra,</span> <span class='ocrx_word' id='word_1_312' title='bbox 589 3456 900 3507; x_wconf 84' lang='lat' dir='ltr'>Lutet.Paris.</span> <span class='ocrx_word' id='word_1_313' title='bbox 925 3455 1073 3516; x_wconf 86' lang='lat'>1650,</span> <span class='ocrx_word' id='word_1_314' title='bbox 1160 3460 1224 3505; x_wconf 82' lang='lat' dir='ltr'>cis</span> <span class='ocrx_word' id='word_1_315' title='bbox 1263 3476 1373 3507; x_wconf 89' lang='lat' dir='ltr'>cum</span> <span class='ocrx_word' id='word_1_316' title='bbox 1413 3477 1466 3508; x_wconf 88' lang='lat' dir='ltr'>ex</span> <span class='ocrx_word' id='word_1_317' title='bbox 1507 3459 1662 3524; x_wconf 83' lang='lat' dir='ltr'>graecis</span> <span class='ocrx_word' id='word_1_318' title='bbox 1696 3461 1904 3509; x_wconf 85' lang='lat' dir='ltr'>fontibus</span> <span class='ocrx_word' id='word_1_319' title='bbox 1943 3461 2170 3509; x_wconf 81' lang='lat' dir='ltr'>adornatae</span> 
     </span>
     <span class='ocr_line' id='line_1_35' title="bbox 75 3527 2171 3607; baseline 0.007 -35"><span class='ocrx_word' id='word_1_320' title='bbox 75 3527 161 3577; x_wconf 78' lang='lat' dir='ltr'>lib.</span> <span class='ocrx_word' id='word_1_321' title='bbox 189 3544 230 3574; x_wconf 71' lang='lat' dir='ltr'>vn</span> <span class='ocrx_word' id='word_1_322' title='bbox 247 3563 261 3586; x_wconf 92' lang='lat'>,</span> <span class='ocrx_word' id='word_1_323' title='bbox 293 3545 394 3595; x_wconf 85' lang='lat' dir='ltr'>cap.</span> <span class='ocrx_word' id='word_1_324' title='bbox 422 3530 483 3596; x_wconf 84' lang='lat'>5,</span> <span class='ocrx_word' id='word_1_325' title='bbox 511 3534 538 3601; x_wconf 79' lang='lat'>§</span> <span class='ocrx_word' id='word_1_326' title='bbox 563 3553 620 3586; x_wconf 90' lang='lat'>10</span> <span class='ocrx_word' id='word_1_327' title='bbox 638 3573 660 3597; x_wconf 71' lang='lat'>,‚</span> <span class='ocrx_word' id='word_1_328' title='bbox 681 3555 789 3606; x_wconf 79' lang='lat' dir='ltr'>pag.</span> <span class='ocrx_word' id='word_1_329' title='bbox 817 3538 935 3603; x_wconf 76' lang='lat'><strong>403.</strong></span> <span class='ocrx_word' id='word_1_330' title='bbox 1158 3539 1333 3588; x_wconf 85' lang='lat' dir='ltr'>fuerint</span> <span class='ocrx_word' id='word_1_331' title='bbox 1353 3576 1368 3601; x_wconf 86' lang='lat'>‚</span> <span class='ocrx_word' id='word_1_332' title='bbox 1415 3540 1544 3589; x_wconf 90' lang='lat' dir='ltr'>nulla</span> <span class='ocrx_word' id='word_1_333' title='bbox 1588 3551 1743 3591; x_wconf 81' lang='lat' dir='ltr'>tamen</span> <span class='ocrx_word' id='word_1_334' title='bbox 1782 3551 1849 3591; x_wconf 79' lang='lat' dir='ltr'>est</span> <span class='ocrx_word' id='word_1_335' title='bbox 1886 3542 2009 3607; x_wconf 88' lang='lat' dir='ltr'>apud</span> <span class='ocrx_word' id='word_1_336' title='bbox 2049 3543 2171 3605; x_wconf 86' lang='lat' dir='ltr'>ipsos</span> 
     </span>
     <span class='ocr_line' id='line_1_36' title="bbox 142 3606 2171 3690; baseline 0.008 -36"><span class='ocrx_word' id='word_1_337' title='bbox 142 3607 207 3670; x_wconf 91' lang='lat'>(3)</span> <span class='ocrx_word' id='word_1_338' title='bbox 245 3606 362 3659; x_wconf 86' lang='lat' dir='ltr'>Sane</span> <span class='ocrx_word' id='word_1_339' title='bbox 382 3649 395 3673; x_wconf 89' lang='lat'><strong>,</strong></span> <span class='ocrx_word' id='word_1_340' title='bbox 437 3614 541 3664; x_wconf 84' lang='lat' dir='ltr'>licet</span> <span class='ocrx_word' id='word_1_341' title='bbox 579 3620 828 3669; x_wconf 84' lang='lat' dir='ltr'>innumerae</span> <span class='ocrx_word' id='word_1_342' title='bbox 870 3639 1009 3687; x_wconf 89' lang='lat' dir='ltr'>prope</span> <span class='ocrx_word' id='word_1_343' title='bbox 1050 3639 1075 3669; x_wconf 86' lang='lat' dir='ltr'>a</span> <span class='ocrx_word' id='word_1_344' title='bbox 1161 3625 1421 3671; x_wconf 86' lang='lat' dir='ltr'>communis</span> <span class='ocrx_word' id='word_1_345' title='bbox 1463 3624 1641 3687; x_wconf 68' lang='grc' dir='ltr'>νει-εἷος</span> <span class='ocrx_word' id='word_1_346' title='bbox 1680 3634 1725 3673; x_wconf 87' lang='lat' dir='ltr'>et</span> <span class='ocrx_word' id='word_1_347' title='bbox 1748 3659 1764 3684; x_wconf 87' lang='lat'>‚</span> <span class='ocrx_word' id='word_1_348' title='bbox 1809 3626 1985 3690; x_wconf 84' lang='lat' dir='ltr'>quoties</span> <span class='ocrx_word' id='word_1_349' title='bbox 2019 3622 2171 3672; x_wconf 79' lang='lat' dir='ltr'>adhuc</span> 
     </span>
    </p>
   </div>
  </div>
 </body>
</html>
