2502 4134
288 158 365 216 98
871 178 1063 218 macr.
1111 181 1178 217 mi.
1226 181 1376 219 nocis
1422 182 1800 223 rflnotoelcffi.

286 325 628 383 auctoritate
661 335 721 382 et
749 324 1089 383 testimonio
1114 336 1319 384 caetera
1347 323 1663 384 credantur
1682 372 1697 399 7
1723 347 1851 409 quae
1871 328 1990 410 ipsa
2025 339 2308 409 tanquam
2336 329 2428 388 ‹li-

284 420 504 481 vinitus
526 418 785 479 revelata
808 423 1087 502 proponit
1110 467 1124 492 7
1150 421 1307 478 inter
1333 439 1461 501 quae
1482 416 1779 504 Scriptura
1807 423 2084 499 canonica
2107 422 2428 506 divinoque

284 516 521 575 afflante
582 516 803 596 Spiritu
858 529 1094 587 exarata
1148 516 1519 598 praecipuum
1573 517 1806 579 obtinet
1856 519 2071 579 locum.
2130 520 2433 602 Siquidem

283 614 582 693 Scriptura
609 612 868 692 regulam
889 614 1191 672 constituit
1213 624 1540 685 remotam,
1567 614 1876 696 partialem
1904 628 1963 676 et
1996 615 2427 698 inadaequatam

278 707 710 767 vcredendorum
740 707 847 767 sub
881 708 1144 768 Ecclesia}
1178 708 1445 787 ejusdem
1493 710 1840 788 magisterio.
1882 713 2109 785 Quaevis
2134 712 2244 771 alia
2277 714 2367 773 via
2399 735 2431 772 a

278 804 743 864 protestantibus
781 806 1107 883 excogitata
1143 816 1245 863 aut
1284 804 1507 864 incerta
1542 817 1643 863 aut
1685 806 2043 867 insufficiens
2083 807 2261 890 plane
2303 802 2428 884 est,

280 900 366 957 uti
390 921 460 959 ex
484 899 768 959 hactenus
799 899 1112 981 disputatis
1140 912 1342 980 aperte
1375 900 1668 981 colligitur
1691 900 1806 979 (1).

1156 1121 1400 1180 CAPUT
1446 1123 1543 1181 111.

612 1310 678 1346 DE
724 1308 1025 1347 SACRARUM
1071 1309 1501 1346 SCRIPTURARUM
1550 1311 2101 1350 INTRRPRETAUONE.

373 1495 506 1553 151.
557 1492 784 1574 Duplex
807 1513 1102 1551 sacrarum
1129 1493 1564 1574 Scripturarum
1590 1496 2003 1574 interpretatio
2031 1495 2308 1575 distingui
2334 1498 2433 1558 de-

284 1590 386 1650 bet
407 1637 423 1664 7
453 1592 791 1672 doqmatica
822 1587 1093 1649 videlicet
1124 1599 1183 1647 et
1214 1592 1526 1668 eoeeyetiea.
1564 1590 1979 1671 Interpretatio
2009 1591 2334 1671 dogmatica
2362 1615 2428 1654 ea

288 1699 376 1746 est
397 1733 412 1760 7
431 1707 558 1768 quae
570 1696 850 1765 potestate
868 1706 970 1744 seu
989 1690 1353 1744 auctoritate
1380 1686 1447 1743 fit
1472 1706 1606 1743 cum
1633 1684 1934 1766 obligandi
1953 1688 2007 1747 vi
2030 1734 2045 1758 7
2066 1710 2173 1769 pro
2203 1711 2426 1771 suoque

284 1781 511 1860 objecto
533 1767 977 1863 liabet‘aliquod
1002 1781 1135 1839 fidei
1167 1780 1379 1861 dogma
1403 1827 1417 1854 7
1448 1802 1550 1839 seu
1581 1781 1836 1863 aliquam
1860 1784 2170 1844 veritatem
2191 1785 2430 1845 exhibet

285 1878 360 1937 ad
407 1878 581 1938 fidem
633 1899 901 1937 moresve
947 1877 1385 1959 pertinentem7
1429 1890 1531 1936 aut
1584 1899 1711 1960 quae
1747 1878 1860 1937 alio
1899 1881 2105 1962 quovis
2144 1882 2321 1941 modo
2354 1882 2429 1941 ad

288 1975 423 2035 fidei
450 1975 781 2057 depositum
815 1974 1066 2033 refertur
1089 2000 1104 2047 ς
1133 1975 1543 2055 interpretatio
1570 1976 1862 2054 exegetica
1899 1987 1985 2034 est
2011 1977 2284 2058 quaedam
2309 1980 2433 2059 pri-

292 2084 430 2131 vata
456 2118 470 2143 7
510 2070 849 2131 doctrinalis
896 2081 997 2128 aut
1040 2070 1353 2129 scientifica
1397 2072 1690 2130 enarratio
1714 2071 1808 2130 vel
1835 2073 2117 2153 expositio
2130 2118 2154 2145 ,
2188 2096 2319 2155 quae
2348 2075 2438 2134 fa-

287 2168 552 2228 ciliorem
603 2167 830 2251 praebet
893 2167 1040 2226 sacri
1094 2178 1290 2226 textus
1357 2165 1833 2246 intelligentiam.
1897 2169 2032 2227 Jam
2077 2190 2216 2227 vero
2256 2175 2427 2247 juxta

290 2263 619 2324 Catholicos
664 2263 989 2343 dogmatica
1026 2263 1437 2344 interpretatio
1481 2261 1557 2320 ad
1600 2261 1786 2321 solam
1835 2263 2129 2323 exclusive
2173 2265 2431 2346 pertinet

291 2360 641 2431 Ecclesiam,
687 2371 892 2438 utpote
935 2358 1229 2440 quaefsola
1270 2380 1301 2416 a
1356 2359 1587 2417 Christo
1642 2358 1938 2418 infallibili
1988 2362 2330 2421 auctoritate
2367 2383 2433 2420 ac

286 2457 621 2537 magisterio
661 2458 948 2515 instructa
999 2456 1074 2513 sit
1117 2454 1192 2513 ad
1237 2476 1438 2513 veram
1477 2454 1656 2515 fidem
1689 2454 2075 2532 tradendam,
2114 2478 2434 2538 omnesque

288 2553 714 2613 controversias
745 2552 880 2612 fidei
921 2551 1319 2624 dirimendas7
1354 2572 1386 2610 e
1425 2562 1626 2609 contra
1664 2553 1832 2630 juxta
1879 2553 2272 2610 protestantes
2299 2553 2434 2634 qui-

291 2648 438 2707 libet
492 2671 522 2707 e
564 2649 910 2707 Christianis
966 2647 1257 2726 legitimus
1298 2668 1423 2706 esse
1471 2658 1666 2728 potest
1722 2647 2086 2726 dogmaticus
2135 2669 2432 2707 sacrarum

298 2745 653 2803 Litterarum
697 2746 1011 2824 interpres.
1067 2743 1480 2822 interpretatio
1520 2743 1810 2823 exegetica
1845 2742 2299 2825 uniuscujusque
2336 2744 2435 2802 in-

293 2839 530 2899 dustriae
554 2885 571 2916 7
603 2839 917 2919 diligentiae
952 2860 1019 2898 ac
1057 2837 1250 2896 studio
1297 2838 1618 2896 dimittitur
1655 2835 1730 2896 ab
1767 2836 2014 2898 Ecclesia
2047 2885 2062 2914 7
2113 2839 2435 2899 dummodo

292 2937 446 2994 intra
466 2936 613 2996 finies
651 2947 710 2994 et
736 2935 963 3015 regulas
1000 2934 1074 2994 ab
1120 2935 1242 3014 ipsa
1283 2933 1633 3013 praestitutas
1657 2978 1673 3008 7
1709 2955 1969 3016 quasque
2005 2937 2085 2995 rei
2122 2937 2303 3017 ipsius
2326 2958 2435 2995 na-

290 3041 421 3089 tura
456 3032 715 3113 exposcit
734 3077 750 3108 7
798 3032 1044 3113 quisque
1072 3051 1133 3088 se
1159 3030 1477 3089 contineat.

373 3127 510 3185 152.
563 3130 740 3187 Porro
773 3127 1063 3210 praecipua
1100 3126 1496 3186 controversia
1522 3170 1537 3199 7
1573 3147 1751 3206 quam
1803 3148 1939 3187 vere
1983 3129 2432 3206 fundamenta-

353 3363 426 3428 (l)
462 3360 559 3410 Cfr.
606 3359 798 3410 Bossuet
831 3378 845 3409 ε
884 3358 1192 3409 Instruction
1225 3376 1310 3407 sur
1394 3357 1641 3423 tholiques.
1687 3358 1775 3424 Op.
1829 3360 1944 3409 edit.
1990 3361 2069 3407 cit.
2122 3370 2239 3409 tom.
2292 3379 2387 3410 xxu
2417 3400 2430 3421 7

286 3447 632 3513 lespromeases
654 3445 711 3492 de
731 3443 956 3509 l’quise,
965 3461 1095 3510 pour
1109 3453 1321 3492 montrer
1403 3459 1510 3507 pag.
1544 3441 1640 3506 373
1672 3451 1717 3489 et
1755 3459 1885 3508 seqq.
1918 3458 2104 3489 necnon
2141 3441 2433 3508 Conference

290 3546 391 3579 aux
420 3530 606 3578 Reunia
622 3563 640 3589 ,
668 3544 768 3593 par
795 3527 1044 3595 l‘eoepresse
1067 3525 1235 3593 parole
1261 3527 1319 3574 de
1402 3539 1516 3571 avec
1540 3522 1617 3571 M.
1640 3521 1820 3572 Claude
1835 3558 1853 3584 ‚
1878 3523 2104 3570 ministre
2127 3523 2185 3571 de
2212 3523 2429 3573 Charen-

285 3611 426 3660 Dieu
441 3645 458 3672 ‚
489 3627 579 3676 que
608 3608 649 3658 le
678 3610 826 3657 meme
840 3611 1070 3674 principe
1090 3607 1176 3673 qui
1199 3625 1319 3655 nous
1405 3615 1508 3663 ton,
1531 3622 1617 3654 aur
1632 3605 1679 3654 Ia
1698 3607 1894 3654 maliet-e
1910 3605 1967 3653 de
1983 3604 2187 3671 I'Eylise
2201 3642 2217 3671 ,
2239 3608 2328 3655 loc.
2347 3608 2428 3655 cit.

273 3689 375 3754 fait
400 3692 642 3741 chreciens
664 3708 786 3741 nous
811 3690 913 3739 doit
934 3692 1073 3739 aussi
1088 3690 1218 3756 faire
1237 3708 1317 3739 ca-
