2502 4134
299 184 378 244 84

883 200 1080 238 TRAc‘r.
1126 198 1195 237 DE
1237 196 1387 234 LOCIS
1430 197 1805 237 THEOLOGICIS.

298 347 559 430 operatio
584 342 912 404 excluditur
937 342 1050 424 (l).
1081 343 1282 422 Neque
1311 340 1706 399 omittendum
1727 387 1743 415 7
1770 341 1927 400 haud
1953 362 2118 422 posse
2154 362 2186 398 a
2226 341 2427 400 Prote·

297 439 589 502 stantibus
622 438 889 500 divinam
909 437 1356 520 inspirationem
1395 435 1825 516 Scripturarum
1857 438 2201 495 auctoritate
2232 435 2425 495 vindi—

295 538 414 598 cari
435 581 451 611 ,
477 536 622 617 qui-n
650 533 914 593 incidant
944 534 1005 592 in
1035 533 1240 592 vitium
1261 533 1572 608 petitionis
1586 535 1893 611 principii
1911 555 1941 591 a
1971 532 2166 612 logicis
2194 552 2430 590 nuncu-

294 644 520 713 patum.
544 633 693 699 Nam
713 651 782 690 ex
809 650 1011 689 eorum
1036 625 1339 708 principiis
1364 627 1534 686 unice
1557 627 1927 708 probaretur,
1955 630 2280 710 Scripturas
2302 649 2427 687 esse

188 792 191 797 ,
296 727 580 787 divinitus
610 727 920 808 inspiratas
941 770 956 797 .,
994 724 1128 805 quia
1166 721 1514 801 Scripturas,
1556 744 1686 803 quae
1710 724 1798 781 uti
1822 723 2103 783 divinitus
2128 725 2427 804 inspiratae

223 885 226 888 Α
296 833 710 892 assumuntur,
741 820 801 879 id
844 830 1173 886 testantur,·
1207 815 1366 899 quod
1406 817 1612 876 merito
1647 817 1760 876 illis
1799 821 1939 879 vitio
1973 832 2211 879 vertunt
2249 819 2427 878 ratio-

291 917 523 978 ‹nalistae
554 918 662 995 (2).

382 1013 517 1072 135.
564 1013 632 1069 20
677 1013 807 1070 Non
841 1010 1043 1071 valent
1075 1009 1314 1089 antiqua
1358 1009 1743 1083 documenta3
1777 1032 1915 1068 nam
1949 1011 2140 1088 quoad
2168 1032 2301 1083 θος,
2328 1011 2427 1093 qui

292 1108 553 1168 Ecclesiae
585 1107 992 1167 auctoritatem
1019 1105 1324 1183 rejiciunt,
1362 1104 1635 1164 eamdem
1664 1104 1838 1185 plane
1878 1107 1996 1166 vim
2039 1106 2303 1166 obtinere
2329 1107 2428 1166 de-

292 1203 439 1263 bent
468 1203 838 1284 antiquitatis
866 1201 1218 1260 documenta
1241 1245 1256 1273 ,
1291 1210 1348 1259 et
1375 1220 1503 1281 quae
1530 1199 1603 1258 ab
1633 1200 1914 1260 haereticis
1939 1214 1996 1261 et
2023 1224 2150 1284 quae
2176 1225 2209 1261 a
2238 1201 2431 1262 catho-

294 1298 420 1359 licis
452 1298 783 1358 auctoribus
805 1307 1138 1378 supersunt.
1169 1297 1347 1354 Porro
1373 1296 1569 1377 ecquis
1595 1308 1683 1354 est
1708 1298 1807 1378 qui
1833 1298 2062 1377 ignoret
2081 1343 2096 1371 ‚
2132 1298 2430 1357 haereticos

298 1394 760 1476 antiquissim03‚
805 1392 1128 1465 EbionitaS‚
1171 1390 1605 1465 CerintliianOS‚
1650 1395 1978 1471 GnostiCOS‚
2023 1396 2387 1453 Marcionitas
2410 1439 2426 1468 ‚

294 1642 398 1693 Cfr.
430 1641 756 1690 Rosenmiiller
776 1677 789 1698 ‚
822 1641 874 1687 in
895 1656 927 1687 ιι
954 1638 1081 1686 Tim.
1112 1652 1165 1685 111
1185 1676 1197 1698 ‚
1237 1634 1316 1685 16·

292 1726 434 1775 Juxta
476 1724 732 1772 Henricum
785 1722 1030 1771 Heinrichs
1080 1720 1323 1786 Apostolus

294 1809 388 1856 loc.
436 1810 518 1855 cit.
559 1805 827 1871 auspicatur
858 1823 883 1852 a
911 1803 1189 1869 generaliore
1221 1820 1325 1851 sen-

294 1891 436 1939 tentia
465 1888 535 1936 vel
568 1887 671 1935 loco
701 1889 975 1945 communi,
1006 1895 1060 1933 ut
1088 1884 1207 1933 adeo
1239 1902 1323 1933 ne-

294 1989 385 2037 que
414 1970 471 2018 de
500 1964 552 2015 V
552 1980 614 2019 et.
644 1970 776 2018 Test.
793 1986 943 2034 neque
966 1969 1023 2016 de
1038 1969 1163 2018 Noo.
1188 1969 1321 2018 Test.

294 2052 584 2119 accipienda
601 2054 688 2116 ipsi
704 2051 929 2100 videatur.
943 2051 1038 2101 Cfr.
1054 2050 1110 2099 N
1109 2067 1187 2101 ov.
1199 2049 1244 2099 Τ
1238 2060 1323 2099 eat.

305 2137 483 2186 Graece
503 2171 520 2196 ,
557 2142 791 2201 perpetua
832 2135 1142 2182 annotatione
1185 2133 1323 2181 illus-

301 2225 497 2267 tratum.
532 2217 657 2265 Edit.
688 2216 970 2282 Koppianae‚
992 2217 1084 2265 vol.
1100 2233 1193 2278 vu,
1215 2216 1323 2264 (ἰοῖ-

296 2305 413 2367 ting.
467 2298 628 2366 1788,
672 2317 776 2364 pag.
820 2315 912 2363 170
955 2308 1001 2346 et
1042 2317 1174 2364 seqq.
1210 2301 1322 2348 item

296 2383 468 2448 Knapii
485 2421 498 2435 .
520 2382 715 2447 Scripta
741 2383 870 2429 varii
897 2383 1198 2445 arqumenti,
1224 2380 1319 2430 Ha-

297 2467 354 2514 lia
391 2465 501 2514 Sax.
539 2461 665 2514 1823
686 2500 701 2526 ,
731 2474 846 2512 tom.
879 2479 926 2524 1,
954 2461 1023 2511 De
1050 2479 1143 2510 usu
1173 2465 1320 2512 vatio.

296 2548 355 2596 ad
386 2548 476 2596 loc.
501 2565 535 2595 ιι
560 2547 683 2594 Petri
710 2562 725 2593 1
745 2583 758 2606 ,
803 2560 977 2612 19-21.

369 2630 435 2693 (1)
474 2629 576 2679 Cfr.
619 2627 735 2677 Chr.
779 2627 908 2676 Frid.
943 2627 1206 2689 Fritzsche‚
1253 2626 1324 2677 De

295 2711 600 2762 revelationis
619 2713 813 2759 notione
830 2709 1011 2759 biblica
1031 2720 1322 2759 commenta-

298 2797 365 2844 tio
385 2830 400 2850 ,
435 2795 563 2860 Lips.
609 2791 754 2842 1828.
776 2794 844 2841 Ex
859 2793 949 2841 hac
965 2803 1174 2857 apparet,
1195 2809 1323 2857 quae-

298 2896 410 2927 nam
431 2880 553 2925 inter
573 2875 877 2924 Protestantes
899 2877 1210 2923 controversia
1229 2876 1321 2923 fer—

296 2970 449 3010 vescat
462 2958 582 3008 circa
592 2958 849 3006 mediatam
860 2957 875 3020 (
885 2974 965 3005 seu
978 2974 1057 3022 per
1068 2959 1319 3022 rationem)

298 3053 343 3093 et
378 3043 696 3091 immediatam
733 3040 986 3089 efficaciam
1022 3040 1228 3088 divinam
1269 3043 1320 3089 in

296 3124 667 3173 manifestatione
696 3122 784 3172 Dei
816 3122 1086 3171 voluntatis.
1120 3122 1319 3171 Natura-

294 3207 438 3265 lisiae,
477 3209 559 3272 qui
603 3207 788 3254 nonnisi
829 3205 1081 3253 mediatam
1107 3203 1190 3253 Dei
1221 3205 1319 3254 effi-

304 3291 479 3337 caciam
510 3287 787 3348 admittunt,
817 3298 1005 3336 eatenus
1037 3304 1119 3352 pro
1149 3287 1317 3335 divinis

292 3370 528 3419 habendas
576 3369 860 3437 Scripturas,
884 3387 981 3418 esse
1028 3378 1305 3429 autumant,

296 3462 526 3520 quatenus
540 3453 774 3516 praecipua
789 3453 938 3515 capita
954 3452 1157 3500 veritatis
1173 3447 1315 3500 laude

292 3536 475 3586 florent.
512 3533 613 3581 Imo
652 3535 985 3599 quaestionem,
1024 3543 1078 3581 ut
1113 3544 1311 3597 vocant,

293 3618 352 3667 de
384 3614 585 3666 mediata
616 3625 696 3664 aut
732 3615 1000 3664 immediata
1031 3615 1119 3665 Dei
1156 3633 1314 3680 opera-

292 3701 417 3749 tione
431 3698 492 3749 ad
505 3697 794 3749 scholasticas
806 3699 1137 3750 controversias
1152 3713 1311 3750 aman-

1408 1639 1538 1688 daut.
1580 1640 1806 1689 Hebraeos
1834 1644 2044 1691 statuisse
2071 1644 2233 1692 eodem
2262 1644 2425 1705 mode,

1409 1738 1500 1787 quo
1535 1726 1668 1787 prisci
1702 1725 1860 1789 populi
1891 1742 2054 1775 omnes
2072 1765 2085 1785 ‚
2112 1726 2169 1774 de
2194 1728 2428 1792 prophetis

1406 1807 1502 1853 suis
1523 1841 1535 1864 ‚
1566 1817 1611 1853 et
1628 1809 1683 1855 iis
1706 1808 1926 1856 omnibus
1941 1847 1952 1867 ,
1974 1810 2145 1874 quibus
2161 1828 2287 1858 suam
2304 1810 2427 1858 Deus

1405 1886 1655 1937 revelasset
1690 1890 2005 1954 voluntatem,
2045 1892 2177 1956 longe
2208 1892 2428 1957 probabi-

1406 1971 1495 2019 lius
1531 1974 1814 2022 existimant.
1857 1972 2008 2039 Atque
2052 1974 2144 2023 huc
2166 1975 2423 2033 referunt,

1407 2069 1508 2116 quae
1535 2052 1758 2116 AEgyptii,
1781 2052 1930 2101 Persae
1959 2063 2099 2119 atque
2125 2054 2227 2102 Indi
2260 2055 2347 2103 hac
2366 2056 2424 2103 de

1405 2150 1453 2182 re
1483 2144 1754 2195 senserunt3
1791 2136 1904 2183 item
1924 2136 2308 2195 accommodant,
2329 2152 2429 2199 quae

1405 2217 1464 2264 de
1491 2218 1637 2281 poetis
1675 2227 1719 2265 et
1752 2217 1932 2265 vatibus
1971 2217 2179 2266 Socrates
2210 2222 2262 2265 in
2301 2218 2430 2267 Jone

1405 2298 1610 2347 Platonis
1643 2300 1788 2360 dicit,
1826 2301 1951 2366 quod
1986 2300 2110 2349 Deus
2134 2301 2338 2362 scilicet,
2374 2303 2429 2350 iis

1405 2390 1606 2429 mentem
1647 2384 1830 2448 eripit,
1865 2392 1920 2430 ut
1950 2382 2050 2430 illis
2078 2392 2245 2432 utatur
2279 2386 2429 2433 mini-

1404 2466 1519 2511 stris
1546 2463 1940 2530 oraculorumque
1962 2467 2256 2527 nuncii35ut
2282 2483 2312 2513 a
2339 2483 2426 2514 no-

1404 2547 1511 2606 bis,
1544 2548 1632 2611 qui
1668 2547 1956 2604 audiamus,
1998 2546 2209 2611 intelligi
2238 2549 2422 2612 possit,

1403 2645 1481 2676 eoo
1508 2630 1638 2694 ipsos
1667 2645 1768 2676 non
1800 2645 1930 2689 esse,
1964 2630 2053 2693 qui
2081 2629 2319 2693 ejusmodi
2350 2647 2424 2678 rea

1403 2713 1530 2758 tanti
1547 2713 1778 2758 momenti
1799 2711 1989 2768 dicant,
2006 2711 2090 2759 sed
2105 2711 2270 2760 Deum
2296 2730 2422 2775 esse,

1401 2793 1489 2856 qui
1519 2790 1606 2839 illa
1630 2791 1763 2840 dicat
1774 2828 1791 2853 ‚
1828 2802 1873 2840 et
1887 2810 1981 2858 per
1998 2793 2081 2842 hos
2104 2793 2319 2843 homines
2339 2812 2425 2844 noa

1401 2873 1696 2938 alloquatur,·
1716 2892 1800 2923 nec
1821 2894 1916 2924 non
1933 2895 2034 2943 quae
2050 2877 2232 2927 Tullius
2251 2878 2419 2940 habet,

1401 2954 1482 3004 De
1511 2965 1688 3004 natura
1712 2955 1951 3019 Deorum,
1988 2959 2073 3008 lib.
2102 2977 2166 3020 ιι,
2198 2978 2299 3026 cap.
2319 2959 2417 3020 66,

1401 3057 1509 3088 cum
1547 3040 1703 3087 scribit
1734 3057 1749 3088 ε
1784 3040 1935 3090 Nemo
1968 3044 2045 3090 vir
2075 3060 2283 3108 maqnue
2311 3046 2419 3093 aine

1400 3121 1557 3187 aliquo
1584 3122 1749 3186 afflatu
1773 3122 1941 3173 divino
1970 3141 2182 3189 unquam
2208 3126 2340 3190 fuit,
2372 3136 2417 3175 et

1399 3207 1450 3252 in
1476 3215 1590 3253 orat.
1621 3222 1703 3270 pro
1727 3204 1893 3254 Archia
1914 3211 2045 3270 poeta
2060 3244 2073 3267 ,
2094 3224 2198 3271 cap.
2218 3205 2267 3255 8.
2285 3207 2415 3256 Talia

1398 3286 1455 3335 de
1498 3287 1654 3335 divina
1693 3305 1784 3335 sac.
1828 3287 2071 3336 Librorum
2111 3291 2413 3353 inspiratione

1396 3373 1598 3419 sentiunt
1611 3380 1654 3417 et
1665 3369 1881 3418 effutiunt
1892 3372 2071 3435 profani
2088 3374 2160 3419 isti
2175 3373 2408 3424 homines.

1465 3452 1531 3516 (2)
1569 3450 1638 3500 Ita
1660 3469 1766 3501 sane
1792 3470 1897 3501 suos
1925 3462 2223 3517 protestantes
2250 3473 2408 3520 super-

1396 3533 1683 3583 naturalistas
1698 3544 1985 3599 nuncupatos
2002 3545 2130 3600 urget
2139 3536 2406 3602 Wegschei-

1394 3617 1474 3667 der
1493 3653 1507 3679 ‚
1541 3614 1568 3682 §
1594 3612 1690 3679 42,
1722 3626 1766 3666 et
1797 3614 1907 3666 alibi
1936 3620 2122 3683 passim.
