2502 4134
276 163 348 223 18
872 181 1067 224 ruAcr.
1116 184 1185 221 ne
1229 182 1379 224 roms
1423 182 1802 222 rnnorocrcrs.

274 348 405 411 quae
449 326 753 387 attulimus
801 325 1065 387 Ecclesiae
1107 327 1381 385 Romanae
1428 344 1663 383 necnon
1699 345 1772 384 ex
1812 325 1872 384 S.
1921 326 2141 388 Irenaeo
2172 329 2296 413 (1),
2341 355 2408 394 ac

174 436 176 438 ’
270 426 329 484 S.
361 424 652 507 Cypriano
674 467 692 501 ‚
733 423 835 505 qui
874 443 1005 482 eam
1043 421 1253 502 allegat
1294 418 1457 479 velut
1495 419 1862 501 Scripturam
1899 424 2238 505 canonicam
2279 429 2403 508 (2),

265 518 770 603 quemadmodum
797 519 1017 601 pariter
1038 540 1070 577 a
1091 516 1394 576 Clemente
1415 513 1811 576 Alexandrino
1831 518 1947 602 (3),
1974 520 2282 583 Ambrosio
2301 524 2392 606 (4)

267 615 511 698 aliisque
550 615 864 698 profertur.
908 614 1140 674 Falsum
1180 621 1378 669 autem
1416 621 1539 687 est,
1580 612 1646 670 in
1679 612 1916 691 decreto
1949 616 2256 679 Gelasiano
2280 642 2403 680 non

270 718 563 772 recenseri
591 712 706 770 nisi
735 712 978 770 unicum
1012 707 1203 768 Esdrae
1238 717 1298 765 et
1334 706 1803 770 Macl‘i-abaeorum
1847 710 2100 789 librum3
2148 727 2213 775 ut
2240 717 2403 776 enim

266 808 455 891 liquet
490 829 564 868 ex
600 807 836 868 decreto
886 804 1138 885 genuino
1174 801 1387 861 Gelasii
1420 803 1581 864 edito
1617 803 1692 864 ab
1717 806 1949 867 erudito
1979 811 2182 872 Franc.
2225 812 2406 872 Blan-

267 904 499 980 chinio,
526 903 658 981 ‚duo
699 915 827 962 tum
863 900 1053 960 Esdrae
1088 910 1219 957 tum
1261 897 1732 960 Machabaeorum
1769 900 1905 961 libri
1940 925 2210 986 expresse
2249 929 2406 969 com·

267 1011 674 1061 memorantur
702 998 817 1079 (5),
849 1007 1025 1078 prout
1065 995 1285 1077 pariter
1320 1008 1704 1080 recensentur
1741 1019 1775 1057 a
1817 1000 1874 1058 S.
1916 999 2239 1079 Augustino
2270 1005 2399 1086 (6),

266 1119 299 1156 a
340 1098 402 1158 S.
447 1085 790 1154 Innocentio
834 1093 923 1173 (7)
960 1103 1017 1152 et
1051 1113 1082 1150 a
1122 1090 1379 1151 Concilio
1419 1092 1692 1173 Carthag.
1729 1095 1810 1153 III
1848 1095 1964 1174 (8).

347 1191 446 1252 31.
492 1190 623 1270 Obj.
659 1188 944 1250 secunda.
986 1188 1243 1247 Tametsi
1268 1186 1518 1248 Ecclesia
1547 1190 1811 1249 Romana
1855 1189 2135 1251 eumdem
2170 1214 2403 1276 semper

265 1309 553 1349 canonem
584 1285 892 1347 retinuerit
925 1283 1120 1367 quoad
1149 1283 1331 1343 libros
1369 1285 1497 1344 Vet.
1528 1285 1682 1346 Test.
1713 1296 1782 1344 ut
1806 1285 1869 1344 id
1894 1308 2056 1348 nunc
2079 1286 2403 1351 liberaliter

265 1383 619 1445 concedatur
637 1429 653 1459 -,
684 1393 911 1442 certum
935 1391 1136 1440 tamen
1152 1390 1240 1441 est
1269 1402 1283 1439 :
1323 1381 1387 1439 10
1408 1379 1589 1440 libros
1618 1380 2216 1443 deutero-canonicos
2241 1406 2403 1445 nun-

264 1501 442 1563 quam
470 1479 543 1539 ab
568 1478 827 1539 Hebraeis
850 1479 911 1537 in
935 1498 1223 1538 canonem
1244 1475 1494 1539 adscitos
1511 1497 1674 1555 csse,
1699 1487 1851 1538 teste
1875 1477 2163 1561 Josepl1o;
2195 1479 2267 1539 20
2285 1501 2400 1542 ne-

333 1725 405 1791 (l)
434 1723 544 1775 Lib.
566 1743 596 1773 v
613 1762 626 1785 ‚
647 1742 752 1789 cap.
774 1722 838 1774 35
855 1762 868 1786 ‚
891 1742 943 1773 n.
984 1740 1033 1785 1,
1062 1723 1146 1772 ubi
1178 1726 1289 1773 scri-

265 1805 335 1857 bit
363 1824 378 1857 :
411 1804 726 1872 Significavit
752 1805 991 1855 Jeremiae
1012 1805 1250 1872 Propheta
1270 1825 1287 1853 .-

267 1890 598 1956 Circumepice
615 1926 628 1949 ‚
662 1889 824 1938 dicens
844 1928 856 1951 ‚
894 1889 959 1937 ad
1002 1889 1252 1938 Orientem
1268 1925 1286 1951 ,

268 1974 605 2037 Hierusalem,
626 1984 671 2023 et
692 1974 801 2023 eide
818 1974 1034 2023 laetitiam
1049 2013 1061 2036 ‚
1089 1982 1180 2025 etc.
1198 1974 1287 2024 Hic

262 2075 369 2108 vero
400 2061 604 2107 occurrit
634 2057 842 2119 Baruch‚
869 2075 916 2107 iv
934 2095 948 2119 ,
983 2056 1049 2107 36
1081 2069 1126 2108 et
1149 2077 1282 2125 seqq.

332 2141 399 2206 (2)
446 2140 717 2191 Testimon.
757 2141 842 2190 lib.
886 2158 922 2189 ιι
942 2180 955 2201 ,
997 2159 1101 2207 cap.
1136 2140 1166 2190 5
1184 2179 1197 2203 ,
1240 2152 1285 2190 et

261 2225 454 2290 quidem
484 2242 692 2290 expresse
722 2224 893 2291 allegat
939 2225 1026 2273 sub
1056 2223 1285 2273 Jeremioe

260 2309 453 2356 nomine
470 2345 483 2368 ,
517 2307 726 2355 scribens
755 2325 768 2355 :
791 2306 921 2355 Item
942 2307 1077 2373 apud
1099 2306 1282 2356 Hiere-

258 2388 409 2438 miam
440 2408 458 2437 .·
493 2389 601 2438 Hic
634 2388 776 2438 Deus
815 2397 975 2438 noster
1006 2397 1052 2437 et
1078 2400 1178 2438 non
1201 2391 1283 2439 de-

251 2471 510 2538 putabitur
533 2470 689 2532 alius,
712 2481 802 2521 etc.
836 2490 937 2538 quae
960 2472 1096 2521 verba
1122 2473 1283 2539 legun-

257 2566 359 2616 tur,
377 2564 428 2603 ut
443 2555 665 2615 vidimus,
685 2555 869 2604 Baruch
888 2572 941 2604 ιιι
957 2591 973 2616 ,
992 2554 1059 2604 36
1085 2566 1130 2605 et
1150 2574 1281 2623 seqq.

321 2636 392 2699 (3)
423 2636 631 2700 Paedaq.
670 2637 756 2685 lib.
791 2652 809 2684 1
832 2674 846 2698 ‚
886 2655 991 2702 cap.
1041 2653 1129 2697 ιο,
1165 2639 1279 2686 edit.

255 2719 459 2779 Potteri,
485 2718 653 2766 Venet.
684 2716 807 2784 1757
830 2755 844 2778 ‚
868 2729 984 2767 tom.
1011 2735 1026 2764 1
1044 2753 1058 2779 ‚
1083 2735 1134 2782 p.
1157 2716 1277 2777 152,

258 2800 343 2850 ubi
376 2803 543 2866 pariter
575 2799 739 2864 allegat
778 2798 865 2846 sub
910 2798 1156 2847 Hieremiae
1192 2816 1281 2847 no-

259 2886 388 2933 mine
407 2921 422 2945 ‚
456 2882 615 2932 dicens
648 2898 663 2930 :
696 2879 813 2930 «Iam
842 2896 949 2929 vere
980 2897 1070 2946 per
1096 2880 1280 2929 Hiere-

258 2967 408 3015 miam
422 2982 604 3031 quoque
617 2972 811 3013 enarrat
826 2956 1090 3028 (Dominus)
1106 2979 1120 3012 ε
1135 2963 1286 3012 Beati

256 3066 427 3098 sumus
448 3046 635 3106 Israel,
661 3057 752 3097 etc.
784 3047 1001 3095 Prostant
1032 3064 1167 3112 porro
1185 3047 1286 3103 haee

261 3133 399 3182 verba
433 3131 648 3191 Baruch,
678 3148 754 3192 lv,
786 3127 838 3193 4.

328 3215 397 3278 (lo)
430 3212 589 3266 Serm.
618 3227 755 3262 xvm.
781 3215 837 3259 in
850 3211 940 3261 Pe.
960 3225 1127 3270 cxvnr,
1159 3229 1209 3259 n.
1230 3226 1279 3270 2,

258 3299 343 3348 ubi
372 3299 539 3364 legitur
565 3315 580 3346 ε
613 3297 764 3345 Docet
793 3295 907 3358 illa,
934 3309 1042 3361 quw
1071 3297 1128 3343 in
1163 3293 1282 3342 libro

257 3383 534 3432 Hieremia
550 3379 775 3447 flebiliter
789 3378 965 3428 clamat
981 3378 1046 3426 ad
1065 3379 1281 3445 captivos

252 3473 301 3514 et
326 3463 487 3514 candes
510 3462 710 3513 Judoeoa
727 3480 744 3513 .·
759 3461 857 3521 Ite,
880 3460 1277 3529 proficiscimini,

252 3545 382 3611 filis}
407 3562 492 3612 eqo
520 3546 654 3595 enim
679 3544 905 3594 derelicta
927 3560 1037 3593 eam
1065 3544 1247 3592 deserta
1263 3582 1276 3606 ,

256 3639 348 3679 etc.
367 3647 467 3696 quae
487 3629 679 3696 quidem
695 3638 945 3679 occurrunt
962 3665 976 3689 ‚
1006 3627 1277 3689 Barucb1v‚

254 3726 326 3777 ¹9
356 3722 400 3761 et
427 3730 556 3780 seqq.

1449 1721 1515 1789 (5)
1552 1722 1652 1774 Cfr.
1683 1721 1954 1773 Anastasii
1986 1725 2204 1778 biblioth.
2242 1728 2300 1777 de
2324 1731 2398 1778 vi-

1372 1808 1436 1856 tis
1451 1825 1573 1859 rom.
1591 1807 1780 1874 Pontis.
1790 1818 1904 1858 tom.
1915 1825 1984 1871 iv,
2007 1808 2395 1877 opusculumm,

1372 1894 1480 1957 pag.
1502 1888 1564 1940 61
1586 1927 1602 1953 ,
1625 1908 1720 1959 quo
1747 1893 1834 1940 tria
1856 1891 2134 1942 exhibentur
2162 1894 2397 1962 exempla-

1371 1975 1438 2022 ria
1482 1973 1655 2023 decreti
1698 1971 1873 2024 Gelasii
1898 1990 1916 2023 ι
1948 1992 1962 2025 :
1996 1978 2205 2041 primum
2225 2012 2239 2038 ‚
2271 1978 2399 2045 quod

1370 2054 1631 2121 genuinum
1663 2057 1862 2120 dicitur,
1905 2068 2089 2108 erutum
2131 2069 2200 2110 est
2231 2079 2256 2110 e
2290 2061 2396 2110 cod.

1371 2141 1640 2191 Florentino
1677 2144 2004 2209 antiquissimo
2038 2162 2065 2193 a
2108 2144 2237 2194 Luca
2281 2144 2400 2193 Hol-

1370 2227 1519 2274 stenio
1540 2234 1586 2274 et
1609 2224 1768 2275 Emm.
1794 2243 1821 2274 a
1856 2224 2165 2290 Schelstrate3
2197 2227 2397 2278 alterum

1369 2318 1438 2357 est
1469 2308 1708 2374 vulgatum
1730 2345 1744 2368 ‚
1791 2318 1837 2357 et
1871 2327 1897 2357 a
1939 2303 2171 2358 chiffletio
2210 2320 2396 2358 erutum

1369 2392 1457 2440 sub
1494 2393 1689 2442 nomine
1721 2389 1981 2440 Hormisdae
2016 2410 2071 2440 ex
2109 2393 2270 2442 codice
2299 2391 2394 2440 Fu-

1368 2474 1526 2537 rensi3
1565 2476 1756 2522 tertium
1795 2489 1906 2522 cum
1934 2476 2075 2522 naevis
2111 2473 2288 2523 editum
2325 2482 2397 2520 est

1367 2558 1417 2604 in
1447 2557 1603 2605 lucem
1635 2573 1692 2605 ex
1720 2555 1826 2607 cod.
1863 2555 2068 2619 palatino
2094 2551 2394 2603 bibliothecae

1367 2637 1613 2694 vaticanae,
1638 2638 1689 2683 in
1716 2652 1794 2699 op.
1823 2636 1908 2683 cit.
1930 2631 2003 2681 De
2020 2635 2393 2699 antiquitatibus

1366 2715 1558 2764 Hortoe.
1580 2715 1686 2764 Jam
1713 2732 1822 2764 vero
1843 2717 1892 2762 in
1912 2716 2001 2764 hoc
2017 2726 2249 2781 postremo
2265 2718 2392 2767 deest

1366 2799 1549 2862 penitus
1583 2797 1811 2862 catalogus
1844 2797 2072 2846 librorum
2098 2799 2388 2864 divinorum3

1365 2882 1414 2927 in
1454 2878 1638 2928 duobus
1673 2895 1784 2928 vero
1821 2880 2052 2944 prioribus
2091 2893 2391 2932 recensentur

1366 2959 1537 3011 Esdrae
1554 2961 1672 3009 libri
1684 2978 1716 3009 ιι
1736 2972 1782 3011 et
1798 2962 2194 3012 Machaboeorum
2209 2965 2327 3014 libri
2339 2983 2388 3015 11.

1432 3046 1507 3110 (6)
1543 3045 1622 3094 De
1668 3045 1818 3097 doctr.
1871 3046 2042 3099 christ.
2096 3049 2187 3100 lib.
2230 3065 2269 3099 11
2309 3053 2388 3101 cit.

1367 3146 1468 3195 oap.
1506 3127 1538 3178 8
1559 3167 1573 3190 ‚
1618 3129 1700 3178 uhi
1740 3131 1906 3198 legitur
1940 3149 1955 3180 ε
1988 3133 2393 3184 Itffaehabaeorum

1367 3203 1485 3260 libri
1525 3212 1620 3261 duo
1651 3221 1696 3261 et
1726 3212 1904 3263 Esdroe
1936 3215 2051 3265 duo.

1436 3296 1496 3360 (7)
1535 3296 1700 3364 Epist.
1735 3316 1796 3360 vr,
1829 3298 1895 3348 ad
1921 3298 2255 3366 Exsuperimn
2299 3302 2348 3349 T
2346 3318 2395 3350 o-

1366 3379 1614 3442 lasanum,
1656 3394 1761 3446 cap.
1796 3396 1823 3445 7
1846 3417 1860 3441 ,
1902 3381 2108 3431 scribens
2138 3399 2151 3430 ε
2189 3380 2392 3434 Macha-

1366 3463 1581 3512 boeorum
1613 3461 1708 3511 duo
1729 3499 1741 3517 .
1773 3461 1949 3513 Esdroe
1977 3463 2092 3514 dua.
2295 3505 2298 3507 .

1433 3544 1499 3611 (8)
1534 3546 1641 3595 Loc.
1689 3548 1767 3596 cit.
1813 3546 1895 3594 ubi
1943 3546 2108 3613 legitur
2154 3565 2168 3596 ε
2214 3545 2390 3598 Esdroe

1363 3627 1481 3677 libri
1500 3626 1596 3675 duo
1611 3663 1627 3690 ‚
1652 3626 2044 3677 ,Maebaboeorum
2070 3628 2190 3679 libri
2210 3629 2324 3678 duo.
