2502 4134
248 142 367 202 520

857 165 1059 204 TRACT.
1110 167 1178 202 1)ss
1224 166 1373 205 Locis
1418 168 1797 208 THEOLOGIGIS.

251 307 518 389 plerique
539 317 937 388 protestantes
955 306 1286 367 identidem
1302 313 1524 387 jactare
1547 309 1738 370 solent
1752 357 1769 387 ,
1785 333 1947 373 eone.
1966 336 1986 382 ;
2009 317 2057 375 si
2080 336 2171 376 res
2189 362 2204 391 ,
2222 326 2396 398 prout

247 416 420 476 sunt,
461 400 666 460 sedulo
708 401 1115 483 disquirantur
1136 449 1151 476 ,
1181 426 1312 483 neq.

330 498 474 557 267.
524 497 614 557 Ad
668 498 770 572 1¹1¹,
813 520 984 580 prop.
1028 499 1183 579 Neq.
1234 500 1424 558 Immo
1467 522 1608 560 vero
1645 514 2018 583 compertum
2056 517 2179 580 est,
2223 508 2395 587 longe

249 607 386 655 ante
436 593 674 653 Lutheri
716 605 1166 676 ceterorumque
1205 596 1388 655 aetatis
1424 595 1580 655 illius
1622 600 2004 659 sectariorum
2043 602 2396 683 perduellio-

247 713 425 763 nem,
486 688 705 771 ubique
751 689 1018 749 locorum
1060 691 1124 749 in
1171 693 1435 773 Europa,
1500 694 1562 750 in
1620 693 1786 752 Italia
1844 717 1984 755 vero
2033 701 2403 779 praesertim,

245 807 492 867 graecam
525 785 892 867 latinamque
934 786 1332 846 litteraturam
1379 790 2053 869 praet'ervernaculam,
2099 814 2164 852 ac
2211 792 2393 855 bonas

244 882 572 942 universim
611 892 765 941 artes
816 882 1189 962 perfectionis
1233 883 1462 966 apicem
1515 886 1779 968 attigisse
1827 888 1951 968 (l),
1995 887 2211 966 Gallias
2260 891 2396 950 His-

245 980 571 1063 paniasque
620 979 867 1038 summis
918 977 1198 1040 florentes
1252 981 1389 1041 viris
1428 981 1606 1041 seculi
1658 985 1787 1043 XVI
1831 985 2001 1044 initio
2034 986 2283 1068 perinde
2332 1008 2398 1047 ac

245 1077 626 1139 Germaniam
685 1077 978 1152 extitisse,
1031 1089 1098 1137 ut
1145 1077 1218 1137 de
1277 1078 1613 1158 regionibus
1661 1081 1899 1164 reliquis
1947 1094 2245 1143 taceamus
2279 1083 2391 1166 (2).

314 1287 382 1349 (1)
422 1285 592 1352 Ecquis
607 1288 817 1350 ignorat,
835 1285 1045 1334 seculum
1062 1286 1284 1335 LeonisX

249 1371 510 1435 comparari
543 1369 701 1416 seculo
735 1370 965 1433 Augusti?
994 1368 1042 1416 Si
1073 1370 1284 1434 sculptu-

249 1469 349 1500 ram
375 1435 574 1516 *spectes‚
598 1452 681 1499 tibi
700 1469 797 1499 sese
822 1454 938 1500 sistit
961 1451 1284 1515 Buonarrotti3

251 1538 287 1584 si
318 1536 674 1583 architecturam
694 1572 705 1593 ‚
736 1534 1016 1596 Bramante3
1060 1539 1096 1583 si
1137 1538 1288 1599 pictu-

251 1640 348 1671 ram
372 1658 386 1679 ,
419 1621 628 1686 Raphael
658 1620 826 1669 Sanzio
862 1621 1064 1669 ⁴Urbinas
1087 1659 1100 1681 ‚
1133 1621 1288 1669 Julius

252 1704 525 1763 Romanus,
578 1714 684 1765 etc3
726 1706 762 1751 si
799 1720 997 1769 graecam
1033 1704 1245 1770 linguam
1272 1741 1284 1763 ,

254 1787 341 1835 tibi
367 1797 619 1835 occurrunt
649 1785 853 1849 Angelus
883 1786 1179 1846 politianus,
1207 1785 1290 1834 Sa-

254 1869 465 1927 doletus‚
506 1869 684 1915 actious
720 1867 780 1915 ab
818 1867 1012 1915 Erasmo
1043 1884 1290 1932 nuncupa-

253 1961 362 2010 tus,
403 1950 738 1998 Gnidiccionus
779 1950 954 2015 aliique
994 1966 1164 2014 magno
1196 1965 1289 1997 nu-

254 2053 413 2097 mero,-
458 2034 516 2083 de
560 2033 725 2100 lingua
773 2032 921 2082 latina
967 2034 1085 2082 nihil
1125 2037 1291 2083 attinet

254 2119 434 2178 dicere,
460 2135 571 2166 cum
596 2118 837 2166 Sadoletus
854 2157 865 2176 ,
889 2118 1092 2167 Bembus
1110 2157 1124 2179 ‚
1144 2119 1286 2168 Joan.

255 2200 369 2250 Ant.
387 2200 670 2259 Flaminius,
700 2200 832 2250 Hier.
858 2201 1182 2262 Fracastorus‚
1206 2203 1291 2251 Sa-

255 2301 482 2333 nazzarus
500 2322 512 2342 ,
539 2283 657 2332 Vida
673 2320 686 2347 ‚
708 2283 1050 2345 Castilioneus,
1071 2283 1286 2345 Attinas,

258 2366 579 2426 Fascitellius‚
625 2365 793 2425 Cotta,
846 2377 937 2415 ete.
985 2378 1319 2417 monumenta--

258 2459 361 2516 post
390 2466 436 2498 se
464 2449 738 2514 reliquerint
755 2466 843 2497 aere
869 2452 1162 2514 perenniora.
1180 2450 1215 2497 F
1219 2450 1290 2499 lo-

259 2534 353 2581 ruit
379 2543 485 2580 aetas
514 2532 594 2580 illa
618 2534 763 2597 poetis
782 2534 966 2597 graecis,
999 2531 1176 2593 latinis,
1205 2536 1293 2582 ita·-

261 2617 345 2677 lis,
371 2615 630 2665 oratoribus
649 2653 662 2672 ,
686 2616 915 2663 historicis
934 2619 1149 2664 summis.
1175 2613 1294 2665 Satis

262 2703 348 2750 erit
377 2717 643 2765 percurrere
664 2699 735 2747 vel
752 2699 912 2747 leviter
933 2709 1022 2747 tres
1042 2710 1189 2764 partes
1208 2717 1292 2749 vo-

264 2782 457 2832 luminis
481 2782 573 2830 Vll
592 2818 606 2844 ,
636 2782 750 2831 edit.
777 2781 912 2831 Rom.
944 2783 1145 2830 historiae
1173 2770 1295 2832 litte-

264 2868 392 2915 rariae
415 2865 556 2913 ltaliae
574 2865 636 2914 cl.
654 2864 920 2913 Tiraboschi
939 2901 951 2924 ,
985 2875 1030 2913 et
1056 2865 1293 2914 historiam

266 2951 492 2998 universae
517 2948 789 2997 litteraturae
818 2948 881 2997 cl.
911 2948 1117 3008 Andres,
1139 2947 1224 2998 lib.
1248 2965 1291 3013 1,

265 3050 366 3098 cap.
390 3032 447 3081 13
464 3067 478 3092 ,
506 3041 557 3079 ut
582 3022 781 3098 quisque
804 3031 1055 3096 intelligat,
1075 3050 1169 3098 quo
1189 3050 1287 3097 per-

265 3118 499 3164 venissent
529 3116 729 3162 scientiae
764 3131 818 3163 ac
850 3114 1104 3163 litteratura
1145 3115 1306 3164 omni?

265 3216 382 3263 gena
411 3197 566 3246 seculo
597 3214 675 3246 xvi
706 3199 915 3246 ineunte.
944 3195 1162 3246 Attamen
1187 3198 1295 3247 bar-

222 3312 226 3314 -
266 3278 406 3328 barus
455 3279 687 3328 Lutherus
738 3298 877 3328 ausus
922 3289 990 3333 est
1043 3281 1297 3346 exprobare

198 3387 201 3391 ’
270 3361 456 3422 Rowae,
492 3363 618 3428 quod
647 3365 845 3411 nesciret
879 3360 1069 3411 latine!
1100 3362 1169 3412 Ac
1195 3363 1294 3411 hae-

266 3445 394 3492 retici
435 3446 657 3492 teutonici
693 3446 819 3493 illius
855 3455 1097 3495 sectatores
1137 3448 1296 3512 impu-

266 3528 429 3576 denter
456 3526 504 3574 id
540 3529 694 3590 ipsum
736 3531 1023 3593 ingeminare
1061 3547 1156 3577 non
1188 3547 1296 3577 eru-

264 3611 493 3658 buerunt!
523 3608 741 3674 Apposite
759 3609 934 3659 Branca
954 3647 969 3670 ‚
998 3628 1078 3676 op.
1107 3614 1188 3661 cit.
1211 3610 1295 3659 De

267 3708 393 3741 saer.
428 3690 540 3740 libr.
578 3689 752 3740 latinae
797 3691 1000 3757 oalqatoe
1029 3693 1291 3753 editionis,

1374 1297 1490 1336 tom.
1523 1305 1538 1336 1
1557 1326 1570 1348 ,
1609 1288 1694 1337 lib.
1729 1307 1774 1350 1,
1802 1307 1902 1354 cap.
1935 1307 1949 1337 ι
1973 1329 1986 1350 ,
2007 1308 2112 1355 pag.
2130 1290 2192 1339 33
2211 1308 2224 1340 τ
2244 1291 2405 1355 Quasi

1371 1387 1511 1429 vero,
1553 1374 1738 1438 inquit,
1779 1371 1906 1420 Itali
1934 1376 2208 1439 praesertim
2249 1375 2406 1423 nostri

1371 1470 1424 1502 eo
1450 1454 1635 1511 seculo,
1655 1455 1785 1519 quod
1795 1455 2166 1503 nobis-seculum
2184 1458 2399 1505 omnium

1370 1535 1719 1600 ekyantiarum
1770 1553 1867 1584 non
1915 1546 2218 1587 etrusoarum
2263 1539 2399 1588 modo

1370 1617 1454 1665 sed
1496 1617 1764 1665 latinarum
1811 1635 1997 1683 quoque
2041 1629 2085 1668 et
2124 1636 2398 1684 qroeoarum

1366 1700 1498 1764 fuit,
1531 1717 1618 1766 ope
1645 1700 1920 1765 indiqerem
1933 1699 2064 1750 Getae
2081 1701 2296 1768 alicujus
2310 1712 2400 1751 aut

1374 1781 1543 1842 Davi,
1581 1790 1637 1828 ut
1664 1782 2056 1847 perpolirentur,
2106 1800 2164 1832 ac
2201 1784 2405 1834 barbari

1372 1879 1472 1910 esse
1487 1871 1591 1910 tum
1613 1868 1839 1929 primum
1867 1864 2192 1924 dediscerent;
2222 1875 2334 1928 aut,
2356 1868 2405 1916 si

1372 1962 1470 2010 qua
1500 1948 1670 1994 ceteris
1703 1945 1985 2010 [inquorum
2028 1949 2236 1996 scientia
2266 1949 2399 2014 fuit,

1373 2046 1472 2078 non
1498 2030 1577 2077 illi
1612 2032 1716 2097 ejus
1751 2031 1971 2079 stztdium
2005 2048 2293 2099 sensumque
2321 2050 2407 2082 ea·-

1374 2112 1572 2162 tulerint
1600 2132 1624 2162 e
1658 2113 1948 2177 Catholicis,
1979 2117 2316 2182 potissimeque
2344 2134 2405 2166 ea·

1375 2197 1530 2245 Italia
1562 2199 1802 2262 ejusmodi
1827 2201 2009 2247 artium·
2028 2199 2225 2262 altrice,
2254 2199 2404 2249 libro-

1374 2299 1578 2347 rumque
1586 2282 1643 2331 de
1655 2284 1718 2330 iis
1729 2299 2011 2332 eoeousorum
2015 2293 2217 2351 parente
2218 2285 2403 2350 prima.

1376 2364 1475 2414 Cfr.
1510 2365 1649 2414 Card.
1674 2367 1901 2428 Quirinus
1923 2406 1934 2427 ,
1962 2366 2097 2432 epist.
2128 2368 2187 2416 ad
2205 2366 2403 2417 Samue-

1375 2448 1467 2496 lem
1487 2447 1755 2514 Formejum
1788 2467 1866 2498 an.
1895 2447 2024 2513 1748
2043 2486 2057 2510 ‚
2084 2450 2189 2499 dec.
2221 2446 2285 2513 63
2316 2450 2404 2499 alia

1377 2533 1434 2580 ad
1483 2532 1644 2580 eumd.
1692 2530 1821 2600 1749
1846 2569 1860 2592 ,
1910 2534 2015 2582 dec.
2062 2550 2124 2600 73
2171 2535 2300 2599 epist.
2343 2532 2403 2582 ad

1377 2614 1455 2664 Jo.
1503 2612 1809 2679 Rodulphum
1864 2616 2075 2665 Isselium
2125 2633 2202 2666 an.
2257 2613 2403 2680 1750.

1377 2698 1478 2746 dec.
1505 2715 1533 2766 7
1556 2735 1569 2758 ‚
1600 2709 1689 2747 etc.
1719 2697 1891 2747 Paulus
1913 2697 2228 2759 Colomesius,
2248 2697 2406 2747 Italia

1376 2779 1653 2841 orientalis,
1671 2799 1774 2846 pag.
1790 2778 1854 2829 62
1870 2819 1882 2842 ‚
1907 2798 1968 2849 77
1985 2818 2000 2841 ‚
2018 2780 2084 2849 95
2099 2819 2113 2843 ‚
2142 2779 2262 2845 104,
2287 2797 2306 2829 1
2321 2780 2399 2832 13.

1449 2863 1515 2929 (2)
1553 2862 1898 2922 Cfr.-Andres‚
1942 2882 2018 2929 op.
2051 2868 2134 2913 cit.
2159 2861 2400 2911 Dell'on'-

1379 2949 1497 3012 qino
1512 2985 1528 3008 ‚
1549 2948 1801 3012 proqressi
1826 2964 1851 2994 e
1874 2955 1994 2995 stato
2015 2944 2192 2995 actuale
2215 2943 2271 2991 di
2288 2945 2404 3008 oqm‘

1382 3030 1690 3091 Immotum,
1730 3040 1846 3077 tom.
1886 3047 1932 3091 1,
1976 3029 2060 3080 lib.
2093 3045 2143 3088 1,
2184 3045 2291 3092 cap.
2341 3043 2399 3075 12

1379 3122 1426 3162 et
1475 3111 1553 3162 13.
1598 3111 1703 3177 Ipse
1738 3112 1923 3172 Biihle,
1967 3113 2018 3159 in
2058 3126 2138 3158 sua
2177 3109 2403 3158 Historia

1372 3193 1695 3262 philosophice
1713 3233 1731 3255 ,
1761 3195 1971 3261 quamvis
1990 3230 2003 3252 ,
2050 3201 2103 3240 ut
2146 3202 2402 3257 protestans

1380 3279 1720 3345 Kantianisque
1749 3279 1924 3344 placitis
1952 3276 2077 3324 haud
2114 3294 2279 3341 parum
2314 3275 2399 3325 ad-

1381 3362 1534 3410 dictus
1549 3399 1561 3421 ‚
1582 3360 1918 3410 reformationis
1933 3359 2164 3407 influxum
2180 3361 2231 3407 in
2249 3361 2402 3408 scien·

1381 3449 1466 3493 tias
1505 3453 1770 3509 exaggeret,
1809 3452 1963 3490 tamen
2001 3444 2204 3507 agnoscit
2244 3459 2400 3491 causas

1379 3528 1721 3576 instaurationis
1770 3527 2065 3575 scientiarum
2108 3525 2400 3574 reformatio·

1378 3628 1486 3658 nem
1514 3611 1798 3675 praecessisse
1830 3626 1843 3657 :
1880 3608 1973 3656 Les
2006 3607 2257 3669 lumieres,
2285 3605 2402 3655 dont

1375 3690 1424 3739 la
1459 3693 1767 3740 renaissanoe
1804 3690 1862 3739 de
1890 3690 1937 3738 la
1968 3690 2236 3740 litterature
2267 3696 2315 3737 et
2342 3686 2399 3734 de
