2502 4134
382 168 540 209 PAM.
585 168 649 206 11.
693 167 816 206 car.
860 166 902 203 1.
949 163 1231 202 naasson.
1279 163 1709 201 mnn..cA1>·..nr
1753 163 1994 201 Ati-oron.
2162 143 2239 202 45

130 318 304 384 Sane.
332 335 468 373 cum
498 309 798 380 videamus
821 330 853 366 a
871 306 1173 367 Clemente
1203 305 1397 386 plures
1422 304 1892 387 ex1hacepistola
1921 307 2240 367 sententias

127 409 371 490 proferri
411 403 657 487 perinde
692 424 757 462 ac
795 423 866 461 ex
902 402 1027 461 aliis
1061 401 1288 483 scriptis
1319 400 1612 458 canonicis
1628 410 1646 473 '.,
1672 412 1865 481 patet,
1890 399 1963 460 ab
1993 399 2242 469 Ecclesia

126 504 385 560 Romana
416 522 543 559 eam
574 500 729 557 inter
757 496 1084 578 Scripturas
1121 495 1421 555 canonicas
1449 515 1550 552 seu
1589 493 1816 569 divinas
1844 494 2031 555 ,fuisse
2065 495 2241 577 adop-

126 605 309 655 tatam
340 596 487 674 (1).-

207 691 327 750 72.’
351 691 430 748 Ex
467 689 556 747 his
592 688 892 768 lesponsio
931 685 1061 744 fluit
1096 685 1171 744 ad
1203 685 1445 770 alteram
1481 683 1889 766 probationem
1927 649 2240 747 adductam

126 808 196 846 ex
233 788 290 845 S.
333 786 723 863 Hieronym03
760 784 859 861 qui
897 782 1150 863 quidem
1172 804 1294 840 non
1322 781 1395 840 de
1429 783 1689 845 Romana
1722 780 1961 862 proprie
1990 781 2237 842 Ecclesia

127 881 414 962 loquitur
453 878 555 938 secl
583 878 655 937 de
680 876 929 937 ecclesiis
958 880 1208 948 latinis,
1237 899 1338 935 seu
1373 877 1572 957 potius
1601 876 1678 936 de
1703 877 1900 934 latina
1926 887 2242 935 consuetu-

129 975 265 1035 dine
286 1020 302 1049 7
331 997 446 1055 quo
489 973 727 1031 nomine
762 971 1012 1030 ecclesiae
1051 970 1442 1030 occidentales
1474 972 1537 1028 in
1567 992 1779 1049 genere
1808 970 2236 1050 significantur,

127 1070 286 1152 apud
327 1091 469 1150 quas
508 1067 700 1148 potuit
743 1085 883 1123 esse>
908 1064 1057 1122 circa
1082 1075 1380 1122 auctorem
1411 1062 1594 1140 hujus.
1622 1064 1888 1144 epistolae
1921 1065 2234 1125 dissensus

128 1165 293 1238 Quod
329 1165 377 1222 si
403 1182 541 1223 vere
574 1159 831 1240 loquitur
862 1156 936 1215 de
966 1157 1212 1216 Ecclesia
1240 1159 1501 1216 Romana
1523 1203 1538 1230 ‚
1576 1180 1698 1216 non
1738 1157 2002 1239 loquitur
2024 1160 2136 1219 nisi
2167 1161 2240 1221 de

127 1257 426 1318 nonnullis
472 1249 734 1333 ejusdem
782 1251 1107 1326 membris3
1151 1252 1439 1334 siquidem
1486 1253 2030 1335 exploratum-est,
2071 1267 2239 1316 aetate

124 1354 182 1411 S.
216 1350 553 1430 Hieronymi
579 1348 886 1430 plerosque
918 1369 1122 1407 omnes
1148 1347 1424 1424 eamdem
1456 1348 1762 1429 epistolam
1793 1350 2078 1430 recepisse
2098 1396 2114 1421 .
2156 1354 2246 1431 uti·

123 1445 379 1505 ostendit
409 1445 738 1504 Bonfrerius
778 1445 889 1524 (2)
929 1443 1204 1502 Ceterum
1247 1443 1405 1502 idem
1435 1445 1493 1502 S.
1528 1446 1743 1503 Doctor
1788 1445 1853 1502 in
1896 1446 2098 1524 Epist.
2155 1449 2242 1506 ad

119 1542 492 1601 Dardanum
529 1549 816 1612 testatur,
866 1560 988 1597 non
1032 1537 1222 1597 solum
1269 1537 1423 1597 hanc
1472 1538 1778 1617 epistolam
1828 1541 1909 1598 ab
1955 1543 2237 1601 omnihus

119 1647 274 1694 retro
297 1638 700 1695 ecclesiasticis
724 1641 918 1714 yraecz'
934 1639 1227 1693 sermonis
1254 1636 1651 1714 scriptoribus
1670 1638 2058 1714 -suscipi...,ec
2087 1658 2235 1716 quo-

119 1733 263 1789 tidie
300 1733 718 1790 Ecclesiarum
763 1732 1005 1789 lectione
1034 1731 1374 1802 celebrari,
1417 1752 1626 1790 verum
1663 1729 1843 1789 etiam
1879 1732 2190 1811 profitetur
2215 1778 2230 1805 ‚

121 1847 182 1885 se
209 1847 337 1886 eam
366 1827 652 1907 suscipere
683 1837 966 1906 tanquam
1002 1827 1340 1885 canonicam
1371 1847 1487 1883 una
1520 1847 1654 1885 cum
1687 1825 2026 1908 Apocalypsi
2066 1848 2079 1884 ε
2115 1827 2235 1887 Ne-

120 1943 466 2000 quaquam,
507 1920 736 1996 subdit,
765 1922 951 1999 liujus
976 1927 1255 1999 temporis
1283 1923 1810 1993 consuetudinem,
1846 1923 1950 1980 sed
1971 1932 2236 1981 veteram

117 2021 476 2096 scriptorum
521 2022 936 2076 auctoritatem
983 2028 1312 2096 sequentes,
1354 2020 1468 2097 qui
1502 2020 1867 2097 plerumque
1918 2022 2236 2098 utriusque

123 2240 301 2279 tantum
335 2244 681 2282 enumeraverat
717 2234 929 2298 epistolas
966 2233 1131 2291 Pauli,

123 2313 279 2361 subdit
295 2331 309 2361 ε
328 2310 457 2364 Sane
470 2314 572 2363 haec
585 2316 778 2379 epistola
795 2316 878 2378 (ad
890 2316 1131 2379 Hebraeos)

123 2396 385 2442 etiamnum
411 2397 739 2460 a'quibusdam
761 2398 1135 2462 RomanisApo-

121 2475 231 2522 stoli
254 2493 351 2523 esse
366 2487 464 2524 non
480 2477 708 2526 creditur.
730 2477 868 2525 Porro
888 2478 1135 2542 utrobique

124 2556 321 2605 Rufinus
335 2561 469 2606 vertit
485 2557 658 2605 latinos
672 2593 689 2619 ‚
719 2577 860 2623 quam
878 2561 1133 2607 versionem

126 2638 286 2703 probat
316 2639 547 2698 Valesiu8‚
571 2657 678 2687 cum
710 2640 905 2688 Eusebio
932 2641 1134 2688 insolens

124 2738 219 2769 non
236 2723 294 2769 sit
307 2720 478 2770 latinos
495 2739 651 2770 vocare
675 2737 924 2782 romanos,
952 2733 1002 2769 ut
1025 2740 1131 2786 pro-

123 2804 224 2853 latis
255 2805 475 2870 exemplis
506 2805 702 2853 ostendit
733 2806 854 2853 idem
889 2805 1097 2854 Valesius
1115 2843 1128 2866 ‚

123 2887 172 2933 in
197 2897 295 2934 not.
326 2888 384 2934 ad
412 2898 661 2952 utrumque
682 2887 859 2934 locum.
892 2887 1016 2937 Inter
1046 2887 1132 2935 hos

122 2966 352 3016 Romanos
381 2986 459 3017 seu
482 2969 671 3027 latinos,
702 2971 782 3034 qui
817 2968 962 3016 Paulo
993 2970 1129 3035 abju-

123 3049 334 3100 dicarunt
363 3053 483 3101 hanc
514 3052 755 3117 epistolam
777 3090 790 3112 ‚
825 3053 1130 3102 recensendus

122 3134 355 3188 etiamest
392 3134 676 3200 Hyppolytus
726 3135 978 3200 Episcopus
1022 3135 1130 3182 Por-

124 3217 316 3278 mensis,
341 3219 390 3264 in
420 3217 506 3266 lib.
531 3216 732 3265 Advers.
754 3216 951 3265 haereses
972 3255 987 3274 ,
1018 3227 1128 3266 teste

125 3289 279 3344 Photio
303 3298 354 3344 in
369 3296 603 3348 Biblioth.
623 3299 729 3347 cod.
760 3314 876 3348 121.
910 3299 1127 3347 Ceterum

124 3372 213 3422 cfr.
238 3374 570 3441 Theodoretns,
596 3383 645 3429 in
664 3383 883 3446 prooemio
913 3383 964 3429 in
987 3384 1121 3446 epist.

122 3453 181 3502 ad
208 3453 436 3520 Hebraeos,
467 3462 548 3510 ubi
574 3479 627 3511 ex
658 3473 863 3512 veterum
893 3480 1122 3512 consensu

120 3532 174 3582 Β.
205 3534 332 3586 Pauli
349 3555 454 3597 eam
472 3559 568 3592 esse
584 3545 801 3594 ostendit.
822 3547 861 3593 A
882 3543 1124 3594 Clemente

118 3614 328 3668 Romano
359 3622 592 3685 epistolam
626 3626 686 3686 ad
717 3626 863 3694 Hebr.
893 3627 1123 3677 tributam

1217 2236 1360 2283 fuisse
1376 2234 1593 2299 Apostolo
1612 2235 1756 2284 Paulo
1776 2274 1789 2296 ,
1826 2247 2014 2285 testatur
2040 2237 2235 2303 Stepha-

1218 2333 1305 2364 nus
1328 2316 1528 2364 Gobatus
1547 2355 1560 2375 ‚
1598 2316 1724 2381 apud
1757 2311 2016 2374 photium(

1285 2397 1352 2459 (l)
1392 2397 1491 2445 Cfr.
1526 2399 1582 2445 de
1610 2397 1700 2446 hoc
1735 2411 2005 2463 argumento
2045 2400 2228 2460 Estius‚

1216 2481 1265 2524 in
1284 2480 1417 2542 epist.
1446 2479 1505 2526 ad
1539 2479 1682 2527 Hebr.
1720 2479 1801 2527 Do
1824 2483 2102 2530 auctoritate
2125 2484 2231 2548 epi-

1214 2558 1369 2614 stolae,
1398 2569 1442 2607 et
1474 2559 1532 2608 de
1563 2560 1786 2610 aucthore
1819 2562 1967 2628 liujus
2002 2563 2229 2629 epistolae.

1219 2639 1477 2687 Comment.
1505 2643 1559 2688 in
1585 2658 1745 2689 omnes
1766 2639 1918 2690 Pauli
1940 2645 2081 2708 epist.
2106 2644 2230 2693 Dua-

1213 2722 1254 2768 ci
1292 2718 1450 2780 1616,
1486 2732 1604 2771 tom.
1641 2738 1705 2783 ιι,
1745 2741 1850 2788 pag.
1886 2723 1986 2790 369
2019 2732 2064 2773 et
2095 2743 2227 2792 seqq.

1212 2805 1323 2850 item
1359 2802 1573 2852 Cellerier
1607 2822 1685 2869 op.
1721 2809 1801 2854 cit.
1844 2805 2118 2855 Introduce.
2157 2809 2229 2856 di·-

1213 2887 1298 2933 vis.
1332 2902 1364 2932 11
1380 2921 1395 2945 ‚
1418 2895 1532 2935 sect.
1560 2903 1575 2933 1
1596 2904 1611 2934 1
1633 2924 1646 2947 ,
1668 2887 1749 2935 ubi
1778 2886 1878 2953 ejus
1906 2892 2228 2938 auctoritatem

1214 2968 1416 3016 vindicat
1448 2969 1660 3016 adversus
1693 2969 1930 3017 Michaelis
1950 3007 1963 3029 ,
2005 2973 2086 3036 qui
2116 2989 2226 3036 prae-

1211 3060 1333 3098 terea
1367 3068 1554 3099 causam
1592 3054 1824 3116 assignat,
1864 3070 2006 3118 quare
2038 3053 2097 3100 ab
2134 3055 2226 3100 im-

1209 3133 1541 3198 pugnatoribus
1560 3133 1954 3199 Cataphrygarum
1983 3134 2062 3183 seu
2086 3134 2224 3182 Mon-

1210 3218 1482 3264 tanistarum
1511 3219 1562 3263 in
1594 3216 1792 3264 dubium
1821 3217 1980 3265 saltem
2015 3227 2224 3266 revocata

1208 3298 1347 3348 fuerit
1376 3301 1620 3347 auctoritas
1647 3298 1846 3363 epistolae
1881 3299 1939 3346 ad
1970 3298 2187 3347 Hebraeos
2206 3336 2220 3359 ‚

1208 3380 1268 3429 ob
1299 3380 1495 3429 abusum
1530 3382 1702 3429 scilicet
1729 3382 2064 3429 nonnullorum
2097 3381 2220 3429 loco-

1206 3481 1311 3512 rum
1341 3465 1548 3531 ejusdem
1578 3464 1796 3529 epistolas.

1275 3545 1341 3610 (2)
1382 3545 1439 3594 In
1470 3548 1549 3596 cit.
1581 3547 1770 3614 praeloq.
1803 3563 1905 3612 cap.
1934 3562 2009 3606 w,
2034 3553 2146 3593 sect.
2165 3539 2220 3592 8.
