2502 4134
252 45 374 104 494
861 68 1060 107 macr.
1106 70 1175 106 mi
1223 71 1374 108 Locis
1419 73 1794 113 Tnnoiooicis.

1083 211 1575 256 DIFFICULTATES.

339 351 483 411 228.
531 348 673 428 obj.
710 349 964 409 Scientia
1007 360 1066 409 et
1095 350 1241 410 fides
1275 353 1337 410 in
1372 350 1581 412 eodem
1623 351 1887 431 subjecto
1916 354 1989 414 de
2017 356 2223 417 eadem
2249 360 2403 419 veri-

255 462 376 511 tate
414 470 477 508 se
506 448 766 508 invicem
794 447 1150 525 excludunt3
1194 450 1312 508 imo
1340 449 1641 530 implicat,
1673 472 1767 510 eas
1793 472 1960 532 posse
1983 454 2156 514 simul
2179 458 2405 515 consis-

256 559 404 605 tere.
443 546 596 603 Nam
641 545 703 602 1ο
741 545 982 603 scientia
1029 546 1296 627 exposcit
1336 547 1768 628 cognitionem,
1818 569 2068 628 eamque
2099 550 2306 612 saltem
2343 556 2406 611 in

254 639 373 700 suis
406 638 711 720 principiis
740 639 1084 699 intuitivam
1118 653 1176 699 et
1210 640 1588 714 evidentem3
1618 640 1761 700 fides
1785 663 1925 700 vero
1949 642 2011 700 in
2044 665 2144 701 sua
2169 647 2408 708 notione

254 739 633 816 negationem
653 735 911 795 involvit
934 736 1280 815 cognitionis
1305 738 1690 798 intuitivae‘ac¹
1706 738 1996 798 evidentis
2017 764 2031 812 ς
2059 760 2194 798 cum
2214 753 2409 801 autem

260 831 484 914 aliquid
525 830 598 889 ab
631 830 839 890 eodem
871 831 1046 890 simul
1084 833 1274 893 videri
1305 844 1363 892 et
1388 856 1511 892 non
1540 833 1726 893 videri
1768 846 2090 917 repugnet,
2125 848 2413 917 repugnat

260 929 438 1007 igitur
470 927 770 1009 proposita
807 926 1010 987 thesis·
1060 929 1131 986 20
1161 928 1522 990 Adversatur
1552 941 1835 1011 praeterea
1880 931 2227 1012 Scripturae3
2272 930 2414 991 fides

263 1024 424 1084 enim
449 1045 522 1083 ex
547 1022 828 1104 Apostolo
851 1035 936 1082 est
957 1027 1408 1103 sperandarum
1435 1027 1781 1085 substantia
1812 1048 2022 1085 rerum
2034 1070 2056 1098 ,
2080 1049 2418 1108 aryumen-

263 1132 397 1179 tum
440 1143 559 1180 ozon
588 1126 1024 1199 apparentium
1057 1121 1168 1200 (l).
1206 1121 1263 1179 Si
1291 1144 1411 1180 non
1438 1132 1730 1205 apparent
1767 1144 1896 1202 quae
1922 1121 2034 1183 fide
2063 1116 2416 1196 creduntur,

265 1226 573 1298 nequeunt
609 1215 719 1274 hoc
761 1217 886 1298 ipso
919 1238 1046 1275 esse
1090 1216 1231 1276 scita
1267 1227 1368 1275 aut
1408 1218 1550 1277 visa.
1584 1217 1650 1277 3⁰
1688 1219 1837 1277 Huic
1868 1220 2202 1278 auctoritati
2229 1219 2419 1278 innixi

264 1311 528 1372 Ecclesiae
586 1315 788 1373 Patres
833 1324 1175 1372 constanter
1227 1313 1482 1387 docent7
1536 1314 1715 1373 fidem
1757 1313 1829 1373 de
1855 1315 1922 1372 iis
1954 1336 2112 1387 esse,
2144 1336 2270 1396 quae
2294 1338 2416 1374 non

268 1410 565 1470 videntur.
615 1411 777 1469 Inter
813 1421 1035 1468 ceteros
1079 1411 1135 1469 S.
1171 1410 1569 1489 Augustinus:
1614 1411 1777 1489 Quid
1815 1421 1928 1481 est,
1973 1411 2201 1492 inquit7
2233 1413 2413 1490 fides,

269 1512 397 1566 nisi
426 1508 703 1578 credere,
746 1506 911 1585 quod
937 1527 1059 1564 non
1111 1506 1273 1564 vides
1310 1503 1447 1583 (2)ss
1481 1507 1551 1564 Et
1582 1504 1793 1564 clarius
1818 1504 2009 1564 adhuc
2043 1505 2222 1564 fidem
2247 1528 2318 1565 ex
2347 1529 2414 1566 eo

264 1601 680 1674 commendat,
731 1602 865 1683 quia
914 1602 1078 1680 quod
1119 1602 1400 1659 creditur
1442 1623 1563 1660 non
1611 1602 1852 1659 videtur
1892 1600 1999 1681 (3).
2045 1602 2115 1659 Et
2150 1602 2410 1661 iterum:

272 1700 447 1780 Quod
484 1699 918 1778 intelliqimuS,
972 1694 1208 1766 scribit„
1249 1697 1531 1754 debemus
1571 1701 1831 1764 rationi,
1877 1698 2041 1775 quod
2077 1698 2414 1772 crwlimzw,

266 1799 627 1854 auctoritati
657 1793 770 1873 (4).
809 1794 901 1852 Sic
936 1786 1112 1851 etiam
1156 1794 1214 1851 S.
1246 1792 1558 1871 Gregorius
1591 1794 1670 1850 M.
1707 1791 1782 1850 ad
1827 1813 1893 1851 ea
1933 1792 2147 1851 Christi
2192 1792 2412 1853 verba:

273 1892 438 1972 Quia
460 1892 673 1950 vidisti
696 1911 785 1947 me
798 1933 819 1961 ,
862 1890 1091 1948 Thoma
1115 1932 1138 1961 ,
1176 1889 1527 1958 credidisti,
1561 1908 1696 1947 cum
1724 1887 1869 1947 fides
1897 1889 1973 1947 sit
1995 1888 2068 1948 de
2091 1911 2214 1948 non
2242 1911 2420 1972 appa-

268 1985 536 2046 rentibus
559 2031 574 2061 ‚,
615 1984 936 2068 respondet
974 2007 986 2042 ε
1038 1985 1199 2065 Quia
1242 1982 1593 2064 (Thomas)
1629 1986 1812 2044 aliud
1855 1986 2039 2055 vidit,
2075 1987 2258 2044 aliud
2287 2008 2419 2046 cre-

267 2085 495 2143 didit...
519 2083 848 2143 Hominem
877 2103 1010 2162 erqo
1039 2083 1227 2153 vidit,
1254 2093 1308 2140 et
1324 2082 1522 2141 Deum
1551 2084 1855 2160 confessus
1878 2092 1962 2140 est
1978 2081 2104 2161 (5),·
2128 2104 2235 2164 pro
2257 2094 2417 2142 certo

268 2202 509 2240 sumens
529 2226 544 2253 7
572 2202 694 2238 non
721 2201 889 2261 posse
912 2178 1071 2237 idem
1097 2177 1255 2238 credi
1287 2189 1348 2237 et
1374 2177 1584 2239 videri.
1626 2177 1690 2236 4⁰
1724 2179 1946 2237 Horum
1975 2179 2228 2260 vestigiis
2248 2179 2420 2238 insis-

268 2289 400 2337 tens
446 2276 751 2356 Angelicus
792 2279 1009 2335 Doctor
1029 2322 1045 2350 .,
1090 2275 1273 2334 veluti
1296 2276 1655 2358 principium
1680 2276 1920 2333 firmum
1944 2273 2164 2356 ubique
2190 2275 2418 2352 statuit,

269 2374 513 2433 minime
555 2395 723 2456 posse
756 2373 819 2431 in
865 2371 1075 2432 eodem
1109 2370 1374 2450 subjecto
1417 2371 1645 2453 aliquid
1683 2393 1807 2431 esse
1852 2375 2050 2430 visum
2082 2393 2183 2430 seu
2219 2372 2421 2452 cogni-

165 2468 169 2474 ‘
269 2482 399 2530 tum
432 2481 491 2530 et
527 2471 852 2529 creditum.
894 2471 972 2528 Ex
1020 2469 1348 2527 innumeris
1387 2489 1572 2550 prope
1615 2467 1786 2540 locis7
1823 2467 2023 2549 quiex
2069 2467 2196 2548 ipso
2228 2467 2425 2526 afferri

270 2579 512 2651 possent
529 2613 545 2642 7
592 2568 703 2626 iste
729 2554 978 2626 sufficiat
1007 2589 1020 2624 z
1060 2567 1471 2644 [manifestum
1496 2575 1582 2624 est
1599 2611 1614 2640 .,
1640 2565 1802 2643 quod
1814 2567 2192 2644 imperfectio
2218 2567 2424 2646 coyni-

269 2668 452 2724 tionis
499 2675 583 2724 est
623 2664 693 2722 de
733 2665 967 2722 ratione
1007 2663 1178 2741 fidei;
1217 2667 1485 2742 ponitur
1520 2663 1686 2719 enim
1747 2664 1816 2718 in
1861 2665 1989 2739 ejus
2033 2661 2375 2739 definitione
2403 2684 2420 2716 :

262 2762 412 2840 fides
448 2763 615 2819 enim
656 2771 742 2818 est
778 2760 1122 2818 substantia
1166 2759 1647 2838 sperandorum,
1691 2768 1802 2816 etc.
1844 2767 1902 2814 et
1931 2761 2019 2815 sic
2057 2757 2423 2836 imperfectio

271 2860 630 2938 coyrzitioriz's
686 2867 769 2915 est
818 2856 890 2915 de
935 2860 1171 2914 ratione
1216 2856 1378 2934 fidei.
1446 2854 1613 2914 Unde
1659 2857 2056 2933 manifestum
2107 2862 2220 2921 est,
2263 2852 2427 2930 quod

264 2955 413 3031 fides
440 2975 559 3012 non
574 2961 766 3033 potest
789 2973 906 3012 esse
919 2953 1195 3031 perfecta
1220 2953 1478 3032 coquitio
1491 2993 1515 3022 ,
1546 2950 1744 3008 eodem
1771 2970 2023 3008 numero
2038 2969 2293 3006 manens
2309 2948 2417 3027 (6).

276 3051 391 3108 Aut
429 3050 607 3110 etiam
644 3049 905 3132 apertius
948 3071 960 3106 :
1013 3049 1229 3108 Omnis
1267 3049 1524 3107 scientia
1539 3090 1563 3119 ,
1606 3046 1846 3117 scribit,
1895 3046 2149 3104 liabetur
2167 3065 2283 3124 per
2311 3045 2424 3101 ali-

274 3168 397 3224 qua
416 3149 739 3226 principia
756 3168 873 3226 per
889 3167 947 3207 se
974 3155 1116 3208 *nota
1132 3192 1149 3216 ‚
1171 3156 1349 3225 etper
1368 3165 1723 3222 consequens
1749 3146 1877 3202 visa
1892 3163 1912 3210 ;
1934 3151 1991 3199 et
2016 3142 2145 3200 ideo
2175 3151 2419 3220 oportet,

345 3339 413 3401 (l)
451 3336 599 3387 Hebr.
631 3354 714 3394 xi.
756 3357 801 3387 i.
1395 3356 1443 3384 n.
1479 3335 1576 3395 25,
1607 3336 1818 3400 superius
1847 3336 1927 3381 cit.

344 3422 414 3485 (2)
462 3420 632 3472 Tract.
672 3438 723 3468 ιι
743 3458 755 3478 ,
778 3423 834 3469 in
866 3420 1019 3470 Joan.
1042 3440 1088 3469 n.
1121 3436 1171 3485 9.
1466 3418 1531 3483 (ὅ)
1574 3417 1724 3466 Hom.
1762 3433 1868 3464 xxvi
1894 3454 1906 3477 ,
1942 3418 1999 3463 in
2030 3415 2223 3482 Evanq.
2258 3434 2311 3465 n.
2352 3413 2385 3464 8
2405 3453 2417 3476 ‚

348 3503 414 3568 (3)
463 3503 631 3552 Tract.
662 3521 821 3563 txxlx,
856 3521 908 3552 n.
948 3520 992 3552 1.
1394 3520 1504 3568 opp.
1542 3501 1654 3549 edit.
1688 3499 1841 3547 Maur.
1876 3510 1990 3551 tom.
2026 3517 2058 3547 1.

348 3588 414 3651 (A)
452 3586 556 3635 Lib.
586 3586 662 3634 De
682 3586 827 3634 utilit.
850 3586 1102 3642 credendi,
1128 3603 1228 3650 cap.
1245 3602 1307 3646 u,
1463 3583 1529 3647 (6)
1577 3600 1591 3631 ι
1618 3620 1631 3643 ,
1665 3597 1720 3643 2,
1752 3602 1801 3649 q.
1824 3580 1887 3648 67
1915 3620 1927 3644 ‚
1962 3593 2048 3632 art.
2078 3581 2139 3642 3,
2173 3584 2222 3629 in
2254 3596 2381 3645 corp.
