2502 4134
423 191 579 231 mur.
625 192 685 230 n.
730 191 853 229 cu.
896 189 961 229 11.
1008 192 1075 228 nn
1119 190 1290 230 mvm.
1336 190 1466 228 cm.
1511 190 1657 230 tum.
1709 191 1910 230 insius.
2136 172 2210 233 67

193 334 327 393 107.
384 334 533 392 Sane
553 376 569 406 7
625 330 835 413 quibus
888 351 959 391 ex
1005 330 1264 391 fontibus
1318 330 1593 391 evicimus
1618 377 1634 407 ,
1685 350 1860 392 sacrae
1910 333 2214 416 Scripturae

106 448 389 487 canonem
427 449 459 486 a
481 424 831 488 vTridentino
861 427 1144 485 sancitum
1164 472 1179 499 ‚
1204 426 1600 484 firmissimum
1625 426 1843 489 habere
1870 429 1932 487 in
1959 429 2218 511 antiqui-

107 533 225 582 tate
242 521 698 581 fundamentum
717 565 732 595 ,
752 542 821 580 ex
848 520 1052 580 iisdem
1079 521 1260 603 liquet
1280 566 1296 594 ‚
1315 520 1576 590 divinam
1603 521 1808 582 iisdem
1834 522 1996 582 libris
2019 533 2220 583 aucto·

105 620 339 678 ritatem
357 628 415 676 et
434 617 714 696 originem
729 638 1033 698 nunquam
1067 638 1186 675 non
1213 616 1384 675 fuisse
1419 614 1719 674 tributam.
1746 619 1893 676 Nam
1924 619 1985 676 1⁰
2013 619 2218 679 eadem

107 715 225 774 fere
258 712 434 774 verba
457 758 473 785 a
505 712 713 793 quibus
748 734 848 772 usa
888 724 975 772 est
1017 707 1357 771 Tridentina
1395 711 1693 791 SynoduS‚
1733 710 2002 770 adhibuit
2037 715 2219 794 Euge-

107 811 237 868 nius
266 810 339 867 IV
358 854 373 882 ,
401 808 544 866 dum
570 829 853 866 canonem
878 790 1398 888 scripturarum“ex
1422 807 1538 866 fide
1563 817 1621 866 et
1648 805 1990 865 auctoritate
2012 808 2219 866 Eccle-

108 911 212 963 sioe
251 905 613 962 universalis
647 903 948 984 proposuit
978 902 1305 976 Jacobinis,
1351 902 1587 961 dicens:
1622 901 1822 961 Unum
1846 911 2023 980 atque
2050 923 2221 961 eum-

109 1001 240 1057 dem
290 1001 487 1057 Deum
541 1000 765 1058 Veteris
821 1007 878 1053 et
925 996 1085 1054 Novi
1140 995 1545 1065 Testamenti,
1606 997 1709 1054 hoc
1756 1006 1880 1068 est,
1943 996 2113 1075 Leyis
2172 1009 2227 1056 et

110 1093 552 1170 Prophetarum
593 1100 770 1167 atque
809 1081 1137 1166 Evanyelii
1165 1089 1480 1165 profitetur
1521 1100 1862 1160 auctorem,
1903 1094 2222 1169 quoniam,

111 1188 300 1246 eodem
333 1187 572 1263 Spiritu
608 1182 824 1240 Sancto
857 1183 1234 1262 inspira-nte,
1273 1185 1585 1262 utriusque
1623 1183 1987 1243 Testamenti
2012 1187 2225 1246 Sancti

110 1283 292 1339 locuti
323 1288 468 1336 sunt
501 1277 612 1355 (l).
657 1274 880 1335 Deinde
920 1275 1156 1355 subjicit
1200 1277 1540 1336 eorumdem
1582 1277 1868 1338 librorum
1913 1302 2220 1343 canonem.

110 1376 294 1447 Quam
323 1370 558 1453 quidem
589 1370 866 1452 loquendi
895 1371 1185 1430 rationem
1218 1384 1517 1431 mutuatus
1545 1385 1633 1433 est
1667 1376 1952 1454 Eugenius
1982 1397 2052 1435 ex
2081 1399 2221 1459 pon·

106 1466 303 1526 tificali
347 1469 643 1537 RomanO,
685 1464 786 1523 ubi
825 1466 889 1524 in
931 1467 1366 1526 consecratione
1411 1468 1675 1550 Episcopi
1712 1471 1785 1528 ab
1821 1470 2224 1552 inaugurando

107 1562 371 1622 Pontifex
405 1562 765 1620 sciscitatur:
810 1562 1015 1620 Credis
1047 1562 1230 1620 etiam
1271 1562 1438 1622 Novi
1473 1574 1530 1622 et
1565 1564 1786 1626 Veteris
1829 1565 2225 1639 Testamenti,

108 1658 274 1737 Leyis
307 1667 361 1715 et
397 1657 842 1735 Prophetarum
887 1667 942 1714 et
988 1659 1407 1736 Apostolorum
1434 1704 1450 1726 ,
1508 1680 1707 1717 unum
1761 1681 1875 1717 esse
1905 1671 2224 1721 «auctorem

108 1753 301 1812 Deum
347 1774 418 1811 ac
453 1754 788 1811 Dominum
822 1751 1309 1831 omnipotentem?
1347 1753 1526 1832 Resp.
1563 1754 1755 1813 ‘Credo
1780 1753 1890 1833 (2).
1932 1756 1988 1814 S.
2026 1757 2224 1836 Augu-

109 1847 292 1905 stinus
317 1892 332 1922 .,
368 1869 615 1928 quarum
663 1847 1091 1927 Scripturarum
1130 1868 1413 1907 canonem
1461 1849 1682 1922 texuit,
1734 1860 1902 1908 vocat
1947 1851 2219 1921 divinas,

107 1943 187 2001 ita
222 1955 288 2002 ut
318 1942 562 2026 perinde
593 1944 668 2002 sit
697 1964 902 2003 vocare
926 1944 1249 2025 Scripturas
1274 1945 1518 2003 divinas
1546 1955 1721 2026 atque
1750 1949 2073 2005 canonicas
2098 1947 2213 2027 (3).

109 2041 235 2111 Quo
283 2050 479 2099 autem
526 2061 699 2098 sensu
753 2040 998 2098 divinas
1044 2039 1254 2099 dixerit
1310 2039 1614 2098 canonicas
1668 2040 2027 2122 ScripturaS‚
2081 2040 2222 2101 alibi
2261 2044 2263 2046 ’

109 2133 395 2209 declarat.
437 2133 691 2192 scribens
742 2156 757 2194 t
801 2137 1075 2214 Denique
1122 2145 1390 2193 auctores
1438 2137 1667 2203 nostri,
1708 2139 1776 2193 in
1829 2137 2050 2214 quibus
2097 2158 2218 2197 non

100 2230 339 2305 frustra
366 2249 687 2287 sacrarum
707 2229 1081 2288 Litterarum
1095 2231 1312 2310 fiyz'tur
1335 2240 1389 2287 et
1408 2233 1778 2288 terminatur
1801 2250 1992 2290 canon
2006 2274 2029 2303 ,
2058 2233 2219 2292 absit

106 2332 179 2379 ut
205 2326 364 2380 inter
383 2343 439 2380 se
461 2323 670 2401 aliqua
697 2326 927 2382 ratione
956 2325 1331 2382 dissentiant.
1372 2324 1538 2383 Unde
1564 2345 1680 2382 non
1709 2327 2037 2395 immerite,
2070 2347 2212 2385 cum

105 2417 215 2474 illa
257 2418 585 2475 scriberent
603 2460 626 2488 ,
676 2419 777 2474 eis
803 2418 999 2476 Deum
1044 2419 1132 2475 vel
1163 2438 1282 2495 per
1314 2438 1402 2474 eos
1451 2419 1778 2485 locutum...
1823 2429 1904 2476 tot
1943 2425 2212 2500 tantique

100 2513 317 2589 populi
346 2513 732 2570 crediderunt
770 2511 884 2590 (li),
918 2510 979 2569 id
1018 2523 1106 2570 est
1126 2556 1142 2581 ,
1178 2532 1382 2570 omnes
1413 2511 1722 2570 Christiani
1755 2512 1834 2571 ita
1868 2512 1943 2572 ab
1964 2514 2210 2575 Ecclesia

107 2606 310 2664 edocti.
348 2605 667 2664 Concilium
700 2606 840 2664 item
873 2605 1344 2685 Carthaginiense
1386 2607 1463 2664 111
1512 2607 1754 2664 divinas
1789 2608 2006 2687 pariter
2058 2610 2207 2669 Scri-

107 2712 306 2782 pturas
329 2701 629 2760 canonicas
671 2701 1032 2781 nuncupavit
1054 2746 1069 2775 7
1107 2701 1303 2760 dicens
1343 2722 1356 2758 :
1398 2702 1547 2776 Item
1583 2706 1858 2780 placuit,
1886 2714 1958 2761 ut
1984 2716 2212 2783 proeter

108 2797 455 2875 Scripturas
488 2799 806 2854 canonicas
829 2796 991 2853 nihil
1017 2801 1084 2853 in
1113 2797 1382 2855 Ecclesia
1414 2796 1652 2875 legatur
1683 2798 1794 2854 sul>
1837 2803 2074 2856 nomine
2109 2801 2209 2857 di-

107 2896 392 2950 vinarum
425 2893 909 2970 Scripturarum.
943 2892 1101 2949 Sunt
1139 2894 1340 2949 autem
1373 2893 1674 2975 canonicae
1706 2892 2063 2971 Scripturas,
2089 2904 2202 2954 etc.

177 3164 237 3227 (Ι)
254 3163 383 3229 Apud
396 3164 619 3213 Harduin.
631 3163 756 3212 Acta
771 3164 1108 3225 Conc.tom.1x,
1193 3164 1412 3212 sect-ando
1423 3162 1648 3227 Episcopo
1664 3163 1958 3212 emittebatur
1974 3165 2083 3214 fidei
2101 3184 2207 3231 pro-

114 3243 162 3288 in
188 3244 365 3294 decreto
394 3248 472 3294 cit.
505 3262 592 3311 pro
619 3246 779 3296 Jacob.
806 3247 895 3295 col.
932 3247 1075 3294 1023.
1193 3246 1326 3295 fessio
1352 3247 1568 3295 adversus
1585 3246 1942 3295 Manichaeorum
1962 3249 2199 3308 haeresim,

182 3323 246 3387 (2)
278 3325 409 3391 Apud
449 3327 776 3376 Blanchinium
801 3364 815 3387 ‚
860 3325 918 3374 V
914 3327 1112 3377 indicite
1193 3330 1272 3393 qui
1304 3327 1536 3393 negabant
1554 3327 1702 3377 Deum
1721 3338 1955 3377 auctorem
1976 3345 2070 3379 esse
2093 3329 2202 3380 Vet-

114 3406 326 3456 cancm‘c.
359 3409 618 3477 ,Scriptum
667 3409 877 3474 Praefat.
929 3407 1109 3457 Gener.
1194 3408 1491 3458 Testamenti.
1698 3443 1702 3446 -

114 3500 217 3547 pag.
237 3500 283 3533 2.
299 3485 395 3536 cfr:
415 3493 550 3539 etiam
567 3491 623 3540 Β.
642 3477 785 3540 Gard.
807 3483 1108 3551 Thomasius,
1260 3489 1323 3555 (3)
1358 3490 1437 3540 De
1481 3489 1708 3541 Doctrin.
1767 3491 1951 3541 Christ.
1996 3491 2083 3540 lib.
2126 3506 2162 3538 11
2186 3528 2199 3550 ,

112 3581 220 3629 opp.
260 3566 370 3615 edit.
405 3567 512 3619 Ant.
551 3572 718 3622 Franc.
757 3572 974 3633 venosi,
1016 3572 1110 3620 Ro·
1195 3587 1294 3636 cap.
1326 3569 1385 3630 8,
1419 3590 1470 3619 n·
1506 3587 1585 3620 12·

112 3661 198 3693 mae
225 3645 346 3714 ¹747
360 3683 373 3708 ,
391 3658 507 3699 tom.
541 3666 574 3700 n
592 3689 606 3713 ‚
632 3671 741 3719 pag.
758 3670 809 3720 9.
837 3654 943 3703 Haec
961 3673 986 3703 a
1005 3671 1113 3704 con·-
1262 3651 1330 3719 (14)
1349 3651 1417 3701 De
1432 3652 1542 3702 civ.
1558 3651 1681 3714 Dei,
1698 3653 1783 3702 lib.
1799 3667 1935 3711 um,
1951 3649 2146 3714 c.41‚n.
2163 3667 2202 3701 1.

1912 3746 1969 3802 5.
