2502 4134
2149 150 2233 210 27

367 181 528 218 PART.
577 178 642 217 11.
695 177 818 217 GAP.
866 178 909 213 1.
959 175 1027 212 DE
1069 173 1230 214 SACR.
1279 173 1428 210 nnn.
1475 174 1607 210 CAN.
1656 173 1721 210 ΕΤ
1766 173 2010 212 AUCTOR.

118 334 250 387 cant
284 325 670 403 Scripturam
684 363 707 393 ,
747 319 981 380 illorum
1019 329 1280 377 auctores
1317 315 1645 394 Prophetas
1682 316 1887 377 dicunt
1907 360 1923 391 ,
1963 316 2031 376 iis
2068 315 2231 380 inni-f

118 430 325 480 tuntur
357 417 434 478 ad
475 413 1010 487 adstruendafidei
1050 412 1354 492 dogmata,
1397 409 1576 470 libros
1617 411 1921 493 appellant
1966 410 2229 485 divinOS,

119 514 344 596 aliaque
381 510 665 591 ejusmodi
709 509 781 569 de
815 509 954 592 ipsis
995 507 1409 591 pronunciant.
1442 506 1768 588 Quomodo
1812 505 1938 566 haec
1978 507 2134 565 inter
2171 525 2234 564 se

118 605 593 691 componuntur?
620 607 848 687 Nempe
883 626 948 664 ea
971 649 987 679 ,
1026 625 1205 686 quam
1219 600 1641 684 apposuimus,
1659 622 1661 624 ·
1679 600 2050 660 distinctione
2078 601 2237 659 inter

116 703 295 763 libros
321 702 625 762 canonicos
657 712 717 759 et
744 699 994 760 divinos,
1029 702 1170 772 Quae
1196 695 1826 778 namquessprimoloco
1855 711 1930 756 ex
1964 695 2239 755 Patribus

117 798 457 873 attulimuS,
511 795 757 874 intelligi
805 794 1024 854 debent
1072 793 1253 853 relate
1305 792 1382 852 ad
1422 791 1907 865 canonicitatem,
1949 811 2062 871 qua
2099 788 2235 848 libri

119 894 305 954 nostri
349 891 616 952 destituti
657 900 862 965 erant,
907 901 967 949 et
1016 888 1092 948 ad
1144 888 1531 952 extrinsecam
1564 887 1881 969 quamdam
1921 884 2236 947 auctorita-
2310 934 2315 938 ,

119 1002 240 1049 tem
263 1034 279 1063 ,
325 1010 439 1069 qua
481 986 697 1046 scilicet
745 982 1025 1043 carebant
1059 982 1299 1041 ‘defectu
1351 982 1701 1041 testimonib
1728 980 2004 1044 solemnis
2038 978 2237 1061 ipsius

121 1084 418 1157 Ecclesiae3
455 1100 582 1163 quae
615 1099 754 1141 vero
793 1076 1046 1136 secundo
1089 1075 1216 1134 loco
1255 1074 1640 1148 adduximuS,
1682 1076 1945 1136 Ecclesiae
1974 1085 2239 1137 mentem

122 1180 270 1238 circa
305 1174 625 1237 eorundem
658 1171 919 1232 divinam
959 1170 1411 1253 inspirationem¹
1440 1189 1507 1229 ac
1539 1170 1920 1230 intrinsecam
1946 1170 2083 1232 >vim
2104 1191 2237 1260 ⁴pa-

121 1271 405 1331 tefaciunt
437 1269 551 1347 (l).

201 1363 304 1423 37.
353 1361 444 1424 Ad
489 1362 595 1437 6¹¹¹,
639 1361 788 1441 Ney.
837 1362 971 1420 Haec
1017 1362 1239 1443 pariter
1291 1383 1448 1423 nova>
1497 1362 1722 1422 theoria
1773 1361 2239 1423 adversariorum

119 1469 458 1519 nostrorum
493 1457 656 1517 omni
687 1467 775 1516 est
799 1456 1185 1517 fundamento
1216 1456 1514 1516 destituta.
1546 1458 1680 1517 Non
1721 1455 1999 1538 agebatur
2022 1456 2242 1538 quippe

119 1554 192 1616 de
227 1553 410 1614 abusu
442 1564 544 1612 aut
576 1551 993 1634 praeveniendo
1021 1563 1125 1612 aut
1158 1553 1510 1628 coercendo,
1540 1573 1676 1612 eum
1702 1549 1900 1612 Melito
1927 1551 2238 1611 Sardianus

120 1649 331 1730 aliique
375 1669 660 1707 canonem
701 1646 1047 1720 edideruntt,
1087 1648 1189 1708 sed
1234 1670 1325 1708 res
1365 1660 1495 1709 erat
1533 1648 1607 1709 de
1642 1650 1828 1709 veteri
1858 1647 2240 1727 Hebraeorum

75 1822 80 1828 ο
123 1765 342 1804 canone
380 1742 779 1824 cognoscendo
807 1754 867 1804 et
896 1743 1319 1825 patefacienda
1367 1746 1490 1804 Hac
1527 1743 1602 1804 de
1639 1765 1807 1804 causa
1842 1743 2042 1803 Melito
2075 1763 2240 1824 pere·

123 1839 724 1920 grinationemisuam
763 1839 827 1897 in
868 1838 1171 1898 Orientem
1219 1840 1510 1922 suscepit,
1552 1861 1662 1899 nec
1709 1851 1911 1898 tamen
1956 1859 2240 1897 canonem

64 1988 66 1990 .
124 1935 504 1995 Hebraeorum
539 1935 781 1995 omnino
820 1934 1146 2017 perfectum
1175 1935 1443 1996 exhibuit
1481 1937 1594 2016 (2).
1626 1937 1904 2016 Origenes
1929 1936 2074 1995 item
2099 1955 2241 2016 pro-

124 2031 352 2106 fitetur,
385 2052 446 2092 se
476 2030 856 2092 Hebraeorum
892 2051 1179 2092 canonem
1219 2031 1496 2093 exhibere
1532 2032 1644 2114 (3).
1674 2030 2001 2091 Concilium
2033 2028 2245 2090 Laodi-

130 2219 202 2268 Ad
223 2237 318 2268 rem
343 2232 549 2270 nostram
575 2223 700 2288 quod
724 2231 920 2289 spectat,
949 2223 1144 2289 perinde

1223 2243 1300 2275 res
1321 2223 1505 2288 reddit,
1547 2229 1744 2294 quinam
1767 2226 1986 2276 censendi
2021 2227 2112 2273 sint
2127 2223 2246 2286 slibri

130 2311 198 2349 est
222 2301 340 2350 liber
370 2302 668 2367 apocryphus
694 2319 749 2352 ac
776 2311 874 2353 no'n
902 2303 961 2352 ab
992 2307 1145 2354 omni-

1224 2307 1401 2368 divini,
1445 2309 1638 2374 quinam
1678 2325 1789 2358 vero
1827 2309 1887 2357 ab
1926 2309 2017 2356 hoe
2053 2324 2247 2356 numero

126 2389 219 2432 bus
255 2383 470 2448 probatus
491 2421 504 2443 ,
538 2386 799 2450 cujusmodi
844 2396 972 2434 erant
1003 2387 1144 2448 libri,

129 2482 247 2529 quos
273 2481 403 2513 nunc
416 2464 880 2514 deutero-canonicos
902 2483 1146 2528 vocamus3

131 2546 188 2595 ab
228 2545 428 2593 Eusebio
465 2563 571 2593 vero
609 2545 746 2595 Hise.
784 2545 897 2595 eccl.
938 2546 1024 2596 lib.
1061 2563 1145 2605 ιιι,

130 2645 234 2694 cap.
259 2626 322 2677 25
337 2665 353 2690 ‚
388 2627 724 2692 οἱντιλεγομένοι
744 2629 966 2678 dicuntur
982 2630 1040 2678 ad
1057 2629 1150 2679 dis-

130 2714 401 2761 tinctionem
449 2729 609 2761 eorum
640 2749 653 2773 ,
712 2728 827 2778 quos
874 2704 972 2778 ipse
1016 2722 1149 2761 vocat

131 2792 510 2858 ὁμολογουμένους
533 2833 547 2857 ,
574 2799 655 2863 qui
685 2799 898 2844 omnium
925 2813 1149 2845 consensu

133 2879 300 2942 recepti
335 2889 485 2927 erant.

198 2960 269 3022 (l)
305 2959 391 3007 Vel
422 2976 478 3008 ex
509 2960 596 3007 hac
628 2959 720 3007 sola
750 2960 1150 3009 animadversione

134 3050 287 3105 aperte
335 3041 579 3089 deducitur
599 3079 612 3101 ,
646 3060 813 3089 vanam
845 3060 939 3091 esse
987 3042 1147 3091 Prote-

137 3124 355 3170 stantium
384 3122 700 3172 difficultatem
723 3127 794 3172 :si
832 3123 1031 3174 Ecclesia
1059 3136 1150 3173 sta-

139 3204 224 3253 tuit
267 3204 324 3252 de
365 3221 539 3253 canone
574 3195 948 3270 Scripturarum,
999 3209 1149 3272 ipsam

143 3288 412 3347 superiorem
439 3286 558 3336 effici
581 3289 691 3352 ipsis
723 3290 862 3336 sacris
881 3287 1147 3353 Scripturis.
1194 3279 1196 3281 ,

142 3358 321 3414 Etenim
353 3386 434 3432 per
468 3369 804 3418 confectionem
840 3372 1032 3418 canonis
1061 3369 1152 3418 Ec-

142 3443 273 3492 clesia
287 3448 402 3497 nihil
421 3451 546 3499 aliud
561 3462 738 3516 praestat
755 3489 768 3509 ,
789 3470 930 3518 quam
949 3453 1151 3501 solemne

87 3555 92 3559 -
141 3525 274 3574 edere
312 3532 621 3582 testimonium
665 3536 783 3582 circa
818 3535 1107 3583 divinitatem
1132 3572 1144 3592 ,

114 3624 282 3672 'quam
318 3615 517 3675 agnoscit
556 3617 605 3663 in
637 3620 773 3664 sacris
810 3616 996 3666 Litteris
1021 3620 1151 3684 juxta

142 3691 377 3756 antiquam
410 3694 702 3747 traditionem
723 3736 735 3760 ,
773 3717 950 3767 nosque
988 3703 1151 3749 certio-

1226 2386 1527 2438 excludendi.
1548 2389 1675 2437 Nihil
1697 2390 1890 2456 proinde
1907 2391 2140 2437 intrinseci
2164 2388 2249 2436 ad·-

1227 2468 1296 2516 dit
1325 2471 1436 2532 ipsis
1471 2468 1739 2533 Scripturis.

1298 2549 1366 2615 (2)
1403 2550 1474 2599 De
1497 2567 1636 2616 scopo
1664 2549 1900 2600 Melitonis
1927 2551 2169 2600 scribentis
2190 2551 2249 2600 ad

1229 2630 1502 2680 Onesimum
1533 2633 1634 2680 haee
1662 2633 1803 2681 habet
1830 2631 2086 2691 Eusebius,
2106 2631 2246 2681 Hist.

1226 2711 1341 2761 eccl.
1374 2712 1461 2762 lib.
1499 2729 1547 2762 1v
1565 2750 1580 2773 ,
1610 2730 1710 2778 cap.
1736 2711 1835 2762 26:
1878 2712 2139 2763 Universos
2166 2730 2248 2762 ve-

1228 2796 1343 2842 teris
1371 2793 1672 2842 Testamenti
1698 2794 1845 2843 libros
1863 2829 1879 2855 ‚
1918 2797 2007 2859 qui
2032 2797 2250 2844 onmium

1228 2894 1462 2926 consensu
1482 2880 1659 2944 recepti
1675 2887 1813 2941 sunt,
1840 2879 2000 2926 statim
2027 2880 2085 2926 in
2107 2880 2252 2944 prin-

1228 2961 1357 3025 cipio
1382 2962 1539 3025 operis
1570 2968 1793 3009 recenset.
1817 2960 2001 3009 Omittit
2030 2975 2167 3025 porro
2199 2960 2248 3007 in

1228 3041 1315 3089 hac
1351 3045 1615 3091 recensione
1650 3041 1812 3091 Melito
1853 3042 2027 3090 librum
2056 3042 2252 3104 Esther,

1229 3125 1310 3188 qui
1339 3133 1495 3173 tamen
1518 3162 1531 3184 ,
1554 3125 1714 3173 saltem
1743 3124 1896 3190 quoad
1916 3126 2112 3189 primam
2139 3140 2250 3189 par-

1228 3215 1345 3263 tem,
1363 3215 1486 3255 certe
1502 3207 1750 3254 canonicus
1766 3223 1944 3272 semper
1961 3206 2146 3254 habitus
2165 3215 2252 3254 est.

1297 3286 1362 3351 (3)
1403 3288 1612 3349 Etenim,
1648 3288 1739 3336 loc.
1779 3290 1862 3337 eit.
1902 3305 1957 3336 ex
1986 3287 2251 3336 Comment-

1229 3371 1286 3416 in
1311 3368 1397 3420 Ps.
1438 3387 1485 3431 1,
1526 3374 1589 3418 ita
1623 3369 1780 3418 scribit
1822 3350 2040 3435 Origenes
2078 3385 2091 3418 t
2127 3367 2258 3420 Sunt

1230 3460 1388 3499 autem
1408 3453 1585 3516 viqinti
1606 3451 1700 3501 duo
1725 3451 1842 3500 libri
1840 3453 1992 3518 juxta
2012 3451 2251 3500 Hebraeos

1232 3532 1286 3581 hi
1297 3535 1453 3600 :prim
1463 3551 1519 3580 ns
1534 3536 1621 3598 qui
1634 3551 1664 3582 a
1677 3534 1815 3582 nobis
1838 3533 2042 3582 Genesis
2055 3533 2249 3588 dicitur,

1234 3626 1321 3665 etc.
1362 3635 1468 3682 opp.
1516 3618 1628 3666 edit.
1672 3616 1741 3667 De
1773 3617 1816 3665 la
1856 3616 1988 3675 Rue,
2030 3626 2144 3664 tom.
2181 3631 2254 3676 ιι,

1235 3715 1340 3762 pag.
1378 3696 1494 3764 529.
