2502 4134
235 75 355 134 216

862 94 1057 132 TRACT,
1110 96 1175 132 DE
1219 96 1371 135 Locis
1416 99 1797 141 THEOLomcls.

236 251 438 299 tamen
487 237 639 296 hanc
690 234 1048 295 concedendi
1094 235 1428 298 facultatem
1475 239 1785 317 facilitate,
1833 264 1944 324 qua
1989 241 2147 301 haud
2197 242 2368 324 pauci
2454 299 2465 308 ,

237 331 672 405 abutebantur,
714 331 930 391 factum
977 343 1099 406 est,
1140 343 1207 390 ut
1247 333 1517 394 Clemens
1564 338 1692 396 VIII
1740 359 1867 398 eam
1909 337 2245 398 facultatem
2292 337 2369 396 ad

236 450 460 488 sacram
495 425 705 485 Indicis
741 428 1250 508 congregationem
1287 430 1575 489 revocarit
1608 432 1723 512 (1).

320 523 459 583 316.
508 520 622 580 Ubi
665 533 862 582 autem
913 524 1227 604 Scripturae
1273 546 1450 585 sacrae
1500 526 1672 587 lectio
1717 528 1779 586 in
1824 527 2020 609 lingua
2061 526 2372 589 vernacula

236 618 396 678 utilis
423 618 541 678 visa
567 629 656 678 est
673 664 688 694 7
723 641 844 677 non
867 618 1041 679 modo
1071 622 1240 679 Rom.
1271 621 1739 682 Pontificeseam
1761 645 1884 682 non
1905 623 2370 705 prohibuerunt,

237 716 566 775 immovero
601 725 661 775 et
699 727 1157 797 promoverunt3
1184 737 1317 775 curn
1349 716 1564 778 scilicet
1599 719 1871 778 certiores
1909 719 2097 780 effecti
2127 732 2267 779 sunt
2301 719 2375 780 de

240 813 579 871 versionum
608 811 888 872 fidelitate
906 858 922 886 .,
951 824 1126 895 atque
1153 813 1577 874 difficilioribus
1600 816 1663 874 in
1686 816 1825 875 locis
1864 838 1995 876 eam
2028 818 2375 899 opportunis

241 910 396 968 notis
445 909 819 990 explanatam
866 921 1302 991 compererunt.
1351 911 1440 968 Sic
1481 912 1793 991 Gregorius
1843 914 1979 971 Xlll
2027 923 2227 972 auctor
2272 911 2381 971 fuit

242 1007 308 1063 P.
337 1003 598 1064 Wiechio
626 1005 682 1062 S.
716 1006 752 1064 J
761 1050 803 1079 .,
834 1015 900 1062 ut
929 1004 990 1062 in
1026 1004 1285 1084 linguam
1318 1005 1651 1086 polonicam
1687 1006 1868 1066 Biblia
1898 1018 2191 1081 verteret3
2226 1011 2380 1086 ejus-

245 1122 359 1182 que
399 1100 627 1175 versio.,
674 1099 977 1160 Clemente
1020 1102 1147 1159 VIII
1184 1100 1512 1183 probante,
1555 1104 1846 1163 Cracoviae
1893 1103 2111 1186 prodiit
2155 1103 2382 1185 (2).1n

245 1195 558 1256 Germania
598 1206 809 1278 praeter
847 1197 1206 1278 antiquiores
1231 1241 1248 1272 .,
1289 1217 1414 1279 quae
1431 1196 1661 1276 jamdiu
1694 1220 1725 1257 a
1756 1199 1893 1261 viris
1918 1199 2219 1260 catholicis
2258 1196 2384 1260 vul·

246 1304 389 1372 gatae
424 1305 594 1354 erant
630 1293 744 1373 (3).
783 1314 935 1354 nova
976 1293 1255 1352 adornata
1294 1305 1383 1354 est
1424 1293 1497 1353 ab
1540 1296 1770 1354 Emsero
1802 1294 1928 1376 (4);
1967 1297 2031 1354 in
2075 1294 2278 1375 Anglia
2314 1294 2379 1352 in

250 1529 424 1578 Biblia
446 1530 641 1595 vulqari
658 1530 831 1595 linqua
840 1531 1028 1597 passim
1047 1532 1151 1578 sine
1172 1530 1274 1579 dis·

247 1613 455 1660 crimine
461 1615 824 1678 permittantur,
842 1612 953 1677 plus
969 1611 1104 1676 inde,
1120 1612 1176 1660 ob
1193 1612 1278 1661 Ῐιο-

249 1696 442 1742 minum
465 1699 808 1754 temeritatem,
833 1694 1113 1741 detrimenti
1129 1710 1277 1759 quam

249 1777 482 1826 utilitatis
519 1779 670 1835 oriri,
706 1777 801 1826 hac
837 1778 893 1824 in
928 1785 1068 1843 parte
1105 1794 1278 1826 mincio

250 1858 461 1908 Emeum
503 1877 589 1907 sur
632 1874 924 1916 mouisrroms
974 1877 1137 1909 sii-:run
1158 1897 1171 1920 ‚
1224 1878 1278 1907 υτ

252 1958 342 1990 cun
394 1953 593 1990 concino
639 1958 824 1990 nucem
869 1959 949 1990 vm.
1002 1958 1280 1991 cosrssssan

252 2023 533 2071 Bibliorum
546 2059 561 2084 ‚
586 2040 616 2069 a
633 2023 882 2071 catholicis
902 2040 1167 2079 versorum,
1188 2024 1279 2073 Iec-

255 2107 434 2155 tionem
477 2104 673 2170 vulqari
711 2105 882 2171 linqua
922 2107 991 2154 eis
1031 2106 1282 2154 concedere

249 2190 464 2255 possint,
491 2205 607 2253 quos
635 2187 985 2250 intellexerint,
1021 2205 1079 2236 ex
1108 2188 1279 2254 hujus-

255 2271 391 2319 modi
417 2269 614 2318 lectione
634 2287 735 2318 non
762 2271 1029 2333 damnum,
1061 2271 1143 2318 sed
1165 2270 1286 2334 fidei

260 2361 305 2399 et
335 2353 536 2416 pietatis
574 2360 887 2417 auqmentum
926 2369 1092 2418 capere
1121 2369 1279 2418 posse.

258 2432 329 2482 De
344 2434 432 2482 hac
446 2434 600 2500 regula
618 2434 789 2482 Indicis
805 2434 978 2500 prolixe
995 2437 1083 2500 egit
1101 2434 1285 2483 P.Che-

257 2516 506 2577 ruhinus‚‘
528 2534 605 2581 op.
644 2519 727 2566 cit.
767 2527 885 2565 tom.
928 2533 1010 2581 1v,
1049 2527 1169 2582 part.
1202 2532 1281 2575 iv,

258 2616 362 2664 pag.
396 2596 657 2666 489-558,
693 2599 911 2648 adversus
937 2596 1213 2647 Arnaldum.

331 2682 394 2745 (l)
430 2680 551 2729 Sunt
578 2692 732 2730 autem
765 2682 907 2748 hujus
938 2682 1143 2740 tenoris,
1181 2695 1285 2746 quae

261 2761 398 2828 jussu
428 2761 680 2811 Clementis
719 2779 798 2811 vm
841 2763 998 2811 addita
1040 2773 1149 2810 sunt
1188 2761 1283 2810 Re-

262 2845 384 2909 gulae
426 2862 472 2893 lv
511 2844 687 2893 Indicis
724 2863 737 2893 ε
784 2844 1286 2894 Animadvertendum

266 2937 335 2975 est
357 2931 488 2976 circa
516 2927 848 2994 supradictam
881 2926 1113 2994 Requlam
1141 2944 1286 2991 quar-

210 3069 215 3090 ἱ
264 3018 365 3057 tam
397 3007 592 3059 Indicis
607 3010 695 3076 sel.
723 3010 908 3060 record.
934 3011 1027 3058 Pii
1045 3006 1196 3076 Papoe
1212 3027 1286 3072 iv,

266 3090 455 3140 nullam
475 3111 567 3159 per
594 3095 722 3142 hanc
745 3094 1109 3160 impressionem
1129 3103 1173 3141 et
1190 3094 1291 3141 edi-

264 3175 447 3222 tionem
466 3174 522 3221 de
540 3191 659 3224 novo
684 3177 839 3224 tribui
864 3175 1143 3242 facultatem
1161 3173 1212 3221 E
1204 3178 1291 3242 pi·

267 3259 424 3323 scopis
441 3294 456 3316 ‚
487 3257 561 3306 vel
575 3259 972 3323 inquisitoribus,
995 3267 1079 3306 aut
1101 3259 1292 3322 requla-

268 3342 401 3388 rium
443 3341 770 3405 superioribus
810 3341 1007 3391 concedi
1046 3340 1292 3389 licentiam

270 3421 490 3484 emendi,
518 3420 733 3486 leqendi,
758 3433 843 3471 aut
866 3422 1112 3472 retinendi
1125 3421 1292 3471 Biblia

269 3504 465 3570 vulqari
499 3503 670 3569 linqua
713 3505 874 3567 edila;
916 3523 1028 3555 cum
1059 3505 1291 3554 hactenus

273 3587 500 3659 mandato
536 3595 581 3635 et
617 3603 710 3634 usu
735 3599 911 3637 sanctas
938 3588 1079 3637 Rom.
1108 3595 1154 3635 et
1177 3590 1293 3637 uni-

1357 1530 1557 1579 versalis
1587 1531 1932 1596 inquisitionis
1967 1527 2155 1577 sublata
2184 1530 2257 1577 eis
2280 1527 2388 1593 fue·

1359 1614 1427 1660 rit
1446 1611 1656 1677 facultas
1679 1611 1973 1661 concedendi
2007 1609 2291 1677 hujusmodi
2320 1609 2385 1658 li-

1360 1696 1573 1755 centias,
1603 1704 1691 1743 etc.

1431 1778 1500 1843 (2)
1512 1777 1612 1827 Cfr.
1630 1776 1878 1843 Alegambe
1891 1779 1940 1826 in
1958 1774 2190 1825 Biblioth.
2206 1772 2389 1842 Script.

1363 1860 1473 1911 Soc.
1502 1859 1609 1909 Jes.
1646 1861 1741 1910 loc..
1772 1863 1855 1910 cit.

1434 1944 1500 2009 (3)
1547 1944 1734 1993 Etenim
1789 1942 2022 1991 Olfriedus
2075 1940 2394 1989 Wissembur-

1364 2029 1514 2091 gensis
1540 2043 1617 2074 an.
1637 2023 1738 2091 870
1757 2023 1939 2071 Novum
1968 2022 2171 2072 Testam.
2191 2039 2245 2070 ac
2262 2021 2392 2069 Psal-

1366 2125 1466 2155 mos
1492 2109 1679 2156 metrice
1715 2106 1875 2171 lingua
1909 2107 2143 2153 teutonica
2174 2103 2393 2152 reddide-

1366 2200 1432 2237 rat
1446 2208 1458 2251 ;
1484 2189 1605 2238 Rab.
1627 2188 1818 2237 Maurus
1843 2199 1885 2236 et
1899 2185 2160 2234 Walfridus
2179 2186 2394 2234 universa

1367 2268 1520 2319 Biblia
1557 2273 1606 2318 in
1640 2271 1846 2335 linguam
1887 2270 2201 2334 germanicam
2251 2277 2397 2316 verte-

1368 2363 1504 2414 rant;
1550 2354 1780 2401 versiones
1825 2350 2006 2399 biblicae
2046 2348 2313 2415 Augustana
2350 2358 2395 2398 et

1368 2433 1784 2499 Niiremburgensis
1805 2433 2070 2499 prodierant
2086 2446 2178 2482 sec.
2201 2447 2282 2479 xv.
2295 2428 2394 2479 Cfr.

1369 2515 1532 2566 Audin
1555 2555 1568 2576 ‚
1613 2516 1750 2565 [list.
1796 2515 1853 2563 de
1892 2514 1940 2562 la
1981 2515 2059 2562 vie
2090 2513 2147 2560 de
2181 2510 2394 2569 Luther,

1369 2601 1478 2648 edit.
1511 2615 1568 2661 2,
1597 2610 1710 2647 tom.
1734 2616 1750 2645 ι
1771 2635 1784 2658 ,
1822 2616 1919 2663 pag.
1962 2594 2040 2659 14.
2072 2595 2207 2660 Quod
2240 2605 2397 2644 tamen

1370 2682 1453 2730 hic
1474 2681 1589 2730 dicit
1617 2680 1774 2728 Audin
1799 2679 1860 2727 de
1889 2681 2099 2727 versione
2133 2679 2399 2743 germanica

1370 2764 1583 2813 Rabbani
1605 2765 1752 2813 Mauri
1777 2773 1820 2811 et
1839 2762 2058 2810 Walfridi
2079 2764 2224 2810 totius
2243 2760 2399 2826 Scrip-

1373 2857 1514 2911 turae,
1555 2846 1614 2894 ab
1649 2845 1749 2893 aliis
1792 2847 1842 2892 in
1889 2843 2091 2891 dubium
2136 2852 2394 2891 revocatum

1374 2927 1473 2979 cfr.
1523 2926 1812 2994 Apparatus
1859 2923 2064 2974 biblicus
2105 2923 2395 2982 Cherubim,

1374 3009 1469 3060 vol.
1498 3026 1573 3069 iv,
1614 3025 1722 3077 pag.
1773 3007 1858 3056 151
1896 3018 1941 3056 et
1969 3025 2068 3074 seq.
2096 3004 2194 3054 11110
2223 3023 2400 3069 germa-

1375 3095 1480 3141 nica
1515 3094 1694 3150 versio,
1733 3107 1839 3157 quae
1873 3092 1969 3156 jam
2007 3086 2136 3156 typis
2169 3087 2401 3153 prodierat

1377 3194 1458 3225 an.
1501 3171 1657 3238 1466,
1691 3172 1930 3221 sexdecim
1969 3171 2147 3219 vicibus
2181 3169 2302 3218 edita
2336 3180 2402 3218 est

1378 3269 1484 3307 ante
1513 3257 1827 3306 Lutheranam
1857 3256 2116 3303 versionem
2150 3255 2263 3301 anni
2297 3253 2400 3318 plus

1376 3345 1533 3389 minus
1556 3357 1571 3387 1
1583 3336 1697 3402 534.
1716 3337 1813 3386 Cfr.
1829 3330 1880 3383 V
1882 3338 2068 3384 ersions
2081 3335 2141 3400 of
2143 3334 2218 3382 the
2231 3333 2399 3399 Scrip-

1374 3432 1498 3484 tum,
1513 3425 1560 3470 in
1573 3419 1755 3469 Dublin
1765 3409 2236 3483 Rewiew‚v01.'1,July
2253 3413 2396 3465 1836.

1445 3503 1516 3569 (Ιι)
1553 3503 1623 3552 De
1661 3504 1749 3550 hac
1789 3504 1996 3551 versione
2037 3501 2215 3550 Emseri
2255 3506 2399 3564 agunt

1374 3586 1652 3646 CochlaeuS,
1696 3588 1747 3633 in
1781 3586 1922 3634 Actis
1953 3583 2066 3634 adv.
2100 3581 2394 3636 Lutherum,
