2502 4134
242 143 361 205 558

867 168 1067 206 TRACT.
1116 170 1185 206 ΒΕ
1230 170 1383 209 Locis
1426 173 1804 219 THROLOGIGIS·

237 313 422 372 miam
439 338 456 384 z,
476 310 691 370 Christi
709 309 1201 370 resurrectionem
1217 312 1352 372 etin
1375 314 1586 374 coelum
1604 317 1948 384 adscensum
1969 371 1986 403 ,
2002 328 2377 415 futuramque

238 407 488 493 proinde
510 426 837 488 corporum
862 408 1348 468 resurrectionem
1365 431 1431 469 ac
1453 411 1630 474 finale
1641 414 1927 493 judicium
1940 422 2124 485 veluti
2147 449 2377 488 accom-

242 504 641 564 modationem
661 501 910 581 judaicis
940 501 1205 564 locorum
1246 507 1595 587 praejudiciis
1628 510 1889 572 traduxit
1921 514 2038 596 (1);
2071 522 2379 603 Apostolo-

238 624 371 662 rum
422 600 752 660 doctrinam
802 598 1088 683 tanquam
1116 601 1326 663 inutile
1351 627 1416 664 ac
1447 608 1843 689 perniciosum
1868 611 2378 682 doctrinaeChristi

239 697 712 758 additamentum
763 698 1050 779 spectavit
1095 699 1224 780 (2);
1275 701 1640 783 Baptismum
1689 705 1946 790 denique
1986 730 2052 769 ac
2094 695 2375 790 Coenam,

237 804 456 878 praeter
508 795 887 853 Sacramenta
931 794 1196 877 reliqua,
1254 796 1440 858 veluti
1486 799 1641 861 ritus*
1684 823 1846 863 mere
1883 805 2235 885 symbolicos
2278 815 2380 872 a'u't

236 890 640 950 mnemonicos
681 888 927 950 adscivit
951 888 1065 971 (3).

322 986 464 1045 323.
517 987 585 1043 Et
623 985 747 1045 haec
780 984 1023 1067 quidem
1069 988 1505 1050 rationalismus
1537 994 1806 1073 vulgaris
1848 1009 2221 1081 nuncupatus
2255 1000 2378 1082 (4);

238 1081 673 1142 rationalismus
710 1082 1001 1165 siquidem
1018 1090 1331 1164 ynostz’cus
1353 1107 1454 1147 seu
1485 1092 1728 1168 sapiens
1749 1111 1814 1149 ac
1837 1095 2171 1174 intellzyens
2182 1139 2204 1168 ,
2227 1095 2382 1158 ulte-

238 1180 358 1239 rius
394 1200 764 1262 progressuS‚
807 1202 932 1238 non
963 1181 1143 1241 modo
1179 1181 1627 1263 symbolismum
1667 1208 1908 1247 omnem
1946 1190 2126 1269 (fidei
2160 1194 2384 1254 confes-

236 1276 464 1358 siones)
481 1298 511 1337 e
527 1277 719 1336 medio
731 1275 965 1336 sustulit
983 1324 997 1351 ,
1018 1277 1120 1338 sed
1139 1280 1370 1356 Kantii,
1390 1280 1756 1364 schellingii,
1778 1285 2001 1367 Hegelii
2018 1286 2382 1373 aliorumque

236 1372 845 1433 transcendentalium
875 1373 1307 1457 philosophiam
1337 1376 1704 1459 amplectens
1723 1424 1739 1453 ,
1774 1402 1905 1441 eam
1933 1383 1993 1442 in
2039 1383 2381 1466 religionem

236 1470 463 1531 invexit
494 1481 671 1552 atque
719 1481 1036 1552 utramque
1076 1472 1253 1530 simul
1301 1474 1665 1553 permiscuit.
1699 1476 1949 1536 Effectus
1987 1502 2163 1558 porro
2205 1481 2377 1560 hujus

236 1566 577 1650 adoptionis
615 1566 940 1626 extiterunt
963 1566 1241 1625 identitas
1275 1567 1661 1649 philosophiae
1687 1590 1753 1628 ac
1787 1571 2077 1652 religionis
2089 1620 2107 1651 ‚
2150 1576 2378 1636 destru-

235 1664 350 1723 ctio
391 1662 730 1722 omnimoda
773 1662 1191 1723 christianismi
1233 1661 1493 1722 historici
1530 1685 1631 1724 seu
1680 1665 2190 1741 realis‚sssuffectio
2236 1671 2378 1731 reli-

235 1761 419 1842 gionis
435 1759 847 1842 philosophicae
863 1803 879 1833 ,
907 1779 980 1817 ex
994 1756 1113 1816 sola
1129 1778 1347 1839 nempe
1363 1757 1599 1817 moralis
1618 1771 1720 1819 aut
1745 1761 2126 1843 intelligentis
2150 1776 2377 1828 naturae

237 1857 511 1916 humanae
539 1853 958 1914 constitutione
997 1852 1369 1935 depromptae
1397 1852 1524 1934 (5);
1570 1854 1837 1915 Christus
1859 1861 1986 1935 jam
2012 1882 2132 1920 non
2155 1872 2242 1921 est
2264 1862 2380 1923 nisi

303 2119 369 2183 (1)
408 2118 475 2166 Ita
491 2116 784 2177 Eberhardt‚
814 2114 1024 2176 Hiiffler,
1058 2114 1259 2177 Gabler‚

235 2205 292 2254 L.
321 2201 521 2261 Nitzch‚
566 2198 927 2266 Wegscheider3
961 2200 1090 2263 juxta
1128 2197 1261 2246 Kan-

1345 2117 1618 2180 ynosticum
1649 2133 1704 2165 ac
1730 2120 1984 2183 mysticum
1995 2154 2008 2168 .

234 2289 383 2335 tianos
416 2294 525 2333 sunt
552 2283 744 2331 totidem
774 2282 1029 2348 allegoriae,
1053 2285 1186 2346 juxta
1203 2281 1261 2329 de

233 2370 388 2420 Wette
417 2386 539 2418 mors
566 2369 817 2433 expiatoria
837 2367 1005 2414 Christi
1031 2365 1145 2414 Jesu
1181 2366 1262 2414 de-

232 2453 311 2503 bet
335 2470 431 2502 esse
458 2452 725 2519 symbolum
751 2450 1093 2499 conformitatis
1120 2459 1164 2496 et
1188 2465 1262 2496 re-

234 2538 569 2586 conciliationis
596 2537 811 2584 omnium
844 2535 1190 2599 oppositionum
1210 2534 1262 2579 in

234 2639 400 2687 campo
430 2638 591 2669 sensus
620 2617 840 2684 religiosi.
866 2615 992 2666 Ibid.
1014 2635 1114 2683 pag.
1137 2614 1260 2680 410.

304 2706 371 2770 (2)
422 2704 597 2752 Btihme
657 2702 820 2749 tribuit
870 2701 1263 2748 rationalismum

234 2787 436 2847 Christo,
452 2782 974 2852 supernaturalismum
1001 2800 1112 2831 vero
1137 2783 1262 2847 Apo-

233 2870 391 2931 stolis,
423 2871 473 2917 in
514 2886 593 2934 op.
627 2866 729 2915 Die
762 2866 967 2930 reliqion
991 2864 1044 2914 J.
1079 2865 1139 2914 C.
1172 2882 1263 2913 aus

233 2953 324 3001 den
373 2950 678 3012 Urhmden,
712 2968 791 2999 seu
828 2948 1014 3014 lteliqio
1051 2945 1105 2996 J.
1143 2947 1204 2996 C.
1236 2966 1261 2996 e

233 3035 532 3084 documentis
566 3034 889 3098 oriqinariis,
934 3030 1068 3080 Halle
1111 3028 1259 3080 1825.

233 3117 371 3168 Hisc.
403 3120 514 3166 crit.
550 3120 629 3167 cit.
661 3134 769 3182 pag.
805 3114 919 3162 260.
964 3115 1261 3163 Eckermann

232 3213 419 3260 censet,
460 3203 602 3249 satius
641 3217 739 3249 esse
781 3201 850 3247 uti
889 3199 998 3247 solis
1037 3200 1260 3247 doctrinis

232 3282 437 3343 Christi,
473 3286 654 3351 rejectis
683 3282 916 3347 Apostolis
937 3319 949 3339 ‚
980 3282 1038 3330 ad
1065 3299 1112 3329 se
1141 3297 1258 3346 prae-

233 3366 495 3417 cavendum
524 3367 583 3414 ab
612 3383 782 3415 errore.
812 3365 931 3413 lbid.
963 3383 1067 3430 pag.
1099 3379 1220 3432 277.

302 3448 368 3514 (3)
388 3455 391 3458 ’
408 3449 509 3498 Csr.
530 3465 633 3514 quae
663 3451 929 3515 scripsimus
953 3450 1003 3496 in
1019 3457 1154 3496 tract.
1181 3446 1257 3495 De

232 3534 387 3600 Bapt.
421 3543 467 3581 et
496 3530 577 3579 De
602 3530 655 3579 E
658 3531 893 3580 acharist-
1082 3526 1085 3528 ’

302 3616 372 3679 (14)
411 3614 722 3679 Distinguitur
758 3614 991 3680 siquidem
1027 3630 1156 3662 nunc
1185 3629 1260 3660 ra-

234 3701 530 3749 tionalismus
561 3701 611 3746 in
636 3695 908 3761 vulqarem,
935 3697 1224 3763 empiricam
1240 3731 1259 3759 ‚

1419 2198 1485 2262 (5)
1503 2198 1857 2249 Rationalismus
1885 2202 2135 2251 modernus
2155 2205 2251 2253 sive
2266 2220 2378 2269 qno·

1347 2283 1495 2329 sticus
1512 2281 1603 2330 dici
1635 2293 1779 2347 potest
1813 2282 2072 2349 Theoloqia
2099 2285 2321 2353 absorpta
2346 2303 2380 2335 a

1340 2365 1668 2432 philosophia.
1686 2365 2068 2417 Christianismus
2091 2367 2220 2435 juxta
2246 2371 2376 2420 hunc

1347 2450 1720 2498 rationalismum
1764 2442 1881 2499 non*
1904 2462 1970 2500 est
2012 2454 2103 2500 nisi
2133 2455 2379 2517 gnosticis-

1351 2550 1491 2592 mus,
1534 2535 1617 2598 qui
1656 2534 1965 2598 triumphavit
2007 2534 2064 2582 de
2090 2535 2348 2602 judaismo
2360 2554 2382 2598 3

1348 2620 1510 2664 contra
1541 2633 1646 2663 vero
1670 2620 1802 2682 juxta
1833 2616 2046 2676 (ln-orer,
2074 2635 2172 2666 non
2198 2628 2265 2667 est
2289 2621 2380 2668 nisi

1339 2713 1502 2764 purus
1515 2696 1829 2760 judaismus,
1858 2708 2047 2764 excepto
2079 2700 2293 2765 dogmate
2321 2701 2379 2750 de

1348 2780 1533 2831 Messia.
1585 2781 1828 2830 Paulusius
1877 2800 1976 2829 non
2022 2784 2280 2848 reperiebat
2323 2785 2374 2831 in

1348 2864 1602 2930 Evangelio
1629 2866 1722 2913 nisi
1748 2866 2144 2931 metamorphoses
2173 2868 2373 2915 orienta-

1347 2948 1532 3013 les-Ast
1550 2947 1618 2997 De
1646 2947 1799 2997 Wette
1831 2947 2059 3007 affirmat,
2089 2948 2372 2997 christianis-

1347 3049 1480 3080 mum
1510 3048 1608 3079 ossc
1629 3030 1886 3097 judicium
1925 3029 2080 3098 ideali!¹
2110 3033 2209 3078 sine
2241 3032 2372 3078 omni

1345 3114 1611 3163 rationabili
1661 3113 1778 3164 basi.
1835 3114 1903 3162 Ita
1956 3114 2095 3163 ceteri
2140 3109 2372 3177 ejusmodi
2444 3160 2451 3166 ,

1345 3199 1589 3262 scriptores
1606 3200 1740 3263 juxta
1760 3199 1939 3244 varium
1971 3194 2272 3243 rationalismi
2297 3212 2375 3260 ge-

1344 3299 1451 3341 nus,
1468 3280 1597 3348 quod
1614 3282 1935 3345 unusquisque
1947 3284 2154 3325 sectatus
2172 3287 2253 3325 est.
2271 3277 2372 3327 Cfr.

1344 3364 1625 3412 documenta
1644 3365 1693 3410 in
1713 3364 1790 3411 cit.
1805 3359 1946 3408 Hinc.
1972 3361 2178 3424 critique
2205 3359 2272 3407 du
2286 3376 2371 3407 ra-

1341 3443 1641 3503 honahsme,
1662 3454 1753 3492 etc.
1782 3456 1887 3507 pag.
1910 3439 2010 3490 328
2031 3477 2046 3500 ‚
2079 3456 2137 3488 21
2156 3457 2173 3488 1
2191 3478 2205 3500 ‚
2250 3456 2338 3508 191
2357 3478 2371 3502 ,

1343 3530 1474 3589 213,
1514 3539 1604 3578 etc.
1646 3526 1756 3574 Haec
1791 3526 1984 3592 quidem
2015 3543 2184 3591 opera,
2220 3527 2370 3574 conti-

1345 3629 1460 3662 nens
1489 3608 1591 3677 459
1619 3611 1807 3675 paginas
1829 3647 1842 3666 ,
1874 3619 1968 3658 tota
1997 3618 2066 3658 est
2093 3608 2152 3657 de
2182 3608 2272 3656 hoc
2298 3625 2370 3656 ar-

1345 3703 1567 3761 gumento
1586 3730 1599 3755 ,
1630 3703 1676 3741 et
1698 3703 1853 3742 tamen
1882 3710 1980 3741 non
2009 3702 2076 3742 est
2104 3694 2194 3741 nisi
2223 3693 2370 3757 speci-
