2502 4134
293 171 411 229 548
892 191 1092 229 mser.
1136 193 1205 229 nn
1250 193 1405 232 Locis
1451 195 1826 238 rnssotoemis·

294 336 513 395 virtute
578 334 880 412 signorum
943 333 1215 394 eamdem
1262 337 1542 395 instruxit
1584 336 1696 416 (l).
1750 340 1852 398 His
1907 344 2055 404 freta
2105 346 2421 428 praesidiiS‚

293 429 540 491 Ecclesia
591 427 973 506 Evangelium
1014 430 1301 490 universis
1341 430 1612 512 gentibus
1656 435 2037 498 annunciavit
2079 463 2144 500 ac
2184 465 2426 501 annun-

295 529 426 585 ciat.
468 525 692 582 Harum
738 523 995 583 officium
1025 525 1137 583 fuit
1162 546 1227 585 ac
1255 529 1592 589 estmotiva
1624 528 1957 611 expendere
1986 535 2384 597 credibilitatis
2408 582 2424 612 7

291 621 363 680 de
395 619 605 702 quibus
633 641 766 679 cum
804 621 944 701 ipsis
971 623 1300 682 constiterit
1323 669 1338 697 ,
1382 623 1466 682 nil
1496 624 1654 683 aliud
1684 637 1981 706 superest7
2011 650 2190 710 quam
2222 633 2426 716 adspi-

291 729 461 777 rante
520 716 721 776 divina
778 717 962 796 gratia
1005 719 1241 779 credere
1287 721 1354 779 iis
1403 721 1677 781 omnibus
1724 744 1789 781 ac
1842 725 2122 806 singuliS,
2177 748 2308 809 quae
2351 730 2425 790 ab

291 812 540 873 Ecclesia
583 812 876 873 credenda
919 828 1354 897 proponuntur.
1410 818 1612 891 Quivis
1643 818 1791 877 alius
1841 842 2143 901 processus
2179 822 2428 903 alogicus

292 922 414 983 estg
455 909 746 991 siquidem
784 911 845 967 in
887 912 1289 992 propositione
1334 913 1600 973 Ecclesiae
1643 914 1758 973 duo
1790 909 1890 974 illa
1924 915 2257 987 habentur,
2304 940 2432 1001 quae

292 1005 367 1065 ad
408 1007 518 1065 rite
558 1005 920 1065 credendum
973 1009 1359 1089 requiruntur
1403 1021 1462 1069 et
1501 1009 1831 1087 sufficiunt,
1877 1014 2167 1073 motivum
2214 1015 2432 1076 scilicet

287 1101 535 1162 formale
570 1113 631 1161 et
674 1102 868 1181 regula
902 1103 1171 1184 proxima
1211 1099 1642 1165 credendorum
1663 1153 1677 1181 ,
1712 1129 1965 1189 quorum
2005 1108 2357 1170 alterutrum
2386 1113 2433 1171 si

290 1198 474 1272 desit,
525 1197 689 1256 nulla
749 1219 882 1257 vera
923 1199 1150 1281 concipi
1192 1201 1336 1262 fides
1383 1201 1668 1282 objectiva
1717 1216 1932 1286 potest.
1981 1207 2090 1265 Per
2142 1208 2431 1271 motivum

290 1316 548 1377 namque
572 1293 815 1354 formale
845 1296 1094 1378 quisque
1123 1298 1416 1377 cognoscit
1436 1344 1451 1372 a
1491 1322 1611 1359 non
1641 1321 1807 1382 posse
1834 1300 2072 1361 subesse
2101 1302 2310 1362 falsum
2335 1304 2429 1378 iis,

293 1413 423 1473 quae
470 1393 624 1450 Deus
668 1389 1053 1465 revelaverit3
1098 1414 1205 1475 per
1240 1394 1501 1477 regulam
1533 1397 1863 1477 proximam
1905 1399 2304 1482 unusquisque
2336 1422 2436 1482 pa-

290 1488 436 1546 riter
485 1497 678 1546 certus
719 1487 786 1545 fit
815 1487 974 1547 hunc
1016 1488 1108 1548 vel
1137 1489 1307 1548 illum
1346 1491 1695 1565 articulum‚
1747 1513 2069 1574 omnesque
2092 1495 2269 1553 etiam
2298 1495 2434 1556 fidei

288 1582 562 1643 articulos
599 1583 898 1643 collective
954 1596 1220 1666 sumptos
1262 1607 1384 1645 esse
1423 1608 1454 1645 a
1499 1589 1619 1647 Deo
1666 1587 1977 1648 revelatos·

370 1679 511 1740 308.
561 1681 697 1739 Jam
727 1700 867 1739 vero
902 1680 1001 1762 qui
1022 1725 1039 1756 ,
1064 1680 1287 1758 abjecta
1311 1681 1420 1739 hac
1444 1682 1639 1761 regula
1669 1682 1962 1742 infallibili
1992 1683 2230 1767 solaque
2262 1696 2388 1746 tuta
2410 1732 2427 1762 ‚

288 1775 401 1836 sibi
423 1781 519 1855 jus
559 1786 789 1856 arrogat
826 1774 1235 1856 expendendi.²
1277 1777 1624 1836 secernendi
1648 1823 1663 1853 ,
1700 1777 2011 1855 judicandi
2054 1780 2432 1842 revelationis

296 1872 558 1950 objecta,
611 1883 677 1928 ut
711 1870 850 1931 inde
886 1874 1112 1931 ratione
1141 1872 1490 1933 individuali
1531 1894 1634 1933 ceu
1675 1896 1884 1934 norma
1930 1896 1995 1934 ac
2033 1875 2181 1936 duce
2228 1877 2433 1939 decer·

291 1982 397 2029 nat
419 2016 435 2045 5
479 1968 621 2052 quid
653 1967 767 2028 fide
803 1968 1003 2029 divina
1028 1969 1394 2029 credendum
1432 1971 1542 2044 sit7
1579 1970 1724 2053 quid
1769 1994 1907 2031 vero
1935 1972 2010 2033 ab
2047 1974 2433 2036 articulorum

292 2065 427 2125 fidei
468 2086 643 2124 censu
687 2066 761 2124 sit
809 2066 1249 2147 respuendum,
1301 2068 1348 2125 is
1387 2068 1730 2130 universum
1782 2067 1915 2128 fidei
1971 2081 2222 2151 systema
2267 2071 2434 2132 labe-

292 2163 471 2222 factat
508 2166 747 2244 ejusque
789 2161 970 2222 veluti
1015 2164 1430 2223 oeconomiam.
1479 2166 1704 2225 Evertit
1746 2166 1904 2224 enim
1945 2165 2091 2225 illud
2135 2168 2197 2227 1ο
2243 2169 2435 2250 quoad

294 2260 487 2339 ipsum
527 2257 900 2321 revelationis
949 2257 1323 2341 depositum„
1369 2282 1469 2321 seu
1521 2261 1778 2341 regulam
1825 2274 2152 2337 remotam,
2195 2283 2323 2345 quae
2363 2285 2437 2324 ex

293 2356 587 2437 Scriptura
633 2377 697 2414 ac
727 2355 1064 2431 Traditione
1099 2358 1360 2436 exurgit3
1412 2357 1702 2440 siquidem
1750 2380 1963 2442 anceps
2000 2358 2220 2420 haerere
2258 2358 2436 2419 debet

293 2453 439 2512 circa
483 2453 918 2535 Scripturarum
964 2475 1282 2528 canonem,
1323 2454 1784 2537 earumdemque
1819 2456 2254 2537 integritatem,
2296 2478 2435 2516 sen-

293 2571 426 2608 sum
453 2547 883 2628 dogmaticum,
913 2571 1270 2631 sensumque
1295 2549 1738 2611 traditionalem
1757 2552 1847 2631 (2)
1870 2578 1885 2626 ς
1920 2554 1988 2611 2⁰
2013 2553 2224 2612 evertit
2245 2552 2437 2635 quoad

293 2645 521 2726 singula
559 2645 866 2726 dogmata,
910 2647 1131 2729 quippe
1159 2670 1191 2706 a
1235 2669 1296 2707 se
1346 2648 1515 2707 unice
1546 2648 1770 2730 pendet
1810 2649 2236 2727 determinare,
2278 2671 2438 2733 quae·

298 2763 438 2800 nam
459 2763 597 2801 vera
627 2787 642 2815 ‚
663 2764 934 2824 quaenam
958 2754 1156 2801 autem
1173 2742 1459 2802 adscititia
1481 2743 1754 2803 habenda
1772 2746 1916 2823 sint3
1938 2745 2005 2805 30
2019 2743 2435 2828 evertitquoad

295 2837 636 2897 firmitatem
685 2860 750 2897 ac
779 2840 1069 2898 unitatem
1099 2839 1269 2915 fidei,
1305 2861 1441 2899 cum
1464 2841 1707 2899 omnino
1731 2840 1916 2902 unicae
1940 2844 2277 2920 subjectivoe
2302 2861 2431 2922 per-

293 2935 545 2993 suasioni
576 2934 752 2993 inniti
782 2934 1023 3007 debeat3
1061 2935 1183 2995 haec
1221 2947 1419 2996 autem
1456 2937 1612 2996 varia
1649 2959 1755 3018 pro
1805 2939 2255 3019 uniuscujusque
2289 2935 2433 2996 affe-

293 3030 487 3089 ctione
522 3032 846 3090 necessario
869 3053 1004 3090 cum
1044 3033 1150 3105 sit,
1184 3053 1418 3117 necesse
1445 3054 1681 3114 prorsus
1717 3045 1843 3108 est,
1879 3045 1942 3092 ut
1967 3033 2159 3092 omnia
2195 3042 2431 3109 nutent,

294 3127 490 3185 omnia
544 3126 865 3200 fluctuent,
922 3150 987 3187 ac
1041 3129 1102 3187 in
1169 3140 1453 3211 perpetua
1509 3130 1790 3190 varietate
1845 3141 1904 3189 et
1949 3127 2198 3188 transitu
2244 3127 2434 3209 posita
2499 3205 2501 3208 v

293 3223 441 3295 sint,
474 3243 543 3281 ex
594 3244 711 3304 quo
748 3225 941 3283 omnis
969 3223 1321 3284 dissolvatur
1358 3226 1552 3283 unitas
1574 3271 1590 3299 .,
1623 3224 1916 3284 horribilis
1949 3223 2266 3282 inducatur
2290 3244 2432 3283 con-

292 3317 476 3390 fusi0‚
528 3317 714 3379 donec
743 3319 887 3379 fides
919 3342 984 3380 ac
1023 3321 1146 3403 ipsa
1178 3320 1312 3381 fidei
1349 3322 1510 3380 notio
1540 3321 1781 3403 penitur
1820 3320 2069 3379 intereat
2105 3319 2216 3402 (3).

365 3538 429 3601 (l)
462 3536 517 3583 ln
546 3535 690 3602 hujus
718 3548 851 3595 tract.
889 3550 1006 3604 part.
1043 3557 1090 3598 ι,
1119 3551 1233 3589 sect.
1269 3558 1319 3601 1,
1406 3540 1547 3606 hujus
1588 3548 1719 3587 tract.
1760 3547 1873 3602 part.
1917 3554 1984 3599 11,
2020 3549 2131 3588 sect.
2169 3555 2219 3599 ι,
2254 3555 2349 3604 cap.
2400 3554 2420 3587 ι

292 3636 395 3685 cap.
434 3634 502 3668 1v.
1405 3632 1450 3671 et
1480 3639 1611 3687 seqq.

363 3703 428 3766 (2)
468 3700 780 3762 Recolantur‚
819 3719 924 3769 quae
961 3707 1226 3770 scripsimus
1267 3708 1318 3753 in
1475 3701 1539 3766 (3)
1578 3703 1740 3751 Praeter
1772 3720 1851 3765 ea,
1882 3719 1985 3771 quae
2023 3705 2193 3769 passim
2240 3703 2326 3752 hac
2364 3700 2423 3751 de
