2502 4134
2103 154 2215 216 157

431 144 592 218 mn}
642 177 709 215 11.
753 177 882 216 cn.
926 174 1017 214 111.
1061 175 1131 212 mi
1172 174 1332 214 sscn.
1381 144 1668 213 sempron.
1715 174 1901 214 mrsu.

109 328 169 385 in
198 324 307 383 hoc
334 343 593 404 quoque,
631 318 1127 402 quemadmodum
1161 330 1223 379 et
1262 319 1325 378 in
1361 318 1485 378 aliis
1521 318 1830 401 omnibus,
1866 318 2218 380 discretione

107 442 251 500 opus
283 429 371 478 est
394 462 410 483 ,
444 417 586 476 adeo
622 427 687 474 ut
712 438 880 473 usum
908 414 1221 473 debeamus
1253 413 1327 473 ab
1364 412 1546 472 abusu
1570 436 1890 474 secernere.
1924 415 2033 487 Qui
2056 415 2219 475 enim

107 514 324 594 absque
362 512 590 571 delectu
626 531 690 569 ac
725 510 1032 569 sufficienti
1067 509 1452 568 fundamento
1477 553 1492 582 ,
1533 521 1633 567 aut
1659 531 1729 568 ex
1768 508 2006 568 arbitrio
2039 510 2219 571 etiam.

109 609 215 667 hos
258 607 364 666 sibi
406 608 785 685 confingunt,
840 605 985 663 adeo
1025 616 1091 663 ut
1134 603 1398 663 tribuant
1445 604 1753 684 Scripturae
1795 626 2068 679 sensum„
2115 604 2220 687 qui

106 704 376 784 proprius
402 713 635 759 tantum
666 722 867 759 eorum
904 711 995 760 est
1020 744 1036 774 .,
1064 710 1204 757 sunt
1236 697 1439 780 procul
1469 696 1647 755 dubio
1671 699 2062 758 succensendi.
2105 699 2220 773 Qui

105 819 245 860 vero
274 797 472 857 solidis
508 796 831 856 rationibus
864 796 1231 869 innituntur,
1275 792 1594 852 dummodo
1621 803 1778 852 certo
1808 805 2050 852 utantur
2069 805 2218 854 tem-

104 906 480 975 peramento,
527 890 974 952 commendandi
1013 901 1186 964 sunt,
1233 889 1376 948 dum
1420 889 1609 947 varios
1659 888 1969 968 Scripturae
2012 910 2217 949 sensus

104 987 383 1066 detegunt
412 999 471 1046 et
495 996 814 1068 exponunt.
843 984 1106 1044 Christus
1130 984 1288 1042 enim
1315 984 1439 1063 ipse
1472 995 1541 1041 et
1575 982 1828 1064 Apostoli
1853 1006 1979 1058 ⁴non
2008 1006 2126 1044 uno
2151 986 2218 1045 in

103 1081 227 1142 loco
277 1082 609 1160 hujusmodi
653 1077 1081 1160 interpretandi
1139 1077 1379 1135 rationis
1433 1079 1589 1137 viam
1627 1077 1798 1137 nobis
1834 1092 2210 1160 aperuerunt.

103 1179 250 1235 Cum
277 1177 463 1256 typica
494 1173 781 1254 siquidem
815 1172 990 1231 fuerit
1021 1172 1261 1253 antiqua
1288 1171 1383 1231 lex
1404 1217 1420 1247 7
1450 1195 1581 1231 vnon
1605 1172 1793 1231 solum
1825 1176 2040 1254 apertis
2070 1196 2218 1256 prae·

104 1270 446 1330 dictionibus
465 1278 523 1327 et
548 1268 832 1327 vaticiniis
852 1267 1149 1326 Christum
1171 1272 1408 1350 ejusque
1428 1267 1732 1327 Ecclesiam
1755 1271 2177 1353 praenunciavit
2193 1317 2212 1347 .,

99 1386 302 1425 verum
340 1364 517 1422 etiam
552 1363 723 1421 variis
752 1361 957 1420 ritibus
992 1363 1253 1442 gestique
1277 1364 1672 1445 praefiguravit
1696 1363 1806 1444 (l).

175 1458 316 1517 240.
362 1458 747 1537 Distinguitur
781 1459 1210 1517 autem'sensus
1249 1459 1313 1516 in
1350 1457 1704 1535 litteralem,
1740 1461 1841 1542 qui
1876 1462 2052 1520 etiam
2083 1469 2217 1522 trb-

96 1555 255 1637 picus
287 1565 346 1613 et
376 1554 804 1635 metaphoricus
841 1565 929 1613 est
950 1598 967 1628 ,
1004 1565 1064 1613 et
1096 1555 1157 1611 in
1199 1555 1509 1634 mysticum
1545 1576 1645 1614 seu
1677 1557 2073 1637 spiritualemz,
2113 1559 2217 1640 qui

98 1672 329 1709 rursum
363 1649 544 1709 dividi
581 1650 885 1709 consuevit
917 1649 976 1707 in
1011 1649 1383 1729 allegoricum
1405 1696 1421 1726 ‚
1451 1651 1878 1734 tropologicum
1915 1667 1975 1716 et
2009 1676 2217 1736 anago-

98 1746 285 1824 gicum
304 1791 320 1820 ,
362 1746 464 1827 qui
491 1745 641 1803 tritis
670 1744 782 1804 illis
817 1744 1076 1806 versibus
1108 1745 1531 1828 comprehendi
1562 1747 1752 1808 solent
1782 1772 1795 1807 :

356 1895 581 1953 Littera
615 1905 780 1974 qesta
820 1895 1014 1963 dooet;
1058 1895 1214 1974 quid
1251 1896 1460 1954 credas
1478 1942 1496 1966 ‚
1538 1901 1823 1976 alleqorz'a
1843 1918 1866 1967 ,·

355 1992 602 2050 Moralis
620 2035 636 2065 .,
663 1992 818 2070 quial
836 2011 1015 2071 a9a33
1042 2012 1157 2070 quo
1182 1992 1387 2050 tendas
1402 2036 1425 2064 ,
1452 1998 1753 2073 anaqoqz'a
1783 1994 1896 2073 (2).

93 2227 180 2289 qui
211 2226 351 2291 effata
377 2228 480 2288 ejus
509 2224 818 2291 (Scripturae)
849 2242 1098 2290 nunquam

96 2322 126 2353 a
157 2321 205 2352 se
243 2306 395 2369 ipsis,
439 2305 520 2351 sed
558 2305 619 2352 ab
651 2305 811 2352 aliena
843 2321 1026 2369 semper
1058 2314 1102 2352 et

94 2384 365 2435 sublimiori
375 2385 564 2450 quidem
577 2387 857 2433 auctoritate
871 2385 1103 2450 suspendi

97 2466 279 2516 vellent.
307 2467 415 2515 Haec
444 2485 576 2532 porro
605 2468 718 2515 dure
745 2470 883 2515 nimis
900 2468 1020 2515 dicta
1035 2469 1105 2515 vi-

97 2550 296 2612 dentur3
329 2561 455 2597 taceo
474 2565 576 2616 quae
594 2550 652 2598 de
676 2567 809 2598 sensu
827 2551 980 2611 scribit
997 2550 1104 2598 Tri-

90 2632 274 2681 dentini
299 2632 466 2680 decreti
490 2634 607 2680 circa
625 2649 741 2679 sacr.
762 2632 1100 2697 Scripturarum

97 2717 539 2780 interpretationem,
566 2730 668 2779 quae
699 2715 755 2762 de
782 2716 1104 2764 accommoda-

94 2799 217 2845 tione
245 2796 351 2845 Vet.
375 2796 497 2845 Test.
517 2796 852 2860 Scripturarum
870 2797 928 2844 ab
946 2796 1098 2845 Evan-

95 2879 260 2944 gelistis
284 2889 328 2927 et
345 2877 566 2943 Apostolis
585 2879 764 2926 Christo
793 2878 908 2926 sacta
935 2878 1100 2943 habet3

97 2960 203 3009 talia
231 2963 400 3026 quippe
430 2971 567 3020 sunt,
598 2971 647 3008 ut
679 2978 703 3008 a
734 2963 909 3009 sincero
939 2961 1100 3010 catho-

98 3039 186 3090 lico
214 3042 390 3090 admitti
423 3047 671 3108 nequeant.
705 3042 762 3090 In
794 3043 1010 3091 omnibus
1035 3053 1101 3091 est

100 3123 260 3171 modus
273 3125 460 3173 servand
469 3143 518 3172 us
529 3162 542 3184 ‚
559 3125 764 3190 alioquin
774 3125 970 3191 scopulis
982 3126 1100 3175 foede

101 3203 351 3269 impingere
377 3223 490 3270 opus
517 3216 600 3255 cst.

169 3283 230 3346 (l)
266 3285 362 3334 Hoc
390 3288 462 3337 vel
491 3290 586 3353 ipse
611 3288 733 3337 Jahn
751 3326 765 3349 ,
795 3290 888 3338 loc.
916 3291 996 3338 cita
1026 3290 1097 3337 fa-

103 3369 232 3409 tetur.
259 3363 355 3415 cfr.
381 3371 515 3417 etiam
536 3369 684 3420 Glaire
699 3407 713 3430 ‚
742 3388 818 3436 op.
838 3381 882 3420 et
901 3371 990 3421 loc.
1013 3374 1093 3421 cit.

101 3458 205 3505 pag.
235 3443 333 3511 339
360 3457 403 3512 et
424 3466 554 3516 seqq.

95 3529 99 3532 ⁴
172 3524 237 3588 (2)
273 3525 512 3580 Nonnullis
542 3536 722 3598 partitio
746 3535 846 3584 haee
875 3553 1094 3586 sensuum

1184 2243 1370 2291 pressa,
1402 2244 1500 2275 non
1531 2244 1626 2275 uno
1665 2244 1720 2275 ex
1750 2230 1896 2293 capite
1925 2245 2112 2293 peccare
2139 2232 2211 2279 vi-

1185 2308 1353 2369 detin-3
1387 2325 1441 2355 ac
1476 2315 1522 2355 1⁰
1549 2308 1674 2373 quod
1701 2325 1850 2355 unum
1882 2326 2101 2370 sensuum
2134 2310 2209 2358 bi-

1184 2387 1417 2435 blicorum
1461 2405 1604 2453 genus
1650 2406 1757 2436 cum
1802 2390 1990 2438 alterius
2035 2393 2212 2455 generis

1186 2469 1425 2532 speciebus
1446 2469 1585 2517 simul
1605 2479 1908 2531 numeretur-3
1939 2488 2045 2519 cum
2079 2472 2209 2522 nulla

1186 2551 1306 2597 ratio
1331 2552 1418 2610 sit,
1455 2567 1538 2597 cur
1566 2553 1759 2600 nomina
1791 2550 2128 2617 tropoloqicum
2160 2563 2209 2602 et

1186 2629 1506 2695 anaqoqicum
1546 2632 1739 2680 diversis
1778 2634 2019 2698 speciebus
2048 2651 2208 2684 sensus

1188 2712 1434 2776 spiritualis
1469 2713 1787 2779 significandis
1813 2717 1950 2764 unice
1977 2733 2208 2781 usurpen-

1187 2805 1279 2845 tur.
1310 2795 1554 2861 Scripturae
1581 2798 1810 2862 siquidem
1830 2835 1844 2857 ‚
1873 2801 2011 2847 etiam
2040 2817 2208 2849 secun-

1188 2878 1302 2926 dum
1334 2896 1519 2927 sensum
1545 2879 1783 2928 litteralem
1799 2917 1812 2940 ,
1829 2864 2102 2942 intellectas,
2122 2899 2207 2932 no-

1184 2960 1258 3008 bis
1287 2977 1339 3010 ea
1368 2960 1594 3011 exhibent
1624 2981 1763 3027 quam
1793 2966 2036 3027 saepissime
2057 3001 2071 3025 ‚
2091 2983 2204 3031 -quae

1184 3043 1244 3090 ad
1283 3059 1433 3091 mores
1472 3054 1679 3109 spectant
1713 3055 1851 3110 atque
1884 3046 1942 3093 ad
1975 3055 2204 3114 (eternam

1185 3123 1451 3172 beatitatem
1472 3144 1494 3186 ,·
1530 3135 1584 3173 2⁰
1616 3126 1737 3191 quod
1774 3137 1936 3191 praeter
1968 3130 2078 3176 vitia
2119 3131 2205 3178 toti

1182 3209 1478 3272 propositioni
1516 3210 1782 3256 communia
1817 3211 2027 3258 recensiti
2062 3215 2205 3259 versi-

1182 3289 1381 3338 culi'alia
1408 3290 1609 3338 habeant
1629 3290 1716 3338 sihi
1745 3292 2058 3356 particularia.
2079 3293 2204 3342 Male

1181 3373 1353 3437 quippe
1381 3370 1536 3419 littera
1564 3372 1807 3434 definitur,
1846 3390 1949 3439 quae
1963 3383 2093 3439 qesta
2115 3374 2202 3422 do-

1178 3463 1278 3515 cet,
1320 3456 1461 3503 veluti
1493 3458 1532 3503 si
1563 3456 1759 3505 historiae
1793 3457 2066 3518 dumtaxat,
2103 3476 2201 3507 non

1178 3546 1332 3585 autem
1359 3548 1404 3586 et
1431 3536 1554 3602 leqes
1579 3556 1766 3605 quoque
1793 3549 1838 3588 et
1864 3556 2050 3588 morum
2064 3554 2200 3604 prm-

96 3604 375 3656 biblicorum
405 3646 418 3670 ,
470 3612 694 3664 adductis«
725 3618 954 3667 versieulis
1006 3635 1092 3667 ex·
1176 3626 1337 3685 cepta,
1371 3630 1510 3687 atque
1528 3623 1637 3687 ipsae
1660 3622 1913 3671 admodum
1933 3621 2198 3688 prophetia
