2502 4134
307 189 473 227 lua-r.
519 189 608 224 111.
658 187 806 225 secr.
851 187 890 223 1.
939 187 1061 225 car.
1111 189 1150 224 ι.
1196 188 1264 224 nn
1309 187 1437 223 aar.
1483 184 1611 224 Am.
1656 184 1766 221 mn.
1814 182 1996 221 arnor.
2095 161 2214 222 393

196 330 298 391 84.
347 329 450 390 Ad·
477 329 562 389 3¹1¹
581 374 597 402 ‚
645 330 798 409 Ney.
848 329 1034 390 Media
1062 332 1253 405 enim,
1296 327 1504 410 quibus
1533 330 1682 387 ratio
1709 326 2079 388 individualis
2109 349 2215 409 po-

118 436 231 484 test
255 436 413 505 certo
428 439 771 502 cognoscere
795 424 1160 483 existentiam
1184 423 1555 484 revelationis
1571 467 1588 499 ,
1620 424 1786 504 plura
1815 444 1936 482 esse
1959 434 2212 504 queunt;

114 531 306 600 potest
331 540 544 600 nempe
586 541 691 600 per
731 520 917 580 visum
955 540 1046 578 ex.
1084 540 1168 598 gr.
1204 540 1311 600 per
1347 518 1615 576 auditum
1640 563 1655 592 ,
1687 538 1790 599 per
1818 517 2214 577 testimonium

114 613 420 672 hominum
444 659 458 686 .,
502 635 606 694 per
641 613 740 672 illa
778 613 1014 672 demum
1053 614 1245 671 omnia
1281 611 1680 671 credibilitatis
1714 613 1927 673 motiva
1952 658 1968 687 7
2007 610 2215 694 quibus

114 707 352 769 evidens
388 708 472 766 illi
525 707 835 781 reddatur5
866 708 1053 788 reipsa
1079 729 1110 765 a
1141 710 1260 766 Deo
1291 706 1706 766 revelationem
1738 707 1948 765 factam
1973 728 2114 766 esse.
2157 707 2215 765 Si

118 824 252 865 vero
289 825 477 862 sermo
524 803 597 860 sit
642 802 714 862 de
762 802 1144 876 certitudine,
1200 823 1325 883 quae
1374 801 1875 881 singulosafficiat‘
1912 801 2213 876 articu103‚

113 898 209 961 vel
246 898 643 957 collectionem
692 897 1108 971 articulorum,
1156 898 1256 978 qui
1306 896 1659 957 revelatione
1698 897 2104 971 continentur,
2148 916 2215 956 ea

120 1005 272 1053 certe
311 992 511 1053 haberi
547 994 714 1052 unice
745 1003 936 1074 potest
971 1014 1075 1074 per
1102 991 1364 1051 Ecclesiae
1401 991 1716 1052 infallibilis
1744 993 2168 1052 auctoritatem.

196 1089 295 1147 85.
343 1088 430 1147 Ad
472 1087 581 1161 lim,
617 1090 773 1147 Diae.
817 1088 880 1146 Id
901 1099 1024 1161 est,
1058 1086 1241 1148 valuit
1267 1090 1454 1162 Deus7
1506 1098 1571 1145 ut
1606 1088 1880 1147 veritates
1923 1098 2215 1169 proto-pa-

116 1184 270 1242 renti
295 1204 326 1240 a
357 1205 416 1241 se
442 1183 710 1241 revelatae
737 1182 1274 1240 transmitterentur
1294 1182 1368 1240 ad
1398 1202 1586 1241 seram
1601 1203 1785 1263 usque
1812 1183 2215 1262 posteritatem

114 1299 221 1360 per
253 1277 624 1335 traditionem
652 1277 776 1335 sive
801 1275 1177 1334 domesticam
1211 1277 1331 1335 sive
1351 1274 1645 1357 publicam
1667 1319 1683 1349 ,
1719 1296 1920 1344 conc.‚·
1950 1298 2058 1358 per
2090 1288 2215 1335 tra-

108 1371 394 1430 ditionem
427 1369 719 1451 publicam
753 1380 987 1428 tantum
1010 1415 1025 1443 .,
1068 1390 1170 1429 seu
1193 1391 1299 1451 per
1333 1391 1678 1429 consensum
1718 1371 1941 1449 generis
1969 1370 2215 1431 humani

112 1474 393 1544 tanquam
425 1464 661 1522 unicum
694 1463 955 1523 medium
985 1463 1061 1522 ad
1095 1463 1433 1522 earumdem
1467 1464 1886 1545 assequendam
1911 1465 2215 1526 certitudi-

107 1579 280 1632 nem,
321 1560 626 1638 ne9.·Haec
659 1557 775 1616 duo
810 1559 1074 1639 apprime
1111 1557 1462 1618 secernenda
1499 1557 1573 1616 ab
1607 1559 1860 1619 invicem
1895 1572 2067 1634 suntr,
2097 1561 2216 1642 pri-

106 1676 272 1712 mum
310 1656 467 1714 enim
508 1655 873 1716 verissimum
915 1666 1034 1731 est,
1081 1655 1347 1736 quamvis
1387 1677 1505 1714 non
1563 1677 1766 1715 omnes
1804 1668 2074 1737 parentes
2110 1678 2215 1715 suo

110 1749 296 1808 functi
332 1771 574 1809 munere
598 1751 752 1826 sint,
782 1749 940 1808 unde
971 1751 1156 1831 repeti
1194 1748 1370 1809 debet
1395 1749 1551 1832 apud
1583 1750 1779 1832 plures
1813 1750 2059 1833 populos
2091 1751 2214 1833 pri-

108 1866 314 1906 maevae
344 1845 719 1906 revelationis
760 1846 1052 1926 corruptio
1092 1856 1193 1903 aut
1232 1846 1406 1904 etiam
1435 1845 1764 1905 obliteratio
1797 1846 1919 1926 (1);
1963 1846 2212 1907 alterum

110 1961 251 2001 vero
297 1952 383 1999 est
425 1940 634 1998 falsum
655 1985 672 2015 ‚
720 1939 975 2021 alioquin
1017 1961 1149 1998 cum
1178 1940 1480 2021 deperdita
1511 1952 1612 1999 aut
1652 1940 1860 2000 saltem
1897 1940 2052 2002 foede
2096 1962 2213 2000 cor·

107 2046 282 2116 rupta
330 2034 487 2118 apud
519 2035 826 2117 plerosque
863 2034 1110 2117 populos
1149 2023 1346 2095 fuisset
1380 2036 1658 2117 primaeva
1701 2035 2012 2112 revelatio,
2050 2035 2210 2095 nulla

107 2130 295 2210 reipsa
335 2130 396 2187 in
432 2130 897 2190 adversariorum
927 2128 1237 2211 hypothesi
1265 2129 1580 2191 individuis
1616 2130 1771 2190 illius
1803 2130 2212 2192 certitudinem

110 2224 452 2304 assequendi
497 2225 869 2306 superfuisset
910 2226 1001 2286 via
1025 2269 1042 2299 ,
1071 2245 1180 2284 nec
1216 2223 1332 2284 ulla
1362 2237 1669 2306 propterea
1702 2226 1775 2285 ad
1808 2225 2055 2286 salutem
2081 2247 2209 2309 per·

107 2320 402 2381 veniendi.

189 2414 289 2474 86.
337 2414 426 2474 Ad
474 2414 581 2492 5¹¹¹,
628 2417 787 2476 Dist.
834 2418 901 2474 In
953 2415 1411 2478 adversariorum
1461 2416 1772 2500 hypothesi
1799 2422 1968 2496 juxta
2010 2416 2162 2477 dicta
2187 2463 2205 2492 ,

101 2605 363 2654 referuntur
380 2642 394 2665 ‚
434 2622 540 2672 quae
569 2607 779 2671 praeclare
808 2606 943 2655 docet
978 2605 1114 2656 Cate-

102 2688 304 2736 chismus
332 2688 469 2738 Rom.
503 2698 618 2754 part.
658 2706 673 2736 1
693 2725 707 2750 ‚
732 2706 831 2754 cap.
866 2704 894 2736 2
918 2724 934 2748 ‚
967 2707 1019 2738 n.
1053 2687 1114 2750 6,

101 2768 184 2817 ubi
215 2779 459 2836 postquam
497 2768 780 2831 celebravit,
823 2787 925 2836 quae
963 2770 1115 2835 philo-

102 2849 236 2917 sophi
266 2871 319 2901 ex
355 2854 450 2901 sola
487 2863 659 2901 naturae
694 2853 1112 2918 contemplatione,

102 2935 257 2982 nativo
280 2937 470 2983 rationis
488 2935 693 2994 lumine,
723 2935 781 2983 de
810 2934 907 2983 Deo
925 2938 1116 3002 ejusque

101 3015 334 3064 attributis
354 3017 692 3076 disseruerunt,
723 3018 899 3082 pergin
925 3016 1116 3083 Quam-

100 3112 244 3160 quam
284 3099 342 3145 in
382 3113 434 3146 eo
469 3099 613 3146 etiam
654 3097 852 3146 coelem's
887 3098 1115 3146 doctrinm

101 3179 420 3226 necessitatem
451 3180 752 3242 aquoscimas
766 3212 783 3239 ,
808 3181 856 3227 εἰ
888 3179 1114 3227 animad-

101 3265 363 3320 vertamus,
384 3260 528 3323 fidem
555 3277 656 3308 non
686 3259 834 3309 nolum
871 3259 956 3309 Ῐιοσ
986 3278 1117 3326 proe-

103 3347 230 3387 stare
248 3374 263 3399 ,
303 3342 697 3404 quemadmodum
732 3359 884 3409 supra
927 3343 1113 3391 dictum

99 3428 193 3477 est,
215 3427 272 3467 ut
286 3437 392 3484 quw
403 3425 501 3471 viri
514 3432 698 3473 tantum
715 3427 952 3490 sapientes
975 3425 1112 3490 lonqo

99 3501 255 3550 studio
283 3507 519 3552 consecuti
544 3515 680 3568 aaut,
706 3523 762 3555 ea
781 3507 984 3555 rudibus
997 3525 1112 3573 quo-

97 3599 188 3648 que
206 3591 250 3630 et
273 3584 512 3649 imperitis
542 3585 815 3636 hominibus
839 3574 1002 3638 statim
1012 3606 1107 3655 pa-

101 3672 230 3712 team
259 3672 397 3730 atque
425 3667 479 3713 in
502 3679 734 3734 prompta
761 3671 862 3718 eine
900 3688 916 3719 .·
945 3687 1109 3719 verum

1196 2615 1252 2656 ut
1266 2623 1426 2656 reram
1450 2608 1648 2666 notitia,
1676 2624 1784 2672 qaae
1802 2607 1922 2672 fidei
1945 2606 2207 2675 disciplina

1189 2697 1532 2754 comparatur,
1578 2687 1724 2736 multo
1763 2691 1935 2738 certior
1969 2698 2109 2754 atque
2146 2688 2207 2738 ab

1195 2773 1334 2819 omni
1358 2786 1513 2820 errore
1535 2772 1713 2836 purior
1742 2773 1800 2819 in
1827 2771 2066 2820 mentibus
2096 2788 2207 2820 nos-

1195 2854 1284 2900 tris
1323 2851 1562 2911 insideat,
1594 2869 1739 2917 quam
1763 2853 1809 2900 εἰ
1829 2869 1909 2901 aas
1940 2854 2071 2919 ipsas
2099 2870 2204 2908 rea,

1195 2932 1411 2982 hurnana
1432 2935 1674 2999 capientia
1691 2933 2072 3001 comprehensas,
2092 2937 2205 2983 ani·

1193 3032 1301 3064 mus
1335 3014 1631 3081 intelliqeret.
2022 3076 2025 3078 ,

1261 3097 1333 3162 (1)
1367 3097 1477 3162 Nec·
1510 3098 1615 3146 ideo
1660 3096 1908 3146 dicendum
1951 3107 2045 3157 est,
2100 3096 2204 3147 illos

1192 3179 1383 3244 populos
1416 3179 1654 3227 destitutos
1688 3179 1853 3228 exinde
1884 3182 2011 3228 omni
2045 3180 2204 3228 salutis

1193 3261 1346 3310 medio
1371 3262 1544 3322 fuisse3
1574 3278 1682 3309 nam
1699 3297 1714 3323 ,
1745 3263 1812 3308 uti
1842 3261 2126 3310 ostendimus
2152 3263 2204 3309 in

1192 3351 1325 3392 tract.
1340 3341 1411 3391 De
1420 3344 1578 3407 qratia
1588 3378 1605 3404 ,
1626 3351 1743 3407 part.
1761 3359 1776 3390 ι
1789 3379 1802 3402 ,
1818 3359 1921 3408 cap.
1937 3344 1967 3393 3
1980 3379 1995 3404 ,
2009 3361 2058 3392 n.
2073 3341 2198 3403 238,

1191 3423 1317 3472 Deus
1345 3441 1523 3489 semper
1542 3432 1707 3488 praesto
1735 3434 1803 3472 est
1820 3423 1992 3473 auxilio
2015 3441 2098 3473 suo
2125 3426 2200 3471 in-

1191 3514 1323 3553 terno
1355 3516 1399 3555 et
1429 3505 1646 3554 subsidiis
1679 3508 1816 3554 etiam
1848 3508 2043 3555 externis
2071 3507 2198 3554 omni

1189 3587 1373 3636 facienti
1402 3587 1528 3653 quod
1554 3589 1604 3635 in
1632 3604 1680 3637 se
1707 3597 1800 3649 est,
1824 3588 1936 3638 adeo
1962 3597 2016 3636 ut
2041 3586 2196 3636 nullus

1190 3688 1397 3737 unquam
1408 3673 1590 3737 perierit
1603 3681 1681 3722 aut
1691 3683 1840 3738 pereat
1853 3674 1941 3722 nisi
1954 3669 2088 3738 culpa
2099 3688 2195 3721 sua.
