2502 4134
292 114 452 151 PAR'r.
501 114 564 149 11.
609 111 732 147 CAP.
782 109 838 148 V·
885 109 953 144 DE
996 106 1152 146 sAcR.
1202 109 1374 146 solur.
1422 109 1569 146 LEc'r.
1621 109 1677 143 m
1724 107 1869 145 LING.
1917 106 2046 146 VER.
2103 85 2223 144 213

200 254 341 312 312.
390 251 609 323 Ad'5m,
636 253 792 309 Dist.
834 248 1208 308 Adhortando
1252 260 1311 307 et
1351 246 1589 328 quidem
1624 268 1744 306 non
1780 245 1997 330 absque
2033 247 2222 329 aliqua

120 347 600 429 amplificatione,
642 365 844 411 conc.,·
881 366 1073 426 presse
1111 341 1499 426 praecipiendo
1524 388 1538 415 7
1579 364 1705 422 neq.
1742 343 1820 399 Ut
1846 342 2012 401 -enim
2048 344 2222 400 omit-

117 453 236 501 tam
258 488 273 516 ,
301 464 420 500 non
447 462 569 500 esse
598 442 658 499 in
691 441 858 499 unius
884 449 1116 497 tantum
1141 438 1324 497 Patris
1347 446 1634 518 potestate
1659 447 2017 519 praeceptum
2047 437 2226 495 indu-—

115 557 240 596 cere
267 582 282 611 ,
329 558 443 617 quo
478 557 680 594 omnes
719 534 1048 613 obligentur
1085 532 1284 592 fideles
1306 576 1321 604 ‚
1374 551 1576 611 scopus
1606 531 1784 610 ipsius
1824 531 1917 590 est
1954 532 2152 591 fideles
2191 554 2220 590 a

114 631 300 706 ludis7
350 630 687 713 spectaculis
729 624 1224 711 profanorumque
1270 624 1555 684 librorum
1601 623 1846 684 lectione
1889 627 2224 700 retrahere,

113 746 323 806 eosque
371 725 447 783 ad
490 745 661 783 sacrae
705 719 1013 805 Scripturae
1062 722 1374 786 lectione-m
1427 720 1710 791 excitare,
1762 730 1828 776 ut
1872 721 2045 800 paulo
2092 733 2226 803 post

115 818 502 878 ostendemus,
529 818 697 891 Quod
725 829 791 876 ut
818 817 1112 890 obtineat,
1139 816 1322 875 utitur
1350 813 1650 873 interdum
1672 812 1990 893 hyperbole
2015 827 2074 874 et
2106 838 2221 874 am-

114 895 461 995 plificatione
481 959 496 988 ,
530 923 705 992 prout
741 911 892 970 clare
930 922 1094 992 patet
1115 932 1187 971 ex
1211 909 1395 968 altero
1419 907 1755 968 testimonio
1784 906 1858 964 ab
1882 909 2222 969 adversariis

117 1007 359 1085 object0.
403 1007 548 1066 Fieri
592 1027 667 1066 ne
702 1014 927 1086 potest,
963 1015 1030 1061 ut
1060 1005 1114 1062 S.
1153 1005 1323 1062 Joan.
1361 1000 1804 1080 Chrysostomus
1846 1001 1953 1061 sibi
1984 1026 2222 1085 persua-

114 1102 283 1174 serit,
312 1100 483 1159 rudes
515 1119 716 1158 omnes
742 1118 806 1156 ac
828 1097 1032 1154 idiotas
1050 1141 1066 1169 7
1093 1097 1194 1177 qui
1225 1095 1448 1154 litteras
1471 1116 1594 1153 non
1623 1094 1933 1155 didicerint
1951 1143 1965 1170 a
1996 1101 2222 1182 assequi

113 1195 358 1254 salutem
393 1215 511 1250 non
554 1184 763 1274 posse?
807 1192 927 1249 Hoc
962 1211 1154 1271 neque
1187 1189 1503 1250 adversarii
1544 1190 1909 1249 contendunt
1942 1193 2052 1271 (1).

194 1286 330 1346 313.
380 1285 465 1344 Ad
489 1286 593 1358 δῶ,
626 1287 778 1344 Πίει.
806 1285 864 1343 Si
888 1285 1250 1366 privatorum
1277 1283 1714 1344 individuorum
1738 1284 2024 1362 judicium
2053 1288 2219 1346 Rom.

110 1382 450 1440 Pontificum
470 1426 485 1454 .‚
519 1381 637 1439 imo
665 1391 723 1441 et
747 1380 1001 1440 Ecclesiae
1029 1380 1314 1441 universae
1330 1380 1549 1458 judicio
1575 1391 1725 1441 esset
1749 1383 2178 1463 praeferendum
2205 1431 2219 1458 ,

109 1496 302 1543 conc.,·
338 1495 532 1547 secuS‚
576 1496 705 1556 neq.
743 1475 897 1548 Quid
925 1475 1104 1554 magis
1135 1475 1210 1534 ad
1240 1474 1528 1555 religionis
1563 1475 1890 1537 christianae
1926 1479 2220 1560 prosperi-

111 1580 288 1629 tatem
322 1570 579 1627 conferat
600 1614 614 1643 ,
659 1569 865 1628 melius
906 1580 1059 1628 certe
1091 1581 1385 1630 noverunt
1418 1571 1585 1628 Rom.
1635 1572 1940 1630 Pontifices
1960 1617 1975 1646 ,
2012 1572 2222 1654 quibus

108 1663 204 1722 illa
244 1685 314 1723 ex
355 1663 554 1724 divina
585 1664 951 1722 institutione
985 1664 1288 1723 commissa
1321 1676 1408 1725 est
1431 1711 1445 1739 ‚
1485 1677 1586 1723 aut
1607 1710 1623 1739 ‚
1663 1666 1710 1724 si
1744 1665 1942 1743 lubet,
1975 1667 2219 1728 Ecclesia

110 1758 234 1840 ipsa
276 1759 580 1833 universa,
625 1779 800 1840 quam
838 1758 1052 1839 privati
1088 1758 1353 1818 homines
1391 1760 1862 1842 qualescumque.
1898 1763 2041 1819 Cum
2079 1784 2219 1823 vero

110 1854 274 1924 Rom.
302 1851 674 1912 Pontificibus
703 1864 762 1911 et
791 1875 925 1912 cum
954 1852 1065 1911 illis
1101 1853 1386 1914 universae
1416 1852 1674 1913 Ecclesiae
1705 1854 2060 1929 constiterit.,
2095 1878 2215 1914 non

108 1947 296 2006 solum
333 1969 452 2006 non
489 1946 763 2029 expedire
801 1947 875 2006 ad
913 1947 1205 2027 religionis
1236 1946 1575 2007 Christianae
1615 1949 2080 2024 incrementum,
2117 1962 2218 2008 aut

110 2041 273 2100 nullo
306 2041 481 2100 modo
512 2043 772 2102 conferre
792 2088 807 2117 .,
855 2063 1057 2103 verum
1092 2042 1267 2102 etiam
1307 2043 1558 2102 maxime
1591 2042 1793 2103 obesse
1823 2043 2216 2102 inconsultam

112 2136 390 2212 ejusmodi
423 2135 751 2195 Bibliorum
807 2137 1283 2218 propagationem
1309 2182 1325 2211 ,Ι
1381 2159 1579 2196 nonne
1630 2137 1882 2196 hominis
1933 2139 2218 2198 tumentis

115 2239 202 2286 est
235 2249 298 2287 ac
324 2229 699 2289 intolerabilis
736 2229 1257 2310 arrogantiae.illam
1281 2252 1650 2312 propugnare
1671 2243 1954 2312 tanquam
1978 2233 2215 2291 unicum

109 2454 243 2495 ctam
255 2448 318 2495 ad
332 2464 407 2497 eos
419 2449 505 2513 qui
517 2455 560 2495 et
573 2449 673 2515 ijisi
685 2457 928 2513 quaerunt,
947 2448 1124 2498 dubim

109 2545 140 2577 a
170 2529 360 2590 dubiis,
398 2532 605 2578 incertus
635 2530 694 2579 ab
721 2533 919 2590 incertis
932 2567 950 2594 ,
969 2547 1123 2579 caecus

109 2629 140 2660 a
168 2614 304 2660 coecis
345 2614 402 2659 iu
436 2608 623 2675 foveam
657 2613 909 2661 deducaris
939 2630 1122 2662 necesse

110 2701 193 2742 est.
214 2690 311 2743 Sed
342 2711 489 2758 quum
517 2694 793 2761 decipiendi
816 2697 976 2760 qratia
996 2713 1124 2761 prce-

107 2774 308 2822 tendum
340 2792 388 2822 se
423 2775 579 2824 adhuc
615 2793 824 2841 quaerere
846 2812 862 2838 ,
903 2786 958 2825 ut
986 2779 1122 2826 nobis

109 2855 413 2920 (Catholicis)
434 2874 526 2923 per
544 2856 884 2906 sollicitudinis
901 2859 1117 2925 injectio-

108 2946 455 2986 nemtraccatus
471 2955 579 2986 suos
594 2940 873 3001 insinuent3
888 2941 1091 3005 denique
1101 2977 1115 3000 ,

111 3016 198 3064 ubi
223 3018 434 3066 adierim
458 3020 523 3066 ad
551 3036 665 3077 uos,
694 3023 882 3081 statim,
916 3039 1022 3086 quoe
1045 3022 1120 3069 di-

113 3096 273 3146 cebam
320 3100 574 3164 quaerenda
624 3119 720 3150 esse
746 3137 762 3162 ‚
821 3103 1119 3167 defenduut,-

102 3177 212 3240 jam
254 3179 362 3229 illos
399 3185 472 3230 sic
516 3184 735 3232 dehemus
773 3194 1022 3251 reputare,
1066 3194 1120 3233 ut

117 3259 273 3307 sciant
308 3277 387 3311 ooo
421 3281 518 3313 nou
552 3265 769 3329 Christo,
802 3267 884 3315 sed
914 3267 1007 3315 sibi
1033 3283 1118 3315 ne-

115 3348 297 3404 qatoroe
322 3360 433 3394 osee.
467 3347 590 3397 Cum
616 3352 746 3396 euim
781 3360 1003 3414 quoerunt
1034 3349 1120 3396 ad-

118 3420 237 3480 huc,
273 3424 484 3474 nondum
510 3438 666 3478 teuent
679 3449 698 3491 ,·
721 3448 830 3480 cum
847 3441 1003 3480 autem
1024 3448 1122 3479 nou

1205 2450 1434 2511 creduut,
1474 2449 1779 2514 quaerendum
1819 2458 1975 2498 tamen
2019 2449 2216 2506 dicunt,

1206 2542 1258 2580 ue
1299 2532 1589 2597 defendant‚·
1627 2541 1879 2598 antequam
1922 2531 2212 2597 defendant,

1205 2623 1381 2680 neqaut
1423 2615 1549 2680 quod
1587 2617 1871 2680 confitemur
1911 2633 1961 2664 se
2001 2615 2215 2664 noudum

1204 2696 1491 2756 credidisse,
1535 2713 1643 2744 cum
1690 2705 1931 2762 quierunt.
1973 2698 2078 2764 Qui
2109 2714 2216 2762 erqo

1203 2795 1298 2826 nou
1321 2779 1423 2827 sibi
1451 2788 1564 2825 sunt
1591 2778 1882 2841 christiani,
1915 2788 2091 2844 quanto
2116 2796 2219 2827 ma-

1201 2864 1278 2926 qis
1297 2862 1468 2909 uobis?
1497 2863 1601 2924 Qui
1608 2878 1696 2926 per
1708 2860 1956 2925 fallaciam
1982 2862 2213 2919 veniunt,

1201 2943 1389 3008 qualem
1413 2943 1558 3007 fidem
1583 2942 1867 3008 disputant?
1902 2943 2002 2991 Cui
2024 2944 2217 2991 veritati

1195 3027 1595 3091 patrocinantur,
1634 3027 1722 3089 qui
1755 3042 1859 3072 eam
1902 3041 1932 3071 a
1969 3023 2217 3072 mendacio

1199 3108 1479 3156 inducunt?
1515 3109 1634 3156 Edit.
1668 3109 1830 3173 Rigalt.
1868 3108 2019 3173 Quam
2052 3110 2209 3165 bene,

1201 3208 1342 3256 quam
1372 3191 1584 3255 graphice
1615 3193 1770 3255 paucis
1815 3192 1886 3238 his
1932 3191 2082 3239 verbis
2114 3208 2216 3238 om-

1199 3275 1330 3319 nium
1346 3259 1661 3320 haereticorum
1678 3274 1875 3339 cujusvis
1889 3275 2029 3322 aetatis
2048 3272 2214 3339 agendi

1203 3357 1320 3402 ratio
1350 3356 1622 3418 exponitur!

1273 3435 1338 3499 (l)
1362 3435 1459 3486 Cfr.
1473 3435 1688 3484 Bellarm.
1702 3434 1776 3482 De
1787 3436 1923 3483 verbo
1939 3435 2054 3492 Dei,
2071 3435 2220 3493 libai,

119 3509 299 3559 tenent,
327 3507 535 3556 nondum
551 3512 878 3571 crediderunt,
895 3530 991 3563 nou
1013 3522 1126 3562 eunt
1209 3533 1306 3580 cap.
1344 3513 1421 3565 16.

125 3582 419 3637 Christiani.
456 3587 523 3636 Et
554 3607 656 3638 cum
680 3603 837 3642 tenent
867 3594 1053 3661 quidem
1085 3603 1129 3642 et
