2502 4134
276 134 398 197 248

871 157 1067 194 TRAGT.
1113 156 1182 194 lm
1226 157 1378 196 Locls
1421 160 1797 199 THEOLOGICIS.

283 311 382 362 tur
422 299 499 360 ad
542 308 1034 381 praesumptarum
1091 298 1553 360 traditionalium
1593 304 1936 384 opinionum
1985 306 2295 385 figmenta,
2335 305 2408 366 de

281 417 538 479 quorum
582 391 1028 454 authenticitate
1073 393 1304 454 nullum
1343 394 1502 455 aliud
1540 409 1754 478 praeter
1791 400 2088 482 propriam
2128 404 2413 483 cujusque

284 496 679 569 conjecturam
707 490 966 571 suppetit
991 489 1446 550 fundamentum
1477 491 1596 574 (1).
1634 495 1800 572 Ergo.

364 585 502 644 364.
549 586 720 666 Resp.
762 586 915 666 Ney.
951 590 1104 646 min.
1146 587 1305 646 subs.
1334 584 1423 644 Ad
1461 587 1537 644 1¹¹¹
1562 587 1732 669 prob.
1764 589 1928 670 Nego
1957 591 2297 652 universum
2319 613 2408 650 or-

280 682 420 741 bem
446 679 758 740 admittere
793 702 1086 741 sacrorum
1119 681 1437 741 Bibliorum
1470 683 1937 765 inspirationem.
1973 688 2107 745 Jam
2149 708 2284 747 vero
2308 688 2408 770 qui

280 776 446 837 illam
477 772 920 859 inspirationem
945 800 1066 837 non
1091 777 1446 851 admittunt,
1471 777 1557 836 illi
1586 801 1820 859 prorsus
1854 791 1991 838 sunt
2009 823 2026 854 ,
2060 780 2136 839 ad
2158 803 2407 862 quorum

280 873 641 956 principium
678 873 937 956 appellat
966 873 1354 949 adversarius7
1385 895 1562 955 quem
1595 874 2006 955 impugnamus
2027 921 2043 948 ‚
2084 897 2299 957 nempe
2324 898 2412 936 re·

281 969 567 1029 centiores
593 991 801 1049 magna
820 991 888 1029 ex
917 982 1084 1051 parte
1108 972 1526 1044 ProtestanteS‚
1545 969 1922 1030 rationalistae
1942 992 2144 1030 omnes
2168 1016 2184 1045 a
2206 992 2408 1031 omnes

279 1064 524 1145 mythici
554 1059 666 1145 (2).
704 1065 988 1147 Quodque
1023 1067 1203 1146 magis
1228 1066 1444 1124 mirum
1470 1077 1559 1125 est
1578 1111 1593 1138 ,
1634 1088 1699 1124 eo
1737 1066 1864 1148 ipso
1885 1088 2013 1126 eam
2042 1088 2163 1125 non
2190 1065 2409 1127 admit-

281 1171 456 1235 tunt7
496 1161 630 1241 quia
651 1161 920 1239 rejiciunt
958 1160 1186 1222 divinas
1219 1161 1559 1221 traditiones
1578 1206 1594 1236 ,
1641 1182 1710 1220 ex
1736 1160 1947 1242 quibus
1977 1164 2113 1222 solis
2135 1175 2195 1222 et
2214 1184 2408 1222 sacro-

280 1277 416 1314 rum
446 1254 754 1315 Librorum
779 1257 1005 1338 integer
1030 1278 1218 1316 canon
1235 1268 1295 1316 et
1324 1257 1626 1339 inspiratio
1656 1256 1826 1315 nobis
1846 1269 2112 1318 constare
2145 1269 2406 1340 possunt.

280 1351 615 1412 Ridiculum
647 1351 822 1434 plane
860 1364 949 1412 est
969 1398 984 1423 ,
1039 1363 1205 1412 aetate
1239 1352 1347 1412 hac
1373 1365 1572 1412 nostra
1606 1374 1924 1434 provocare
1955 1352 2246 1413 mundum
2274 1354 2408 1413 uni-

283 1469 521 1508 versum
545 1447 619 1506 ad
645 1447 1063 1508 adstruendam
1096 1448 1361 1510 divinam
1387 1448 1698 1529 Scripturas
1727 1467 1898 1507 sacrae
1931 1448 2404 1529 inspirationem,

281 1543 346 1601 in
383 1565 535 1625 quo,
584 1543 631 1601 si
668 1542 1015 1602 catholicam
1060 1544 1307 1625 excipias
1341 1543 1654 1602 Ecclesiam
1681 1589 1697 1619 ,
1743 1544 1839 1604 vix
1883 1554 1970 1603 est
1997 1543 2153 1603 inter
2185 1554 2367 1603 sectas
2388 1589 2405 1618 ,

283 1640 384 1722 qui
425 1661 554 1699 eam
599 1640 983 1720 profiteatur,
1031 1651 1091 1698 et
1127 1638 1175 1696 si
1212 1638 1311 1720 qui
1361 1637 1552 1697 adhuc
1581 1659 1710 1697 eam
1745 1638 2098 1719 profitentur
2140 1650 2242 1697 aut
2269 1660 2410 1720 pro-

282 1734 420 1794 fessi
443 1745 582 1794 sunt
600 1779 616 1809 .,
657 1733 716 1795 vi
737 1733 1011 1814 principii
1044 1732 1309 1792 catholici
1340 1731 1498 1791 hunc
1526 1732 1837 1791 articulum
1860 1733 2117 1793 retinent
2140 1744 2242 1792 aut
2271 1733 2415 1792 reti-

282 1841 545 1889 nuerunt
588 1828 699 1909 (3).
750 1827 993 1887 Sublato
1039 1839 1238 1888 autem
1289 1827 1398 1887 hoc
1439 1827 1824 1889 fundamento
1853 1873 1870 1904 ‚
1918 1833 2043 1907 Jam
2098 1830 2415 1890 concidunt

287 1935 703 2008 superstructae
734 1922 807 1982 ab
843 1922 1175 1983 adversario
1203 1923 1594 1983 difficultates,

370 2020 510 2080 365.
564 2020 654 2080 Ad
682 2021 791 2095 2¹1¹,
820 2022 984 2079 Dist.
1026 2018 1216 2079 Debet
1241 2041 1363 2079 esse
1391 2019 1679 2079 sufficiens
1706 2019 1780 2078 ad
1803 2020 1983 2079 finem
2005 2065 2021 2095 ‚
2054 2041 2230 2101 quem
2261 2023 2415 2080 Deus

286 2117 352 2176 in
386 2114 768 2198 scriptoribus
799 2115 1066 2175 afflandis
1090 2127 1266 2197 atque
1293 2117 1356 2173 in
1383 2116 1696 2198 Scripturis
1737 2116 1910 2174 sacris
1942 2114 2275 2197 praebendis
2305 2111 2444 2175 ho-⁴

285 2210 544 2274 minibus
579 2211 687 2271 sihi
722 2211 1037 2294 praestituit
1056 2255 1073 2285 .,
1113 2231 1298 2279 conc.,·
1322 2209 1587 2270 absolute
1609 2255 1625 2286 7
1653 2232 1782 2292 περ.
1809 2211 2130 2292 Responsio
2157 2221 2322 2292 patet
2345 2231 2419 2271 ex

288 2307 459 2368 dictis
479 2352 495 2381 ,
521 2319 698 2389 atque
727 2306 905 2366 etiam
941 2328 1012 2366 ex
1042 2307 1285 2365 inferius
1314 2305 1595 2366 dicendis.

371 2402 510 2462 366.
560 2401 649 2462 Ad
695 2401 803 2477 3¹¹1,
842 2404 1013 2484 Resp.
1046 2401 1273 2461 nullam
1297 2424 1534 2484 prorsus
1569 2401 1939 2463 securitatem
1974 2401 2164 2484 reipsa
2199 2400 2416 2463 habere

356 2665 422 2732 (1)
462 2667 529 2717 Ita
543 2666 902 2727 Shuttleworth‚
922 2686 999 2734 op.
1020 2670 1100 2717 cit.
1124 2686 1228 2734 pag.
1253 2685 1313 2734 19

287 2759 334 2800 et
360 2766 494 2817 seqq.

355 2834 428 2899 (2)
447 2834 744 2896 Recolantur‚
762 2853 864 2902 quae
881 2837 1147 2901 scripsimus
1158 2843 1264 2883 sect.
1277 2851 1308 2895 1,

287 2934 391 2985 cap.
428 2934 464 2965 11
483 2954 496 2978 ‚
527 2935 658 2983 prop.
692 2934 708 2966 ι
738 2928 782 2966 et
807 2934 873 2978 11,
902 2936 952 2983 p.
981 2915 1014 2966 8
1050 2927 1096 2966 et
1123 2935 1220 2983 seq.

358 3000 421 3065 (3)
461 3000 561 3050 Cfr.
605 2999 831 3067 Gregoire
850 3038 864 3061 ‚
907 3018 985 3066 op.
1019 3006 1067 3049 et
1095 3000 1185 3048 loc.
1227 3001 1308 3048 cit.

289 3092 378 3131 art.
396 3081 447 3130 E
447 3082 568 3147 qliae
580 3081 857 3147 anylicane,
876 3098 981 3148 pag.
1002 3078 1105 3145 434
1121 3092 1165 3131 et
1179 3099 1308 3148 seqq.

288 3160 491 3227 Lingard
509 3201 522 3224 ‚
556 3181 634 3229 op.
670 3165 748 3212 cit.
779 3162 1149 3212 Observationes
1179 3163 1311 3210 circa

281 3252 587 3311 prospectum
638 3248 1020 3311 comparativum
1038 3280 1055 3307 ,
1102 3255 1191 3294 etc.
1230 3245 1311 3293 ubi

290 3327 490 3375 ostendit
538 3327 752 3376 adversus
788 3328 1066 3394 Episcopum
1108 3327 1307 3391 anglica-

290 3426 407 3457 num
439 3407 592 3456 Marsh
611 3445 625 3468 ‚
659 3409 847 3458 nonnisi
878 3428 934 3460 ex
964 3408 1214 3459 traditione
1237 3427 1310 3458 os-

290 3490 421 3540 tendi
447 3507 575 3556 posse
598 3507 833 3539 sacrarum
858 3491 1137 3541 Litterarum
1164 3492 1310 3556 inspi-

291 3574 520 3621 rationem
534 3587 548 3636 ;
567 3571 645 3621 sed
665 3588 755 3637 prae
768 3576 926 3623 ceteris
941 3575 1029 3623 cfr.
1042 3572 1283 3623 Gretzerus
1295 3611 1308 3635 ,

290 3654 341 3701 in
366 3652 602 3704 Tractatio
631 3653 688 3702 de
705 3657 966 3719 quaestione
989 3673 1006 3706 .·
1028 3654 1171 3706 Unde
1188 3657 1306 3718 scis,

1398 2665 1705 2734 Scripturam
1737 2677 1839 2716 tum
1858 2668 2121 2732 qeneratim
2135 2701 2153 2728 ,
2184 2674 2284 2713 tum
2308 2681 2413 2732 ape-

1397 2753 1564 2799 c'iatim
1583 2749 1707 2799 hanc
1724 2748 1801 2798 vel
1823 2747 1954 2797 illam
1984 2749 2089 2814 ejus
2101 2755 2291 2814 partem
2303 2784 2314 2803 ‚
2334 2764 2416 2796 ca-

1399 2834 1579 2881 nonica
1598 2832 1880 2892 auctoritate
1897 2829 2152 2878 constare?
2169 2827 2417 2877 Adversus

1406 2914 1647 2976 Paream,
1684 2911 1915 2971 Rullum,
1952 2907 2175 2976 Pappum
2204 2909 2416 2974 aliosque

1398 2996 1703 3046 calvinianos
1716 3003 1762 3043 et
1774 2993 2047 3042 lutheranus
2055 2992 2383 3058 proedicantes
2392 3025 2409 3052 ,

1397 3079 1719 3129 illustrissimi
1744 3076 1891 3126 Card.
1915 3074 2209 3124 Bellarmini
2232 3073 2415 3122 calum-

1398 3163 1628 3211 niatores.
1675 3159 1798 3226 opp.
1845 3158 1955 3208 edit.
2002 3159 2080 3205 cit.
2127 3166 2244 3205 tom.
2295 3172 2374 3205 viu
2396 3193 2410 3217 ‚

1399 3263 1507 3310 pag.
1533 3241 1625 3310 961
1659 3252 1704 3292 et
1722 3259 1854 3307 seqq.
1885 3240 2191 3304 copiosissime
2206 3254 2257 3286 ac
2280 3238 2415 3303 plene

1400 3327 1457 3376 de
1484 3327 1575 3375 hoc
1600 3333 1869 3390 argumento
1894 3321 1971 3369 hic
1996 3321 2178 3368 disserit
2201 3330 2414 3369 strenuus

1399 3409 1635 3459 catholicae
1661 3407 1879 3456 doctrinae
1902 3414 2243 3469 propugnator,
2273 3420 2412 3469 quem

1398 3508 1504 3542 vere
1526 3490 1755 3539 vocaveris
1773 3490 1843 3537 sui
1863 3489 2079 3552 temporis
2093 3486 2413 3535 haereticorum

1402 3572 1643 3622 malleum.
