<?xml version="1.0" encoding="UTF-8"?>
<!DOCTYPE html PUBLIC "-//W3C//DTD XHTML 1.0 Transitional//EN"
    "http://www.w3.org/TR/xhtml1/DTD/xhtml1-transitional.dtd">
<html xmlns="http://www.w3.org/1999/xhtml" xml:lang="en" lang="en">
 <head>
  <title>
</title>
<meta http-equiv="Content-Type" content="text/html;charset=utf-8" />
  <meta name='ocr-system' content='tesseract 3.04.00' />
  <meta name='ocr-capabilities' content='ocr_page ocr_carea ocr_par ocr_line ocrx_word'/>
</head>
<body>
  <div class='ocr_page' id='page_1' title='image "a603693809perruoft_0553.png"; bbox 0 0 2502 4134; ppageno 0'>
   <div class='ocr_carea' id='block_1_1' title="bbox 2067 118 2184 177">
    <p class='ocr_par' dir='ltr' id='par_1_1' title="bbox 2067 118 2184 177">
     <span class='ocr_line' id='line_1_1' title="bbox 2067 118 2184 177; baseline 0 -1"><span class='ocrx_word' id='word_1_1' title='bbox 2067 118 2184 177; x_wconf 78' lang='lat'>545</span> 
     </span>
    </p>
   </div>
   <div class='ocr_carea' id='block_1_2' title="bbox 377 138 1875 180">
    <p class='ocr_par' dir='ltr' id='par_1_2' title="bbox 377 138 1875 180">
     <span class='ocr_line' id='line_1_2' title="bbox 377 138 1875 180; baseline -0.003 0"><span class='ocrx_word' id='word_1_2' title='bbox 377 143 535 180; x_wconf 62' lang='lat' dir='ltr'>Psn&#39;r.</span> <span class='ocrx_word' id='word_1_3' title='bbox 585 142 672 178; x_wconf 88' lang='lat'>111.</span> <span class='ocrx_word' id='word_1_4' title='bbox 723 140 873 179; x_wconf 74' lang='lat' dir='ltr'>SEGT.</span> <span class='ocrx_word' id='word_1_5' title='bbox 922 143 962 177; x_wconf 90' lang='lat'>1.</span> <span class='ocrx_word' id='word_1_6' title='bbox 1012 142 1133 178; x_wconf 76' lang='lat' dir='ltr'>GAP.</span> <span class='ocrx_word' id='word_1_7' title='bbox 1172 142 1260 178; x_wconf 87' lang='lat'>111.</span> <span class='ocrx_word' id='word_1_8' title='bbox 1312 141 1378 179; x_wconf 71' lang='lat' dir='ltr'>m!</span> <span class='ocrx_word' id='word_1_9' title='bbox 1419 140 1544 178; x_wconf 74' lang='lat' dir='ltr'>RAT.</span> <span class='ocrx_word' id='word_1_10' title='bbox 1592 138 1720 176; x_wconf 76' lang='lat' dir='ltr'>POST</span> <span class='ocrx_word' id='word_1_11' title='bbox 1764 140 1875 176; x_wconf 79' lang='lat' dir='ltr'>Fu).</span> 
     </span>
    </p>
   </div>
   <div class='ocr_carea' id='block_1_3' title="bbox 6 279 2256 2166">
    <p class='ocr_par' dir='ltr' id='par_1_3' title="bbox 74 279 2256 1687">
     <span class='ocr_line' id='line_1_3' title="bbox 157 279 2189 364; baseline -0.001 -21"><span class='ocrx_word' id='word_1_12' title='bbox 157 283 298 343; x_wconf 85' lang='lat'>303.</span> <span class='ocrx_word' id='word_1_13' title='bbox 346 282 437 342; x_wconf 89' lang='lat' dir='ltr'>Ad</span> <span class='ocrx_word' id='word_1_14' title='bbox 467 281 573 358; x_wconf 78' lang='lat'><strong>31¹¹,</strong></span> <span class='ocrx_word' id='word_1_15' title='bbox 611 284 767 342; x_wconf 81' lang='lat' dir='ltr'>Dist.</span> <span class='ocrx_word' id='word_1_16' title='bbox 812 281 902 342; x_wconf 88' lang='lat' dir='ltr'>Ob</span> <span class='ocrx_word' id='word_1_17' title='bbox 941 304 1192 364; x_wconf 87' lang='lat' dir='ltr'>pravum</span> <span class='ocrx_word' id='word_1_18' title='bbox 1227 281 1633 341; x_wconf 81' lang='lat' dir='ltr'>haereticorum</span> <span class='ocrx_word' id='word_1_19' title='bbox 1674 279 1922 339; x_wconf 88' lang='lat' dir='ltr'>abusum</span> <span class='ocrx_word' id='word_1_20' title='bbox 1957 280 2018 338; x_wconf 93' lang='lat' dir='ltr'>in</span> <span class='ocrx_word' id='word_1_21' title='bbox 2052 281 2189 341; x_wconf 90' lang='lat' dir='ltr'>fidei</span> 
     </span>
     <span class='ocr_line' id='line_1_4' title="bbox 75 374 2187 459; baseline -0.002 -21"><span class='ocrx_word' id='word_1_22' title='bbox 75 377 337 459; x_wconf 87' lang='lat' dir='ltr'>deposito</span> <span class='ocrx_word' id='word_1_23' title='bbox 363 375 766 435; x_wconf 89' lang='lat' dir='ltr'>labefactando</span> <span class='ocrx_word' id='word_1_24' title='bbox 786 422 802 451; x_wconf 63' lang='lat' dir='ltr'>a</span> <span class='ocrx_word' id='word_1_25' title='bbox 841 396 1028 445; x_wconf 87' lang='lat' dir='ltr'>cono.,·</span> <span class='ocrx_word' id='word_1_26' title='bbox 1062 375 1136 435; x_wconf 90' lang='lat' dir='ltr'>ad</span> <span class='ocrx_word' id='word_1_27' title='bbox 1173 397 1412 442; x_wconf 88' lang='lat' dir='ltr'>omnem</span> <span class='ocrx_word' id='word_1_28' title='bbox 1436 375 1762 454; x_wconf 79' lang='lat' dir='ltr'>legitimum</span> <span class='ocrx_word' id='word_1_29' title='bbox 1799 397 1970 433; x_wconf 89' lang='lat' dir='ltr'>usum</span> <span class='ocrx_word' id='word_1_30' title='bbox 2002 374 2187 434; x_wconf 90' lang='lat' dir='ltr'>elimi-</span> 
     </span>
     <span class='ocr_line' id='line_1_5' title="bbox 74 468 2191 555; baseline 0 -24"><span class='ocrx_word' id='word_1_31' title='bbox 74 471 376 546; x_wconf 66' lang='lat' dir='ltr'>nandum,</span> <span class='ocrx_word' id='word_1_32' title='bbox 417 494 547 551; x_wconf 71' lang='lat' dir='ltr'>neq.</span> <span class='ocrx_word' id='word_1_33' title='bbox 596 471 662 530; x_wconf 92' lang='lat' dir='ltr'>Id</span> <span class='ocrx_word' id='word_1_34' title='bbox 690 493 835 555; x_wconf 28' lang='lat' dir='ltr'>sane·</span> <span class='ocrx_word' id='word_1_35' title='bbox 862 482 1061 552; x_wconf 68' lang='lat' dir='ltr'>patet7</span> <span class='ocrx_word' id='word_1_36' title='bbox 1113 471 1174 529; x_wconf 90' lang='lat'>10</span> <span class='ocrx_word' id='word_1_37' title='bbox 1211 492 1284 530; x_wconf 81' lang='lat' dir='ltr'>ex</span> <span class='ocrx_word' id='word_1_38' title='bbox 1314 490 1382 529; x_wconf 93' lang='lat' dir='ltr'>eo</span> <span class='ocrx_word' id='word_1_39' title='bbox 1418 470 1576 551; x_wconf 91' lang='lat' dir='ltr'>quod</span> <span class='ocrx_word' id='word_1_40' title='bbox 1602 468 1780 529; x_wconf 89' lang='lat' dir='ltr'>iidem</span> <span class='ocrx_word' id='word_1_41' title='bbox 1823 471 2022 529; x_wconf 83' lang='lat' dir='ltr'>Patres</span> <span class='ocrx_word' id='word_1_42' title='bbox 2054 469 2191 551; x_wconf 66' lang='lat' dir='ltr'>phi·-&lt;</span> 
     </span>
     <span class='ocr_line' id='line_1_6' title="bbox 76 563 2191 648; baseline -0.001 -23"><span class='ocrx_word' id='word_1_43' title='bbox 76 566 405 648; x_wconf 88' lang='lat' dir='ltr'>losophicas</span> <span class='ocrx_word' id='word_1_44' title='bbox 451 565 785 647; x_wconf 89' lang='lat' dir='ltr'>disciplinas</span> <span class='ocrx_word' id='word_1_45' title='bbox 810 565 1201 639; x_wconf 72' lang='lat' dir='ltr'>excoluerint,</span> <span class='ocrx_word' id='word_1_46' title='bbox 1231 575 1408 645; x_wconf 90' lang='lat' dir='ltr'>atque</span> <span class='ocrx_word' id='word_1_47' title='bbox 1435 565 1498 621; x_wconf 90' lang='lat' dir='ltr'>in</span> <span class='ocrx_word' id='word_1_48' title='bbox 1539 586 1676 623; x_wconf 91' lang='lat' dir='ltr'>usus</span> <span class='ocrx_word' id='word_1_49' title='bbox 1714 563 1978 644; x_wconf 89' lang='lat' dir='ltr'>proprios</span> <span class='ocrx_word' id='word_1_50' title='bbox 2013 563 2191 623; x_wconf 87' lang='lat' dir='ltr'>adsci-</span> 
     </span>
     <span class='ocr_line' id='line_1_7' title="bbox 74 657 2256 742; baseline -0.002 -19"><span class='ocrx_word' id='word_1_51' title='bbox 74 663 267 723; x_wconf 80' lang='lat' dir='ltr'><strong>verint</strong></span> <span class='ocrx_word' id='word_1_52' title='bbox 314 662 436 742; x_wconf 80' lang='lat'>(1);</span> <span class='ocrx_word' id='word_1_53' title='bbox 489 661 557 718; x_wconf 81' lang='lat'>20</span> <span class='ocrx_word' id='word_1_54' title='bbox 594 681 667 720; x_wconf 84' lang='lat' dir='ltr'>ex</span> <span class='ocrx_word' id='word_1_55' title='bbox 715 661 955 719; x_wconf 89' lang='lat' dir='ltr'>summis</span> <span class='ocrx_word' id='word_1_56' title='bbox 1004 659 1311 734; x_wconf 63' lang='lat' dir='ltr'>laudibus7</span> <span class='ocrx_word' id='word_1_57' title='bbox 1361 658 1570 740; x_wconf 91' lang='lat' dir='ltr'>quibus</span> <span class='ocrx_word' id='word_1_58' title='bbox 1617 657 1941 718; x_wconf 84' lang='lat' dir='ltr'>identidem</span> <span class='ocrx_word' id='word_1_59' title='bbox 1991 661 2189 718; x_wconf 89' lang='lat' dir='ltr'>Patres</span> <span class='ocrx_word' id='word_1_60' title='bbox 2246 732 2256 742; x_wconf 60' lang='lat'><em>„</em></span> 
     </span>
     <span class='ocr_line' id='line_1_8' title="bbox 78 753 2193 835; baseline -0 -20"><span class='ocrx_word' id='word_1_61' title='bbox 78 755 360 833; x_wconf 88' lang='lat' dir='ltr'>ejusmodi</span> <span class='ocrx_word' id='word_1_62' title='bbox 401 755 587 814; x_wconf 84' lang='lat' dir='ltr'>studia</span> <span class='ocrx_word' id='word_1_63' title='bbox 644 753 1135 814; x_wconf 85' lang='lat' dir='ltr'>commendarunt</span> <span class='ocrx_word' id='word_1_64' title='bbox 1173 755 1286 834; x_wconf 76' lang='lat'>(2);</span> <span class='ocrx_word' id='word_1_65' title='bbox 1331 754 1395 812; x_wconf 83' lang='lat'>30</span> <span class='ocrx_word' id='word_1_66' title='bbox 1437 775 1507 812; x_wconf 84' lang='lat' dir='ltr'>ex</span> <span class='ocrx_word' id='word_1_67' title='bbox 1547 754 1769 812; x_wconf 84' lang='lat' dir='ltr'>ratione</span> <span class='ocrx_word' id='word_1_68' title='bbox 1806 755 1963 835; x_wconf 68' lang='lat' dir='ltr'>ipsa,</span> <span class='ocrx_word' id='word_1_69' title='bbox 2015 776 2193 835; x_wconf 90' lang='lat' dir='ltr'>quam</span> 
     </span>
     <span class='ocr_line' id='line_1_9' title="bbox 77 847 2194 931; baseline -0 -22"><span class='ocrx_word' id='word_1_70' title='bbox 77 861 396 910; x_wconf 89' lang='lat' dir='ltr'>tenuerunt</span> <span class='ocrx_word' id='word_1_71' title='bbox 432 850 495 907; x_wconf 90' lang='lat' dir='ltr'>in</span> <span class='ocrx_word' id='word_1_72' title='bbox 534 850 815 908; x_wconf 84' lang='lat' dir='ltr'>haereticis</span> <span class='ocrx_word' id='word_1_73' title='bbox 860 849 972 907; x_wconf 89' lang='lat' dir='ltr'>illis</span> <span class='ocrx_word' id='word_1_74' title='bbox 1022 847 1521 931; x_wconf 68' lang='lat' dir='ltr'>perstringendiS.</span> <span class='ocrx_word' id='word_1_75' title='bbox 1566 847 1727 929; x_wconf 92' lang='lat' dir='ltr'>quod</span> <span class='ocrx_word' id='word_1_76' title='bbox 1758 847 2049 930; x_wconf 89' lang='lat' dir='ltr'>platonica</span> <span class='ocrx_word' id='word_1_77' title='bbox 2090 859 2194 908; x_wconf 89' lang='lat' dir='ltr'>aut</span> 
     </span>
     <span class='ocr_line' id='line_1_10' title="bbox 80 942 2195 1016; baseline 0.001 -13"><span class='ocrx_word' id='word_1_78' title='bbox 80 945 420 1003; x_wconf 89' lang='lat' dir='ltr'>aristotelica</span> <span class='ocrx_word' id='word_1_79' title='bbox 448 945 585 1003; x_wconf 87' lang='lat' dir='ltr'>scita</span> <span class='ocrx_word' id='word_1_80' title='bbox 619 943 1050 1004; x_wconf 83' lang='lat' dir='ltr'>substituissent</span> <span class='ocrx_word' id='word_1_81' title='bbox 1082 944 1296 1004; x_wconf 83' lang='lat' dir='ltr'>Christi</span> <span class='ocrx_word' id='word_1_82' title='bbox 1326 942 1605 1002; x_wconf 85' lang='lat' dir='ltr'>doctrinae</span> <span class='ocrx_word' id='word_1_83' title='bbox 1625 987 1640 1016; x_wconf 84' lang='lat'>.,</span> <span class='ocrx_word' id='word_1_84' title='bbox 1674 954 1774 1001; x_wconf 88' lang='lat' dir='ltr'>aut</span> <span class='ocrx_word' id='word_1_85' title='bbox 1807 943 2013 1002; x_wconf 86' lang='lat' dir='ltr'>saltem</span> <span class='ocrx_word' id='word_1_86' title='bbox 2041 963 2195 1007; x_wconf 85' lang='lat' dir='ltr'>eam-</span> 
     </span>
     <span class='ocr_line' id='line_1_11' title="bbox 80 1031 2196 1120; baseline -0 -23"><span class='ocrx_word' id='word_1_87' title='bbox 80 1039 216 1099; x_wconf 88' lang='lat' dir='ltr'>dem</span> <span class='ocrx_word' id='word_1_88' title='bbox 258 1038 581 1098; x_wconf 84' lang='lat' dir='ltr'>doctrinam</span> <span class='ocrx_word' id='word_1_89' title='bbox 621 1039 698 1098; x_wconf 84' lang='lat' dir='ltr'>ita</span> <span class='ocrx_word' id='word_1_90' title='bbox 736 1038 809 1097; x_wconf 91' lang='lat' dir='ltr'>ad</span> <span class='ocrx_word' id='word_1_91' title='bbox 844 1039 1054 1120; x_wconf 87' lang='lat' dir='ltr'>placita</span> <span class='ocrx_word' id='word_1_92' title='bbox 1098 1031 1492 1120; x_wconf 85' lang='lat' dir='ltr'>philosophica</span> <span class='ocrx_word' id='word_1_93' title='bbox 1526 1037 2089 1111; x_wconf 64' lang='lat' dir='ltr'>accommodassent,</span> <span class='ocrx_word' id='word_1_94' title='bbox 2129 1049 2196 1097; x_wconf 93' lang='lat' dir='ltr'>ut</span> 
     </span>
     <span class='ocr_line' id='line_1_12' title="bbox 82 1132 2191 1215; baseline 0 -24"><span class='ocrx_word' id='word_1_95' title='bbox 82 1133 280 1193; x_wconf 88' lang='lat' dir='ltr'>divina</span> <span class='ocrx_word' id='word_1_96' title='bbox 311 1133 622 1193; x_wconf 88' lang='lat' dir='ltr'>Salvatoris</span> <span class='ocrx_word' id='word_1_97' title='bbox 652 1133 914 1192; x_wconf 88' lang='lat' dir='ltr'>doctrina</span> <span class='ocrx_word' id='word_1_98' title='bbox 947 1135 1008 1192; x_wconf 90' lang='lat' dir='ltr'>in</span> <span class='ocrx_word' id='word_1_99' title='bbox 1032 1155 1193 1193; x_wconf 88' lang='lat' dir='ltr'>mere</span> <span class='ocrx_word' id='word_1_100' title='bbox 1215 1132 1676 1215; x_wconf 83' lang='lat' dir='ltr'>philosophicam</span> <span class='ocrx_word' id='word_1_101' title='bbox 1713 1143 2191 1192; x_wconf 83' lang='lat' dir='ltr'>commutaretur.</span> 
     </span>
     <span class='ocr_line' id='line_1_13' title="bbox 82 1228 2193 1309; baseline 0 -22"><span class='ocrx_word' id='word_1_102' title='bbox 82 1230 228 1287; x_wconf 89' lang='lat' dir='ltr'>Satis</span> <span class='ocrx_word' id='word_1_103' title='bbox 266 1230 423 1288; x_wconf 91' lang='lat' dir='ltr'>enim</span> <span class='ocrx_word' id='word_1_104' title='bbox 462 1240 552 1288; x_wconf 91' lang='lat' dir='ltr'>est</span> <span class='ocrx_word' id='word_1_105' title='bbox 587 1229 682 1290; x_wconf 89' lang='lat' dir='ltr'>vel</span> <span class='ocrx_word' id='word_1_106' title='bbox 718 1229 928 1290; x_wconf 91' lang='lat' dir='ltr'>leviter</span> <span class='ocrx_word' id='word_1_107' title='bbox 963 1229 1186 1307; x_wconf 76' lang='lat' dir='ltr'>obJecta</span> <span class='ocrx_word' id='word_1_108' title='bbox 1229 1230 1469 1288; x_wconf 88' lang='lat' dir='ltr'>Patrum</span> <span class='ocrx_word' id='word_1_109' title='bbox 1515 1228 1847 1286; x_wconf 87' lang='lat' dir='ltr'>testimonia</span> <span class='ocrx_word' id='word_1_110' title='bbox 1875 1228 2193 1309; x_wconf 76' lang='lat' dir='ltr'>inspicere,</span> 
     </span>
     <span class='ocr_line' id='line_1_14' title="bbox 80 1322 2200 1405; baseline 0 -23"><span class='ocrx_word' id='word_1_111' title='bbox 80 1335 147 1382; x_wconf 92' lang='lat' dir='ltr'>ut</span> <span class='ocrx_word' id='word_1_112' title='bbox 179 1335 376 1405; x_wconf 89' lang='lat' dir='ltr'>pateat</span> <span class='ocrx_word' id='word_1_113' title='bbox 397 1368 413 1397; x_wconf 74' lang='grc'><em>,</em></span> <span class='ocrx_word' id='word_1_114' title='bbox 465 1342 731 1405; x_wconf 82' lang='lat' dir='ltr'>quaenam</span> <span class='ocrx_word' id='word_1_115' title='bbox 765 1325 939 1383; x_wconf 91' lang='lat' dir='ltr'>fuerit</span> <span class='ocrx_word' id='word_1_116' title='bbox 965 1326 1184 1384; x_wconf 84' lang='lat' dir='ltr'>occasio</span> <span class='ocrx_word' id='word_1_117' title='bbox 1221 1323 1694 1403; x_wconf 86' lang='lat' dir='ltr'>objurgationum</span> <span class='ocrx_word' id='word_1_118' title='bbox 1724 1322 1958 1382; x_wconf 90' lang='lat' dir='ltr'>illarum</span> <span class='ocrx_word' id='word_1_119' title='bbox 1989 1333 2049 1383; x_wconf 93' lang='lat' dir='ltr'>et</span> <span class='ocrx_word' id='word_1_120' title='bbox 2077 1344 2200 1383; x_wconf 91' lang='lat' dir='ltr'>sco-</span> 
     </span>
     <span class='ocr_line' id='line_1_15' title="bbox 81 1417 2199 1499; baseline 0.001 -25"><span class='ocrx_word' id='word_1_121' title='bbox 81 1438 190 1497; x_wconf 91' lang='lat' dir='ltr'>pus</span> <span class='ocrx_word' id='word_1_122' title='bbox 216 1417 327 1495; x_wconf 88' lang='lat'><strong>(3).</strong></span> <span class='ocrx_word' id='word_1_123' title='bbox 351 1419 478 1488; x_wconf 86' lang='lat' dir='ltr'>Quo</span> <span class='ocrx_word' id='word_1_124' title='bbox 493 1419 682 1496; x_wconf 90' lang='lat' dir='ltr'>reipsa</span> <span class='ocrx_word' id='word_1_125' title='bbox 699 1438 874 1475; x_wconf 89' lang='lat' dir='ltr'>sensu</span> <span class='ocrx_word' id='word_1_126' title='bbox 895 1417 1060 1489; x_wconf 90' lang='lat' dir='ltr'>Plato</span> <span class='ocrx_word' id='word_1_127' title='bbox 1077 1430 1135 1476; x_wconf 89' lang='lat' dir='ltr'>et</span> <span class='ocrx_word' id='word_1_128' title='bbox 1163 1417 1495 1476; x_wconf 83' lang='lat' dir='ltr'>Aristoteles</span> <span class='ocrx_word' id='word_1_129' title='bbox 1510 1417 1911 1476; x_wconf 68' lang='lat' dir='ltr'>haereticorum</span> <span class='ocrx_word' id='word_1_130' title='bbox 1927 1430 2199 1499; x_wconf 87' lang='lat' dir='ltr'>parentes</span> 
     </span>
     <span class='ocr_line' id='line_1_16' title="bbox 82 1509 2204 1594; baseline 0.003 -27"><span class='ocrx_word' id='word_1_131' title='bbox 82 1509 403 1590; x_wconf 89' lang='lat' dir='ltr'>nuncupati</span> <span class='ocrx_word' id='word_1_132' title='bbox 452 1521 592 1568; x_wconf 90' lang='lat' dir='ltr'>sunt</span> <span class='ocrx_word' id='word_1_133' title='bbox 630 1531 695 1568; x_wconf 87' lang='lat' dir='ltr'>ac</span> <span class='ocrx_word' id='word_1_134' title='bbox 724 1509 1192 1591; x_wconf 63' lang='lat' dir='ltr'>praeform‘alores</span> <span class='ocrx_word' id='word_1_135' title='bbox 1216 1554 1232 1584; x_wconf 74' lang='grc'><em>,</em></span> <span class='ocrx_word' id='word_1_136' title='bbox 1286 1532 1605 1592; x_wconf 90' lang='lat' dir='ltr'>eorumque</span> <span class='ocrx_word' id='word_1_137' title='bbox 1626 1511 1993 1594; x_wconf 89' lang='lat' dir='ltr'>philosophia</span> <span class='ocrx_word' id='word_1_138' title='bbox 2025 1512 2204 1574; x_wconf 68' lang='lat' dir='ltr'>haere⁴</span> 
     </span>
     <span class='ocr_line' id='line_1_17' title="bbox 82 1604 1527 1687; baseline 0.001 -25"><span class='ocrx_word' id='word_1_139' title='bbox 82 1625 220 1663; x_wconf 90' lang='lat' dir='ltr'>seon</span> <span class='ocrx_word' id='word_1_140' title='bbox 260 1604 523 1663; x_wconf 90' lang='lat' dir='ltr'>omnium</span> <span class='ocrx_word' id='word_1_141' title='bbox 571 1606 1043 1687; x_wconf 88' lang='lat' dir='ltr'>promptuarium</span> <span class='ocrx_word' id='word_1_142' title='bbox 1088 1604 1378 1686; x_wconf 84' lang='lat' dir='ltr'>appellata</span> <span class='ocrx_word' id='word_1_143' title='bbox 1416 1605 1527 1686; x_wconf 81' lang='grc'>(4).</span> 
     </span>
    </p>

    <p class='ocr_par' dir='ltr' id='par_1_4' title="bbox 6 1698 2196 2166">
     <span class='ocr_line' id='line_1_18' title="bbox 164 1698 2191 1780; baseline 0.002 -22"><span class='ocrx_word' id='word_1_144' title='bbox 164 1698 302 1758; x_wconf 79' lang='grc'>304.</span> <span class='ocrx_word' id='word_1_145' title='bbox 348 1699 438 1759; x_wconf 85' lang='lat' dir='ltr'>Ad</span> <span class='ocrx_word' id='word_1_146' title='bbox 478 1699 585 1773; x_wconf 70' lang='lat'>4¹¹¹,</span> <span class='ocrx_word' id='word_1_147' title='bbox 623 1702 780 1759; x_wconf 82' lang='lat' dir='ltr'>Dist.</span> <span class='ocrx_word' id='word_1_148' title='bbox 815 1703 884 1758; x_wconf 92' lang='lat' dir='ltr'>In</span> <span class='ocrx_word' id='word_1_149' title='bbox 921 1700 1123 1759; x_wconf 91' lang='lat' dir='ltr'>ordine</span> <span class='ocrx_word' id='word_1_150' title='bbox 1170 1700 1245 1759; x_wconf 90' lang='lat' dir='ltr'>ad</span> <span class='ocrx_word' id='word_1_151' title='bbox 1274 1702 1586 1780; x_wconf 82' lang='lat' dir='ltr'>rigorosam</span> <span class='ocrx_word' id='word_1_152' title='bbox 1626 1701 2191 1763; x_wconf 84' lang='lat' dir='ltr'>demonstrationem</span> 
     </span>
     <span class='ocr_line' id='line_1_19' title="bbox 6 1794 2196 1880; baseline 0.002 -26"><span class='ocrx_word' id='word_1_153' title='bbox 6 1870 8 1872; x_wconf 12' lang='lat' dir='ltr'>v</span> <span class='ocrx_word' id='word_1_154' title='bbox 83 1806 142 1854; x_wconf 92' lang='lat' dir='ltr'>et</span> <span class='ocrx_word' id='word_1_155' title='bbox 190 1794 776 1876; x_wconf 87' lang='lat' dir='ltr'>comprehensionem</span> <span class='ocrx_word' id='word_1_156' title='bbox 813 1795 1250 1875; x_wconf 73' lang='lat' dir='ltr'>Mysteriorum,</span> <span class='ocrx_word' id='word_1_157' title='bbox 1284 1817 1487 1863; x_wconf 82' lang='lat' dir='ltr'>cono.;</span> <span class='ocrx_word' id='word_1_158' title='bbox 1516 1796 1580 1854; x_wconf 86' lang='lat' dir='ltr'>in</span> <span class='ocrx_word' id='word_1_159' title='bbox 1615 1797 1824 1856; x_wconf 88' lang='lat' dir='ltr'>ordine</span> <span class='ocrx_word' id='word_1_160' title='bbox 1866 1797 1940 1856; x_wconf 90' lang='lat' dir='ltr'>ad</span> <span class='ocrx_word' id='word_1_161' title='bbox 1970 1797 2196 1880; x_wconf 89' lang='lat' dir='ltr'>aliqua-</span> 
     </span>
     <span class='ocr_line' id='line_1_20' title="bbox 83 1879 2195 1971; baseline 0.002 -23"><span class='ocrx_word' id='word_1_162' title='bbox 83 1889 202 1950; x_wconf 89' lang='lat' dir='ltr'>lem</span> <span class='ocrx_word' id='word_1_163' title='bbox 246 1888 457 1950; x_wconf 91' lang='lat' dir='ltr'>saltem</span> <span class='ocrx_word' id='word_1_164' title='bbox 507 1879 993 1970; x_wconf 55' lang='lat' dir='ltr'>intelligentiam.</span> <span class='ocrx_word' id='word_1_165' title='bbox 1037 1914 1166 1970; x_wconf 68' lang='lat' dir='ltr'>neq.</span> <span class='ocrx_word' id='word_1_166' title='bbox 1217 1893 1365 1950; x_wconf 92' lang='lat' dir='ltr'>Dum</span> <span class='ocrx_word' id='word_1_167' title='bbox 1410 1891 1708 1971; x_wconf 79' lang='lat' dir='ltr'>Angelicus</span> <span class='ocrx_word' id='word_1_168' title='bbox 1748 1893 1953 1951; x_wconf 89' lang='lat' dir='ltr'>doctor</span> <span class='ocrx_word' id='word_1_169' title='bbox 2004 1894 2195 1954; x_wconf 91' lang='lat' dir='ltr'>solum</span> 
     </span>
     <span class='ocr_line' id='line_1_21' title="bbox 86 1985 2196 2065; baseline 0.003 -22"><span class='ocrx_word' id='word_1_170' title='bbox 86 1985 338 2045; x_wconf 86' lang='lat' dir='ltr'>officium</span> <span class='ocrx_word' id='word_1_171' title='bbox 363 1990 707 2065; x_wconf 60' lang='lat' dir='ltr'>negativum</span> <span class='ocrx_word' id='word_1_172' title='bbox 735 1985 946 2044; x_wconf 88' lang='lat' dir='ltr'>rationi</span> <span class='ocrx_word' id='word_1_173' title='bbox 977 1985 1206 2046; x_wconf 86' lang='lat' dir='ltr'>videtur</span> <span class='ocrx_word' id='word_1_174' title='bbox 1236 1985 1561 2046; x_wconf 87' lang='lat' dir='ltr'>adscribere</span> <span class='ocrx_word' id='word_1_175' title='bbox 1580 2029 1598 2059; x_wconf 90' lang='lat'>‚</span> <span class='ocrx_word' id='word_1_176' title='bbox 1628 1985 2196 2049; x_wconf 88' lang='lat' dir='ltr'>demonstrationem</span> 
     </span>
     <span class='ocr_line' id='line_1_22' title="bbox 86 2078 2194 2166; baseline 0.002 -28"><span class='ocrx_word' id='word_1_177' title='bbox 86 2080 320 2161; x_wconf 88' lang='lat' dir='ltr'>proprie</span> <span class='ocrx_word' id='word_1_178' title='bbox 354 2078 570 2139; x_wconf 90' lang='lat' dir='ltr'>dictam</span> <span class='ocrx_word' id='word_1_179' title='bbox 599 2081 1006 2163; x_wconf 83' lang='lat' dir='ltr'>Mysteriorum</span> <span class='ocrx_word' id='word_1_180' title='bbox 1043 2081 1177 2140; x_wconf 80' lang='lat' dir='ltr'>fidei</span> <span class='ocrx_word' id='word_1_181' title='bbox 1205 2081 1626 2141; x_wconf 88' lang='lat' dir='ltr'>instituendam</span> <span class='ocrx_word' id='word_1_182' title='bbox 1659 2103 1731 2141; x_wconf 81' lang='lat' dir='ltr'>ex</span> <span class='ocrx_word' id='word_1_183' title='bbox 1764 2082 2006 2142; x_wconf 87' lang='lat' dir='ltr'>rationis</span> <span class='ocrx_word' id='word_1_184' title='bbox 2028 2085 2194 2166; x_wconf 88' lang='lat' dir='ltr'>prin-</span> 
     </span>
    </p>
   </div>
   <div class='ocr_carea' id='block_1_4' title="bbox 91 2282 1100 2508">
    <p class='ocr_par' dir='ltr' id='par_1_5' title="bbox 91 2282 1100 2508">
     <span class='ocr_line' id='line_1_23' title="bbox 156 2282 918 2350; baseline 0.004 -19"><span class='ocrx_word' id='word_1_185' title='bbox 156 2284 220 2348; x_wconf 86' lang='lat' dir='ltr'>(l)</span> <span class='ocrx_word' id='word_1_186' title='bbox 258 2282 356 2332; x_wconf 79' lang='lat' dir='ltr'>Cfr.</span> <span class='ocrx_word' id='word_1_187' title='bbox 393 2283 545 2333; x_wconf 84' lang='lat' dir='ltr'>Petav.</span> <span class='ocrx_word' id='word_1_188' title='bbox 580 2284 699 2334; x_wconf 86' lang='lat' dir='ltr'>ibid.</span> <span class='ocrx_word' id='word_1_189' title='bbox 732 2301 834 2350; x_wconf 88' lang='lat' dir='ltr'>cap.</span> <span class='ocrx_word' id='word_1_190' title='bbox 867 2284 918 2349; x_wconf 88' lang='grc'>4.</span> 
     </span>
     <span class='ocr_line' id='line_1_24' title="bbox 159 2365 1100 2431; baseline 0.003 -19"><span class='ocrx_word' id='word_1_191' title='bbox 159 2366 227 2429; x_wconf 71' lang='lat'>(2)</span> <span class='ocrx_word' id='word_1_192' title='bbox 267 2365 404 2413; x_wconf 84' lang='lat' dir='ltr'>Plura</span> <span class='ocrx_word' id='word_1_193' title='bbox 436 2368 657 2431; x_wconf 73' lang='lat' dir='ltr'>congessit</span> <span class='ocrx_word' id='word_1_194' title='bbox 686 2365 811 2414; x_wconf 89' lang='lat' dir='ltr'>hanc</span> <span class='ocrx_word' id='word_1_195' title='bbox 831 2366 882 2414; x_wconf 89' lang='lat' dir='ltr'>in</span> <span class='ocrx_word' id='word_1_196' title='bbox 903 2384 999 2415; x_wconf 87' lang='lat' dir='ltr'>rem</span> <span class='ocrx_word' id='word_1_197' title='bbox 1014 2365 1100 2415; x_wconf 69' lang='lat' dir='ltr'>Pe—</span> 
     </span>
     <span class='ocr_line' id='line_1_25' title="bbox 91 2446 1100 2508; baseline 0 -12"><span class='ocrx_word' id='word_1_198' title='bbox 91 2450 237 2496; x_wconf 86' lang='lat' dir='ltr'>tavius</span> <span class='ocrx_word' id='word_1_199' title='bbox 291 2446 476 2495; x_wconf 83' lang='lat' dir='ltr'>Patrum</span> <span class='ocrx_word' id='word_1_200' title='bbox 519 2450 808 2508; x_wconf 74' lang='lat' dir='ltr'>testimonia,</span> <span class='ocrx_word' id='word_1_201' title='bbox 850 2449 1100 2497; x_wconf 82' lang='lat' dir='ltr'>Clementis</span> 
     </span>
    </p>
   </div>
   <div class='ocr_carea' id='block_1_5' title="bbox 1178 2286 2207 2502">
    <p class='ocr_par' dir='ltr' id='par_1_6' title="bbox 1178 2286 2207 2502">
     <span class='ocr_line' id='line_1_26' title="bbox 1182 2286 2207 2347; baseline 0.011 -15"><span class='ocrx_word' id='word_1_202' title='bbox 1182 2303 1324 2334; x_wconf 86' lang='lat' dir='ltr'>serm.</span> <span class='ocrx_word' id='word_1_203' title='bbox 1353 2286 1447 2334; x_wconf 83' lang='lat' dir='ltr'>xxii</span> <span class='ocrx_word' id='word_1_204' title='bbox 1468 2323 1482 2347; x_wconf 89' lang='lat'><em>‚</em></span> <span class='ocrx_word' id='word_1_205' title='bbox 1513 2304 1560 2334; x_wconf 89' lang='lat' dir='ltr'>u.</span> <span class='ocrx_word' id='word_1_206' title='bbox 1600 2303 1658 2334; x_wconf 90' lang='lat'>10</span> <span class='ocrx_word' id='word_1_207' title='bbox 1694 2304 1710 2335; x_wconf 75' lang='grc' dir='ltr'><strong><em>ε</em></strong></span> <span class='ocrx_word' id='word_1_208' title='bbox 1745 2294 2104 2342; x_wconf 84' lang='lat' dir='ltr'>Elaborandum</span> <span class='ocrx_word' id='word_1_209' title='bbox 2141 2303 2207 2343; x_wconf 86' lang='lat' dir='ltr'>est</span> 
     </span>
     <span class='ocr_line' id='line_1_27' title="bbox 1183 2369 2204 2427; baseline 0.007 -15"><span class='ocrx_word' id='word_1_210' title='bbox 1183 2369 1385 2426; x_wconf 73' lang='lat' dir='ltr'>iyitur...</span> <span class='ocrx_word' id='word_1_211' title='bbox 1418 2382 1474 2413; x_wconf 88' lang='lat' dir='ltr'>ne</span> <span class='ocrx_word' id='word_1_212' title='bbox 1511 2370 1614 2427; x_wconf 86' lang='lat' dir='ltr'>quis</span> <span class='ocrx_word' id='word_1_213' title='bbox 1649 2371 1957 2417; x_wconf 80' lang='lat' dir='ltr'>adsertionem</span> <span class='ocrx_word' id='word_1_214' title='bbox 1995 2378 2204 2418; x_wconf 87' lang='lat' dir='ltr'>nostram</span> 
     </span>
     <span class='ocr_line' id='line_1_28' title="bbox 1178 2444 2206 2502; baseline 0.006 -15"><span class='ocrx_word' id='word_1_215' title='bbox 1178 2458 1262 2501; x_wconf 86' lang='lat' dir='ltr'>per</span> <span class='ocrx_word' id='word_1_216' title='bbox 1282 2444 1620 2501; x_wconf 71' lang='lat' dir='ltr'>philosophiam</span> <span class='ocrx_word' id='word_1_217' title='bbox 1651 2446 1954 2502; x_wconf 83' lang='lat' dir='ltr'>deproedetur.</span> <span class='ocrx_word' id='word_1_218' title='bbox 1979 2447 2054 2493; x_wconf 86' lang='lat' dir='ltr'>Sic</span> <span class='ocrx_word' id='word_1_219' title='bbox 2084 2450 2206 2493; x_wconf 87' lang='lat' dir='ltr'>enim</span> 
     </span>
    </p>
   </div>
   <div class='ocr_carea' id='block_1_6' title="bbox 58 2528 1106 3658">
    <p class='ocr_par' dir='ltr' id='par_1_7' title="bbox 86 2528 1102 2838">
     <span class='ocr_line' id='line_1_29' title="bbox 87 2528 1098 2595; baseline 0.001 -18"><span class='ocrx_word' id='word_1_220' title='bbox 87 2531 333 2593; x_wconf 73' lang='lat' dir='ltr'>praeserlim</span> <span class='ocrx_word' id='word_1_221' title='bbox 364 2530 637 2586; x_wconf 70' lang='lat' dir='ltr'>Alexandr..</span> <span class='ocrx_word' id='word_1_222' title='bbox 675 2528 878 2595; x_wconf 84' lang='lat' dir='ltr'>Gregorii</span> <span class='ocrx_word' id='word_1_223' title='bbox 905 2530 1098 2578; x_wconf 84' lang='lat' dir='ltr'>Nazian-</span> 
     </span>
     <span class='ocr_line' id='line_1_30' title="bbox 86 2611 1098 2676; baseline 0.003 -17"><span class='ocrx_word' id='word_1_224' title='bbox 86 2614 185 2660; x_wconf 87' lang='lat' dir='ltr'>zeni</span> <span class='ocrx_word' id='word_1_225' title='bbox 234 2623 277 2660; x_wconf 87' lang='lat' dir='ltr'>et</span> <span class='ocrx_word' id='word_1_226' title='bbox 319 2611 511 2676; x_wconf 76' lang='lat' dir='ltr'>Nysseni</span> <span class='ocrx_word' id='word_1_227' title='bbox 537 2651 550 2671; x_wconf 89' lang='lat'>,</span> <span class='ocrx_word' id='word_1_228' title='bbox 603 2613 789 2672; x_wconf 84' lang='lat' dir='ltr'>Basilii,</span> <span class='ocrx_word' id='word_1_229' title='bbox 835 2614 1063 2662; x_wconf 82' lang='lat' dir='ltr'>Ambrosii</span> <span class='ocrx_word' id='word_1_230' title='bbox 1085 2651 1098 2672; x_wconf 92' lang='lat'><strong>‚</strong></span> 
     </span>
     <span class='ocr_line' id='line_1_31' title="bbox 87 2693 1102 2761; baseline 0.006 -22"><span class='ocrx_word' id='word_1_231' title='bbox 87 2693 329 2757; x_wconf 80' lang='lat' dir='ltr'>Augustini</span> <span class='ocrx_word' id='word_1_232' title='bbox 361 2694 674 2760; x_wconf 86' lang='lat' dir='ltr'>aliorumque,</span> <span class='ocrx_word' id='word_1_233' title='bbox 701 2711 804 2761; x_wconf 81' lang='lat' dir='ltr'>quae</span> <span class='ocrx_word' id='word_1_234' title='bbox 832 2698 911 2745; x_wconf 90' lang='lat' dir='ltr'>cit.</span> <span class='ocrx_word' id='word_1_235' title='bbox 940 2713 1041 2761; x_wconf 88' lang='lat' dir='ltr'>cap.</span> <span class='ocrx_word' id='word_1_236' title='bbox 1069 2695 1102 2759; x_wconf 89' lang='grc'><strong><em>4</em></strong></span> 
     </span>
     <span class='ocr_line' id='line_1_32' title="bbox 86 2773 465 2838; baseline 0.003 -16"><span class='ocrx_word' id='word_1_237' title='bbox 86 2773 227 2824; x_wconf 88' lang='lat' dir='ltr'>recoli</span> <span class='ocrx_word' id='word_1_238' title='bbox 259 2786 465 2838; x_wconf 80' lang='lat' dir='ltr'>possunt.</span> 
     </span>
    </p>

    <p class='ocr_par' dir='ltr' id='par_1_8' title="bbox 58 2854 1106 3658">
     <span class='ocr_line' id='line_1_33' title="bbox 156 2854 1101 2917; baseline 0.006 -15"><span class='ocrx_word' id='word_1_239' title='bbox 156 2854 219 2917; x_wconf 87' lang='grc'>(3)</span> <span class='ocrx_word' id='word_1_240' title='bbox 257 2856 379 2904; x_wconf 89' lang='lat' dir='ltr'>Sane</span> <span class='ocrx_word' id='word_1_241' title='bbox 396 2858 494 2904; x_wconf 84' lang='lat' dir='ltr'>haec</span> <span class='ocrx_word' id='word_1_242' title='bbox 513 2859 633 2906; x_wconf 82' lang='lat' dir='ltr'>inter</span> <span class='ocrx_word' id='word_1_243' title='bbox 648 2868 791 2906; x_wconf 83' lang='lat' dir='ltr'>cetera</span> <span class='ocrx_word' id='word_1_244' title='bbox 812 2859 969 2907; x_wconf 85' lang='lat' dir='ltr'>scribit</span> <span class='ocrx_word' id='word_1_245' title='bbox 990 2859 1101 2908; x_wconf 89' lang='lat' dir='ltr'>Ter-</span> 
     </span>
     <span class='ocr_line' id='line_1_34' title="bbox 93 2937 1103 3005; baseline 0.005 -22"><span class='ocrx_word' id='word_1_246' title='bbox 93 2937 312 2985; x_wconf 82' lang='lat' dir='ltr'>tullianus</span> <span class='ocrx_word' id='word_1_247' title='bbox 328 2976 340 2995; x_wconf 87' lang='lat'>,</span> <span class='ocrx_word' id='word_1_248' title='bbox 362 2938 451 2987; x_wconf 89' lang='lat' dir='ltr'>loc.</span> <span class='ocrx_word' id='word_1_249' title='bbox 474 2942 551 2985; x_wconf 83' lang='lat' dir='ltr'>cit.</span> <span class='ocrx_word' id='word_1_250' title='bbox 580 2957 593 2987; x_wconf 69' lang='grc' dir='ltr'><strong><em>ε</em></strong></span> <span class='ocrx_word' id='word_1_251' title='bbox 619 2938 757 3005; x_wconf 79' lang='lat' dir='ltr'>Quid</span> <span class='ocrx_word' id='word_1_252' title='bbox 773 2957 880 3004; x_wconf 76' lang='lat' dir='ltr'>erqo</span> <span class='ocrx_word' id='word_1_253' title='bbox 897 2940 1103 2988; x_wconf 85' lang='lat' dir='ltr'>Athenis</span> 
     </span>
     <span class='ocr_line' id='line_1_35' title="bbox 93 3021 1103 3089; baseline 0.005 -24"><span class='ocrx_word' id='word_1_254' title='bbox 93 3028 135 3065; x_wconf 86' lang='lat' dir='ltr'>et</span> <span class='ocrx_word' id='word_1_255' title='bbox 172 3021 564 3085; x_wconf 72' lang='lat' dir='ltr'>Hierosolymis?</span> <span class='ocrx_word' id='word_1_256' title='bbox 600 3022 738 3089; x_wconf 78' lang='lat' dir='ltr'>Quid</span> <span class='ocrx_word' id='word_1_257' title='bbox 764 3023 1025 3073; x_wconf 74' lang='lat' dir='ltr'>academice</span> <span class='ocrx_word' id='word_1_258' title='bbox 1060 3033 1103 3071; x_wconf 83' lang='lat' dir='ltr'>et</span> 
     </span>
     <span class='ocr_line' id='line_1_36' title="bbox 94 3098 1105 3167; baseline 0.004 -18"><span class='ocrx_word' id='word_1_259' title='bbox 94 3098 368 3149; x_wconf 67' lang='lat' dir='ltr'>Ecclesiaef’</span> <span class='ocrx_word' id='word_1_260' title='bbox 397 3104 532 3167; x_wconf 77' lang='lat' dir='ltr'>Quid</span> <span class='ocrx_word' id='word_1_261' title='bbox 560 3103 800 3152; x_wconf 83' lang='lat' dir='ltr'>hoeretiois</span> <span class='ocrx_word' id='word_1_262' title='bbox 821 3115 864 3152; x_wconf 86' lang='lat' dir='ltr'>et</span> <span class='ocrx_word' id='word_1_263' title='bbox 882 3105 1105 3153; x_wconf 85' lang='lat' dir='ltr'>christia-</span> 
     </span>
     <span class='ocr_line' id='line_1_37' title="bbox 96 3182 1103 3251; baseline 0.007 -23"><span class='ocrx_word' id='word_1_264' title='bbox 96 3183 224 3229; x_wconf 65' lang='lat' dir='ltr'>nis?</span> <span class='ocrx_word' id='word_1_265' title='bbox 256 3182 430 3230; x_wconf 82' lang='lat' dir='ltr'>Nostra</span> <span class='ocrx_word' id='word_1_266' title='bbox 458 3187 702 3233; x_wconf 83' lang='lat' dir='ltr'>institutio</span> <span class='ocrx_word' id='word_1_267' title='bbox 727 3186 784 3234; x_wconf 87' lang='lat' dir='ltr'>de</span> <span class='ocrx_word' id='word_1_268' title='bbox 802 3188 993 3251; x_wconf 80' lang='lat' dir='ltr'>porticu</span> <span class='ocrx_word' id='word_1_269' title='bbox 1010 3184 1103 3237; x_wconf 87' lang='lat' dir='ltr'>Sa-</span> 
     </span>
     <span class='ocr_line' id='line_1_38' title="bbox 96 3262 1102 3332; baseline 0.008 -23"><span class='ocrx_word' id='word_1_270' title='bbox 96 3262 328 3323; x_wconf 81' lang='lat' dir='ltr'>lomonis,·</span> <span class='ocrx_word' id='word_1_271' title='bbox 355 3266 442 3328; x_wconf 80' lang='lat' dir='ltr'>qui</span> <span class='ocrx_word' id='word_1_272' title='bbox 466 3276 510 3313; x_wconf 81' lang='lat' dir='ltr'>et</span> <span class='ocrx_word' id='word_1_273' title='bbox 538 3269 637 3332; x_wconf 83' lang='lat' dir='ltr'>ipse</span> <span class='ocrx_word' id='word_1_274' title='bbox 666 3268 962 3330; x_wconf 84' lang='lat' dir='ltr'>tradiderat,</span> <span class='ocrx_word' id='word_1_275' title='bbox 999 3269 1102 3317; x_wconf 89' lang='lat' dir='ltr'>Do-</span> 
     </span>
     <span class='ocr_line' id='line_1_39' title="bbox 58 3343 1100 3415; baseline 0.009 -24"><span class='ocrx_word' id='word_1_276' title='bbox 58 3343 64 3346; x_wconf 48' lang='lat'><strong>⁴</strong></span> <span class='ocrx_word' id='word_1_277' title='bbox 98 3347 287 3393; x_wconf 82' lang='lat' dir='ltr'>minum</span> <span class='ocrx_word' id='word_1_278' title='bbox 334 3348 391 3394; x_wconf 83' lang='lat' dir='ltr'>in</span> <span class='ocrx_word' id='word_1_279' title='bbox 428 3349 734 3413; x_wconf 66' lang='lat' dir='ltr'>simplicitate</span> <span class='ocrx_word' id='word_1_280' title='bbox 773 3352 1100 3415; x_wconf 65' lang='lat' dir='ltr'>quaerendum.</span> 
     </span>
     <span class='ocr_line' id='line_1_40' title="bbox 105 3425 1106 3492; baseline 0.008 -20"><span class='ocrx_word' id='word_1_281' title='bbox 105 3426 358 3487; x_wconf 79' lang='lat' dir='ltr'>Viderint,</span> <span class='ocrx_word' id='word_1_282' title='bbox 381 3430 467 3492; x_wconf 85' lang='lat' dir='ltr'>qui</span> <span class='ocrx_word' id='word_1_283' title='bbox 485 3425 698 3480; x_wconf 84' lang='lat' dir='ltr'>Stoicum</span> <span class='ocrx_word' id='word_1_284' title='bbox 726 3443 769 3481; x_wconf 82' lang='lat' dir='ltr'>et</span> <span class='ocrx_word' id='word_1_285' title='bbox 800 3433 1106 3481; x_wconf 79' lang='lat' dir='ltr'>Platonicum</span> 
     </span>
     <span class='ocr_line' id='line_1_41' title="bbox 100 3508 1105 3581; baseline 0.007 -25"><span class='ocrx_word' id='word_1_286' title='bbox 100 3518 142 3556; x_wconf 82' lang='lat' dir='ltr'>el</span> <span class='ocrx_word' id='word_1_287' title='bbox 175 3508 474 3557; x_wconf 78' lang='lat' dir='ltr'>dialecticum</span> <span class='ocrx_word' id='word_1_288' title='bbox 495 3511 912 3562; x_wconf 68' lang='lat' dir='ltr'>christianismum</span> <span class='ocrx_word' id='word_1_289' title='bbox 934 3523 1105 3581; x_wconf 80' lang='lat' dir='ltr'>protu-</span> 
     </span>
     <span class='ocr_line' id='line_1_42' title="bbox 97 3583 1104 3658; baseline 0.007 -21"><span class='ocrx_word' id='word_1_290' title='bbox 97 3589 273 3639; x_wconf 74' lang='lat' dir='ltr'>lerunt.</span> <span class='ocrx_word' id='word_1_291' title='bbox 302 3590 354 3639; x_wconf 89' lang='lat' dir='ltr'>S.</span> <span class='ocrx_word' id='word_1_292' title='bbox 391 3591 690 3657; x_wconf 82' lang='lat' dir='ltr'>Ambrosius,</span> <span class='ocrx_word' id='word_1_293' title='bbox 729 3598 779 3644; x_wconf 90' lang='lat' dir='ltr'>in</span> <span class='ocrx_word' id='word_1_294' title='bbox 816 3597 892 3646; x_wconf 79' lang='lat' dir='ltr'>Ps.</span> <span class='ocrx_word' id='word_1_295' title='bbox 934 3583 1104 3658; x_wconf 56' lang='lat' dir='ltr'>exsui,</span> 
     </span>
    </p>
   </div>
   <div class='ocr_carea' id='block_1_7' title="bbox 184 3693 377 3751">
    <p class='ocr_par' dir='ltr' id='par_1_9' title="bbox 184 3693 377 3751">
     <span class='ocr_line' id='line_1_43' title="bbox 184 3693 377 3751; baseline 0.005 -2"><span class='ocrx_word' id='word_1_296' title='bbox 184 3693 248 3751; x_wconf 94' lang='lat' dir='ltr'>T.</span> <span class='ocrx_word' id='word_1_297' title='bbox 285 3693 377 3751; x_wconf 84' lang='lat' dir='ltr'>IX.</span> 
     </span>
    </p>
   </div>
   <div class='ocr_carea' id='block_1_8' title="bbox 1182 2520 2206 3109">
    <p class='ocr_par' dir='ltr' id='par_1_10' title="bbox 1182 2520 2206 3109">
     <span class='ocr_line' id='line_1_44' title="bbox 1182 2520 2201 2580; baseline 0.006 -18"><span class='ocrx_word' id='word_1_298' title='bbox 1182 2520 1386 2563; x_wconf 84' lang='lat' dir='ltr'>Arianos</span> <span class='ocrx_word' id='word_1_299' title='bbox 1398 2520 1450 2563; x_wconf 87' lang='lat' dir='ltr'>in</span> <span class='ocrx_word' id='word_1_300' title='bbox 1461 2521 1707 2576; x_wconf 80' lang='lat' dir='ltr'>perfidiam</span> <span class='ocrx_word' id='word_1_301' title='bbox 1723 2522 1872 2565; x_wconf 86' lang='lat' dir='ltr'>ruisse</span> <span class='ocrx_word' id='word_1_302' title='bbox 1887 2524 2201 2580; x_wconf 64' lang='lat' dir='ltr'>cognovimus,</span> 
     </span>
     <span class='ocr_line' id='line_1_45' title="bbox 1185 2593 2204 2654; baseline 0.006 -17"><span class='ocrx_word' id='word_1_303' title='bbox 1185 2595 1294 2638; x_wconf 89' lang='lat' dir='ltr'>dum</span> <span class='ocrx_word' id='word_1_304' title='bbox 1334 2593 1508 2639; x_wconf 77' lang='lat' dir='ltr'>Christi</span> <span class='ocrx_word' id='word_1_305' title='bbox 1542 2598 1881 2652; x_wconf 72' lang='lat' dir='ltr'>yenerationem</span> <span class='ocrx_word' id='word_1_306' title='bbox 1914 2602 2085 2654; x_wconf 89' lang='lat' dir='ltr'>putant</span> <span class='ocrx_word' id='word_1_307' title='bbox 2115 2611 2204 2643; x_wconf 82' lang='lat' dir='ltr'>usu</span> 
     </span>
     <span class='ocr_line' id='line_1_46' title="bbox 1185 2670 2206 2729; baseline 0.004 -16"><span class='ocrx_word' id='word_1_308' title='bbox 1185 2670 1324 2725; x_wconf 58' lang='lat' dir='ltr'>huJus‘</span> <span class='ocrx_word' id='word_1_309' title='bbox 1354 2670 1509 2714; x_wconf 82' lang='lat' dir='ltr'>soeculi</span> <span class='ocrx_word' id='word_1_310' title='bbox 1548 2670 1864 2726; x_wconf 74' lang='lat' dir='ltr'>colliyendam.</span> <span class='ocrx_word' id='word_1_311' title='bbox 1904 2671 2206 2729; x_wconf 76' lang='lat' dir='ltr'>Reliquorum</span> 
     </span>
     <span class='ocr_line' id='line_1_47' title="bbox 1185 2744 2206 2801; baseline 0.004 -14"><span class='ocrx_word' id='word_1_312' title='bbox 1185 2744 1450 2801; x_wconf 78' lang='lat' dir='ltr'>Apostolum</span> <span class='ocrx_word' id='word_1_313' title='bbox 1460 2778 1471 2798; x_wconf 93' lang='lat'>‚</span> <span class='ocrx_word' id='word_1_314' title='bbox 1496 2748 1750 2801; x_wconf 85' lang='lat' dir='ltr'>sequuntur</span> <span class='ocrx_word' id='word_1_315' title='bbox 1767 2744 2071 2790; x_wconf 83' lang='lat' dir='ltr'>Aristotelem.</span> <span class='ocrx_word' id='word_1_316' title='bbox 2084 2747 2206 2791; x_wconf 86' lang='lat' dir='ltr'>Reli-</span> 
     </span>
     <span class='ocr_line' id='line_1_48' title="bbox 1186 2820 2206 2878; baseline 0.002 -14"><span class='ocrx_word' id='word_1_317' title='bbox 1186 2824 1385 2878; x_wconf 84' lang='lat' dir='ltr'>querunt</span> <span class='ocrx_word' id='word_1_318' title='bbox 1422 2820 1731 2877; x_wconf 81' lang='lat' dir='ltr'>sapientiam,</span> <span class='ocrx_word' id='word_1_319' title='bbox 1772 2833 1871 2877; x_wconf 84' lang='lat' dir='ltr'>quae</span> <span class='ocrx_word' id='word_1_320' title='bbox 1908 2822 2034 2878; x_wconf 89' lang='lat' dir='ltr'>apud</span> <span class='ocrx_word' id='word_1_321' title='bbox 2063 2822 2206 2866; x_wconf 87' lang='lat' dir='ltr'>Deum</span> 
     </span>
     <span class='ocr_line' id='line_1_49' title="bbox 1187 2894 2203 2952; baseline 0.002 -14"><span class='ocrx_word' id='word_1_322' title='bbox 1187 2900 1283 2947; x_wconf 90' lang='lat' dir='ltr'>est,·</span> <span class='ocrx_word' id='word_1_323' title='bbox 1321 2896 1550 2952; x_wconf 73' lang='lat' dir='ltr'>eleqerunt</span> <span class='ocrx_word' id='word_1_324' title='bbox 1584 2894 1917 2950; x_wconf 80' lang='lat' dir='ltr'>disputationis</span> <span class='ocrx_word' id='word_1_325' title='bbox 1949 2896 2203 2940; x_wconf 81' lang='lat' dir='ltr'>tendiculas</span> 
     </span>
     <span class='ocr_line' id='line_1_50' title="bbox 1187 2968 2204 3027; baseline 0.001 -13"><span class='ocrx_word' id='word_1_326' title='bbox 1187 2974 1228 3014; x_wconf 89' lang='lat' dir='ltr'>et</span> <span class='ocrx_word' id='word_1_327' title='bbox 1258 2968 1728 3027; x_wconf 62' lang='lat' dir='ltr'>aucupiaperborum</span> <span class='ocrx_word' id='word_1_328' title='bbox 1769 2970 2015 3014; x_wconf 86' lang='lat' dir='ltr'>secundum</span> <span class='ocrx_word' id='word_1_329' title='bbox 2058 2970 2204 3015; x_wconf 88' lang='lat' dir='ltr'>diale-</span> 
     </span>
     <span class='ocr_line' id='line_1_51' title="bbox 1186 3044 2206 3109; baseline 0.004 -20"><span class='ocrx_word' id='word_1_330' title='bbox 1186 3046 1310 3089; x_wconf 82' lang='lat' dir='ltr'>cticae</span> <span class='ocrx_word' id='word_1_331' title='bbox 1332 3045 1641 3102; x_wconf 85' lang='lat' dir='ltr'>disciplinam.</span> <span class='ocrx_word' id='word_1_332' title='bbox 1670 3044 1739 3090; x_wconf 86' lang='lat' dir='ltr'>En</span> <span class='ocrx_word' id='word_1_333' title='bbox 1775 3062 1868 3109; x_wconf 87' lang='lat' dir='ltr'>quo</span> <span class='ocrx_word' id='word_1_334' title='bbox 1887 3062 2022 3092; x_wconf 86' lang='lat' dir='ltr'>sensu</span> <span class='ocrx_word' id='word_1_335' title='bbox 2055 3044 2206 3094; x_wconf 82' lang='lat' dir='ltr'>Patres</span> 
     </span>
    </p>
   </div>
   <div class='ocr_carea' id='block_1_9' title="bbox 1187 3120 2204 3682">
    <p class='ocr_par' dir='ltr' id='par_1_11' title="bbox 1187 3120 2204 3682">
     <span class='ocr_line' id='line_1_52' title="bbox 1187 3120 2201 3186; baseline 0.008 -19"><span class='ocrx_word' id='word_1_336' title='bbox 1187 3120 1525 3186; x_wconf 86' lang='lat' dir='ltr'>philosophiam</span> <span class='ocrx_word' id='word_1_337' title='bbox 1539 3126 1585 3170; x_wconf 85' lang='lat' dir='ltr'>in</span> <span class='ocrx_word' id='word_1_338' title='bbox 1597 3124 1731 3172; x_wconf 78' lang='lat' dir='ltr'>rebus</span> <span class='ocrx_word' id='word_1_339' title='bbox 1744 3124 1850 3172; x_wconf 86' lang='lat' dir='ltr'>[idei</span> <span class='ocrx_word' id='word_1_340' title='bbox 1863 3124 2201 3175; x_wconf 81' lang='lat' dir='ltr'>damnaverint.</span> 
     </span>
     <span class='ocr_line' id='line_1_53' title="bbox 1257 3202 2204 3272; baseline 0.006 -23"><span class='ocrx_word' id='word_1_341' title='bbox 1257 3202 1326 3266; x_wconf 64' lang='lat' dir='ltr'>(li)</span> <span class='ocrx_word' id='word_1_342' title='bbox 1360 3202 1459 3252; x_wconf 83' lang='lat' dir='ltr'>Cfr.</span> <span class='ocrx_word' id='word_1_343' title='bbox 1492 3204 1648 3253; x_wconf 85' lang='lat' dir='ltr'>Petav.</span> <span class='ocrx_word' id='word_1_344' title='bbox 1684 3205 1774 3258; x_wconf 87' lang='lat' dir='ltr'>loc.</span> <span class='ocrx_word' id='word_1_345' title='bbox 1803 3208 1884 3254; x_wconf 87' lang='lat' dir='ltr'>cit.</span> <span class='ocrx_word' id='word_1_346' title='bbox 1921 3223 2023 3271; x_wconf 86' lang='lat' dir='ltr'>cap.</span> <span class='ocrx_word' id='word_1_347' title='bbox 2043 3206 2099 3266; x_wconf 84' lang='lat'>3,</span> <span class='ocrx_word' id='word_1_348' title='bbox 2123 3206 2150 3272; x_wconf 69' lang='lat' dir='ltr'>S</span> <span class='ocrx_word' id='word_1_349' title='bbox 2176 3223 2204 3254; x_wconf 86' lang='lat'><em>2</em></span> 
     </span>
     <span class='ocr_line' id='line_1_54' title="bbox 1189 3284 2202 3353; baseline 0.004 -20"><span class='ocrx_word' id='word_1_350' title='bbox 1189 3296 1234 3333; x_wconf 90' lang='lat' dir='ltr'>et</span> <span class='ocrx_word' id='word_1_351' title='bbox 1259 3287 1308 3334; x_wconf 82' lang='lat'>3.</span> <span class='ocrx_word' id='word_1_352' title='bbox 1338 3284 1471 3334; x_wconf 84' lang='lat' dir='ltr'>Plura</span> <span class='ocrx_word' id='word_1_353' title='bbox 1501 3288 1636 3334; x_wconf 84' lang='lat' dir='ltr'>etiam</span> <span class='ocrx_word' id='word_1_354' title='bbox 1657 3288 1779 3335; x_wconf 87' lang='lat' dir='ltr'>hanc</span> <span class='ocrx_word' id='word_1_355' title='bbox 1802 3290 1852 3335; x_wconf 90' lang='lat' dir='ltr'>in</span> <span class='ocrx_word' id='word_1_356' title='bbox 1870 3305 1968 3336; x_wconf 86' lang='lat' dir='ltr'>rem</span> <span class='ocrx_word' id='word_1_357' title='bbox 1990 3289 2072 3336; x_wconf 75' lang='lat' dir='ltr'>tibi</span> <span class='ocrx_word' id='word_1_358' title='bbox 2090 3307 2202 3353; x_wconf 86' lang='lat' dir='ltr'>sup-</span> 
     </span>
     <span class='ocr_line' id='line_1_55' title="bbox 1189 3367 2200 3433; baseline 0.004 -19"><span class='ocrx_word' id='word_1_359' title='bbox 1189 3368 1413 3433; x_wconf 79' lang='lat' dir='ltr'>peditabit</span> <span class='ocrx_word' id='word_1_360' title='bbox 1458 3367 1705 3417; x_wconf 78' lang='lat' dir='ltr'>Nebridius</span> <span class='ocrx_word' id='word_1_361' title='bbox 1756 3388 1780 3418; x_wconf 87' lang='lat' dir='ltr'>a</span> <span class='ocrx_word' id='word_1_362' title='bbox 1838 3370 2161 3420; x_wconf 85' lang='lat' dir='ltr'>Miindelheim</span> <span class='ocrx_word' id='word_1_363' title='bbox 2187 3408 2200 3429; x_wconf 92' lang='lat'>‚</span> 
     </span>
     <span class='ocr_line' id='line_1_56' title="bbox 1191 3449 2204 3517; baseline 0.003 -20"><span class='ocrx_word' id='word_1_364' title='bbox 1191 3467 1293 3497; x_wconf 87' lang='lat' dir='ltr'>can.</span> <span class='ocrx_word' id='word_1_365' title='bbox 1322 3449 1467 3513; x_wconf 84' lang='lat' dir='ltr'>regul.</span> <span class='ocrx_word' id='word_1_366' title='bbox 1496 3453 1545 3497; x_wconf 90' lang='lat' dir='ltr'>in</span> <span class='ocrx_word' id='word_1_367' title='bbox 1575 3469 1650 3515; x_wconf 88' lang='lat' dir='ltr'>op.</span> <span class='ocrx_word' id='word_1_368' title='bbox 1684 3450 1999 3517; x_wconf 77' lang='lat' dir='ltr'>Philosophia</span> <span class='ocrx_word' id='word_1_369' title='bbox 2020 3450 2077 3500; x_wconf 87' lang='lat' dir='ltr'>S.</span> <span class='ocrx_word' id='word_1_370' title='bbox 2094 3452 2204 3499; x_wconf 85' lang='lat' dir='ltr'>Au-</span> 
     </span>
     <span class='ocr_line' id='line_1_57' title="bbox 1190 3532 2203 3599; baseline 0.001 -19"><span class='ocrx_word' id='word_1_371' title='bbox 1190 3533 1380 3597; x_wconf 74' lang='lat' dir='ltr'>qustini</span> <span class='ocrx_word' id='word_1_372' title='bbox 1399 3568 1415 3593; x_wconf 90' lang='lat'>‚</span> <span class='ocrx_word' id='word_1_373' title='bbox 1457 3550 1536 3581; x_wconf 88' lang='lat' dir='ltr'>seu</span> <span class='ocrx_word' id='word_1_374' title='bbox 1566 3532 1875 3599; x_wconf 82' lang='lat' dir='ltr'>Philosophia</span> <span class='ocrx_word' id='word_1_375' title='bbox 1897 3534 2162 3582; x_wconf 79' lang='lat' dir='ltr'>christiana</span> <span class='ocrx_word' id='word_1_376' title='bbox 2187 3569 2203 3588; x_wconf 93' lang='lat'>‚</span> 
     </span>
     <span class='ocr_line' id='line_1_58' title="bbox 1192 3613 2153 3682; baseline 0 -18"><span class='ocrx_word' id='word_1_377' title='bbox 1192 3614 1388 3665; x_wconf 79' lang='lat' dir='ltr'>Viennae</span> <span class='ocrx_word' id='word_1_378' title='bbox 1417 3614 1567 3681; x_wconf 73' lang='grc'><strong><em>1654,</em></strong></span> <span class='ocrx_word' id='word_1_379' title='bbox 1596 3617 1720 3682; x_wconf 81' lang='lat' dir='ltr'>praef.</span> <span class='ocrx_word' id='word_1_380' title='bbox 1748 3634 1853 3682; x_wconf 85' lang='lat' dir='ltr'>cap.</span> <span class='ocrx_word' id='word_1_381' title='bbox 1887 3634 1914 3664; x_wconf 81' lang='lat'><strong>2</strong></span> <span class='ocrx_word' id='word_1_382' title='bbox 1933 3652 1948 3676; x_wconf 88' lang='lat'><strong>,</strong></span> <span class='ocrx_word' id='word_1_383' title='bbox 1978 3616 2007 3664; x_wconf 87' lang='lat'><strong>3</strong></span> <span class='ocrx_word' id='word_1_384' title='bbox 2032 3626 2076 3664; x_wconf 80' lang='lat' dir='ltr'>et</span> <span class='ocrx_word' id='word_1_385' title='bbox 2094 3613 2153 3664; x_wconf 76' lang='lat'>8.</span> 
     </span>
    </p>
   </div>
   <div class='ocr_carea' id='block_1_10' title="bbox 1891 3695 1968 3753">
    <p class='ocr_par' dir='ltr' id='par_1_12' title="bbox 1891 3695 1968 3753">
     <span class='ocr_line' id='line_1_59' title="bbox 1891 3695 1968 3753; baseline -0.026 0"><span class='ocrx_word' id='word_1_386' title='bbox 1891 3695 1968 3753; x_wconf 83' lang='lat'>35</span> 
     </span>
    </p>
   </div>
  </div>
 </body>
</html>
