<?xml version="1.0" encoding="UTF-8"?>
<!DOCTYPE html PUBLIC "-//W3C//DTD XHTML 1.0 Transitional//EN"
    "http://www.w3.org/TR/xhtml1/DTD/xhtml1-transitional.dtd">
<html xmlns="http://www.w3.org/1999/xhtml" xml:lang="en" lang="en">
 <head>
  <title>
</title>
<meta http-equiv="Content-Type" content="text/html;charset=utf-8" />
  <meta name='ocr-system' content='tesseract 3.04.00' />
  <meta name='ocr-capabilities' content='ocr_page ocr_carea ocr_par ocr_line ocrx_word'/>
</head>
<body>
  <div class='ocr_page' id='page_1' title='image "a603693809perruoft_0237.png"; bbox 0 0 2502 4134; ppageno 0'>
   <div class='ocr_carea' id='block_1_1' title="bbox 519 69 2236 126">
    <p class='ocr_par' dir='ltr' id='par_1_1' title="bbox 519 69 2236 126">
     <span class='ocr_line' id='line_1_1' title="bbox 519 69 2236 126; baseline 0.003 -5"><span class='ocrx_word' id='word_1_1' title='bbox 519 85 685 123; x_wconf 72' lang='lat' dir='ltr'><strong>mar.</strong></span> <span class='ocrx_word' id='word_1_2' title='bbox 728 84 791 122; x_wconf 73' lang='grc' dir='ltr'><strong>ιι.</strong></span> <span class='ocrx_word' id='word_1_3' title='bbox 838 85 987 123; x_wconf 66' lang='lat' dir='ltr'><strong>seer.</strong></span> <span class='ocrx_word' id='word_1_4' title='bbox 1037 86 1096 124; x_wconf 88' lang='lat'><strong>11.</strong></span> <span class='ocrx_word' id='word_1_5' title='bbox 1143 84 1265 125; x_wconf 57' lang='lat' dir='ltr'><strong>cuz</strong></span> <span class='ocrx_word' id='word_1_6' title='bbox 1316 87 1368 126; x_wconf 84' lang='lat' dir='ltr'><strong>v.</strong></span> <span class='ocrx_word' id='word_1_7' title='bbox 1415 88 1481 124; x_wconf 75' lang='lat' dir='ltr'><strong>nn</strong></span> <span class='ocrx_word' id='word_1_8' title='bbox 1527 86 1877 126; x_wconf 66' lang='lat' dir='ltr'><strong>mammone,</strong></span> <span class='ocrx_word' id='word_1_9' title='bbox 2117 69 2236 126; x_wconf 75' lang='lat'><strong>229</strong></span> 
     </span>
    </p>
   </div>
   <div class='ocr_carea' id='block_1_2' title="bbox 130 226 2240 2866">
    <p class='ocr_par' dir='ltr' id='par_1_2' title="bbox 141 226 2237 783">
     <span class='ocr_line' id='line_1_2' title="bbox 144 226 2237 311; baseline 0.002 -26"><span class='ocrx_word' id='word_1_10' title='bbox 144 229 430 286; x_wconf 80' lang='lat' dir='ltr'><strong>fateantur</strong></span> <span class='ocrx_word' id='word_1_11' title='bbox 462 226 850 286; x_wconf 70' lang='lat' dir='ltr'><strong>protestantes</strong></span> <span class='ocrx_word' id='word_1_12' title='bbox 872 273 888 302; x_wconf 81' lang='lat'><strong>.,</strong></span> <span class='ocrx_word' id='word_1_13' title='bbox 932 227 1134 287; x_wconf 90' lang='lat' dir='ltr'><strong>eodem</strong></span> <span class='ocrx_word' id='word_1_14' title='bbox 1169 229 1398 311; x_wconf 88' lang='lat' dir='ltr'><strong>pietatis</strong></span> <span class='ocrx_word' id='word_1_15' title='bbox 1435 250 1607 288; x_wconf 89' lang='lat' dir='ltr'><strong>sensu</strong></span> <span class='ocrx_word' id='word_1_16' title='bbox 1628 275 1643 303; x_wconf 70' lang='grc'><em>,</em></span> <span class='ocrx_word' id='word_1_17' title='bbox 1687 251 1801 310; x_wconf 88' lang='lat' dir='ltr'><strong>quo</strong></span> <span class='ocrx_word' id='word_1_18' title='bbox 1834 231 2237 311; x_wconf 71' lang='lat' dir='ltr'><strong>prosequimur</strong></span> 
     </span>
     <span class='ocr_line' id='line_1_3' title="bbox 143 322 2234 403; baseline 0.002 -23"><span class='ocrx_word' id='word_1_19' title='bbox 143 322 458 402; x_wconf 84' lang='lat' dir='ltr'><strong>Scripturas</strong></span> <span class='ocrx_word' id='word_1_20' title='bbox 476 368 493 390; x_wconf 92' lang='lat'><em>,</em></span> <span class='ocrx_word' id='word_1_21' title='bbox 531 322 894 403; x_wconf 82' lang='lat' dir='ltr'><strong>excipiendas</strong></span> <span class='ocrx_word' id='word_1_22' title='bbox 922 345 985 382; x_wconf 93' lang='lat' dir='ltr'><strong>ac</strong></span> <span class='ocrx_word' id='word_1_23' title='bbox 1010 323 1368 382; x_wconf 89' lang='lat' dir='ltr'><strong>venerandas</strong></span> <span class='ocrx_word' id='word_1_24' title='bbox 1406 344 1528 382; x_wconf 89' lang='lat' dir='ltr'><strong>esse</strong></span> <span class='ocrx_word' id='word_1_25' title='bbox 1555 324 1838 402; x_wconf 87' lang='lat' dir='ltr'><strong>ejusmodi</strong></span> <span class='ocrx_word' id='word_1_26' title='bbox 1865 325 2199 384; x_wconf 80' lang='lat' dir='ltr'><strong>traditiones</strong></span> <span class='ocrx_word' id='word_1_27' title='bbox 2218 369 2234 398; x_wconf 73' lang='grc'><em>,</em></span> 
     </span>
     <span class='ocr_line' id='line_1_4' title="bbox 142 417 2236 500; baseline 0.001 -25"><span class='ocrx_word' id='word_1_28' title='bbox 142 417 187 475; x_wconf 91' lang='lat' dir='ltr'><strong>si</strong></span> <span class='ocrx_word' id='word_1_29' title='bbox 212 417 556 489; x_wconf 58' lang='lat' dir='ltr'><strong>existerent„</strong></span> <span class='ocrx_word' id='word_1_30' title='bbox 584 417 910 476; x_wconf 87' lang='lat' dir='ltr'><strong>inficiantur</strong></span> <span class='ocrx_word' id='word_1_31' title='bbox 936 429 1132 476; x_wconf 90' lang='lat' dir='ltr'><strong>tamen</strong></span> <span class='ocrx_word' id='word_1_32' title='bbox 1163 418 1392 476; x_wconf 88' lang='lat' dir='ltr'><strong>illarum</strong></span> <span class='ocrx_word' id='word_1_33' title='bbox 1427 417 1793 476; x_wconf 87' lang='lat' dir='ltr'><strong>existentiam</strong></span> <span class='ocrx_word' id='word_1_34' title='bbox 1825 418 1933 500; x_wconf 92' lang='lat'>(1).</span> <span class='ocrx_word' id='word_1_35' title='bbox 1963 421 2107 477; x_wconf 89' lang='lat' dir='ltr'><strong>Nam</strong></span> <span class='ocrx_word' id='word_1_36' title='bbox 2129 440 2236 500; x_wconf 92' lang='lat' dir='ltr'><strong>pro</strong></span> 
     </span>
     <span class='ocr_line' id='line_1_5' title="bbox 141 511 2233 594; baseline 0 -24"><span class='ocrx_word' id='word_1_37' title='bbox 141 523 296 570; x_wconf 89' lang='lat' dir='ltr'><strong>certo</strong></span> <span class='ocrx_word' id='word_1_38' title='bbox 321 523 622 569; x_wconf 90' lang='lat' dir='ltr'><strong>assumunt</strong></span> <span class='ocrx_word' id='word_1_39' title='bbox 643 557 656 584; x_wconf 87' lang='lat'><strong>.,</strong></span> <span class='ocrx_word' id='word_1_40' title='bbox 684 533 1058 594; x_wconf 81' lang='lat' dir='ltr'><strong>quaecumque</strong></span> <span class='ocrx_word' id='word_1_41' title='bbox 1078 512 1150 571; x_wconf 90' lang='lat' dir='ltr'><strong>ad</strong></span> <span class='ocrx_word' id='word_1_42' title='bbox 1173 511 1347 570; x_wconf 89' lang='lat' dir='ltr'><strong>fidem</strong></span> <span class='ocrx_word' id='word_1_43' title='bbox 1371 532 1435 570; x_wconf 91' lang='lat' dir='ltr'><strong>ac</strong></span> <span class='ocrx_word' id='word_1_44' title='bbox 1457 511 1702 570; x_wconf 91' lang='lat' dir='ltr'><strong>salutem</strong></span> <span class='ocrx_word' id='word_1_45' title='bbox 1725 515 2037 571; x_wconf 89' lang='lat' dir='ltr'><strong>necessaria</strong></span> <span class='ocrx_word' id='word_1_46' title='bbox 2062 524 2198 572; x_wconf 89' lang='lat' dir='ltr'><strong>sunt</strong></span> <span class='ocrx_word' id='word_1_47' title='bbox 2217 560 2233 589; x_wconf 81' lang='lat'><strong>.,</strong></span> 
     </span>
     <span class='ocr_line' id='line_1_6' title="bbox 141 606 2237 688; baseline 0.001 -24"><span class='ocrx_word' id='word_1_48' title='bbox 141 606 312 665; x_wconf 85' lang='lat' dir='ltr'><strong>sacris</strong></span> <span class='ocrx_word' id='word_1_49' title='bbox 354 606 523 664; x_wconf 90' lang='lat' dir='ltr'><strong>fuisse</strong></span> <span class='ocrx_word' id='word_1_50' title='bbox 561 606 787 665; x_wconf 87' lang='lat' dir='ltr'><strong>Litteris</strong></span> <span class='ocrx_word' id='word_1_51' title='bbox 829 607 1191 686; x_wconf 84' lang='lat' dir='ltr'><strong>consignata;</strong></span> <span class='ocrx_word' id='word_1_52' title='bbox 1231 617 1416 665; x_wconf 85' lang='lat' dir='ltr'><strong>cetera</strong></span> <span class='ocrx_word' id='word_1_53' title='bbox 1461 626 1637 678; x_wconf 71' lang='lat' dir='ltr'><strong>vero7</strong></span> <span class='ocrx_word' id='word_1_54' title='bbox 1677 627 1805 686; x_wconf 80' lang='lat' dir='ltr'><strong>quae</strong></span> <span class='ocrx_word' id='word_1_55' title='bbox 1835 608 2044 688; x_wconf 89' lang='lat' dir='ltr'><strong>scripta</strong></span> <span class='ocrx_word' id='word_1_56' title='bbox 2079 607 2237 667; x_wconf 85' lang='lat' dir='ltr'><strong>haud</strong></span> 
     </span>
     <span class='ocr_line' id='line_1_7' title="bbox 142 700 1401 783; baseline 0.001 -25"><span class='ocrx_word' id='word_1_57' title='bbox 142 711 279 759; x_wconf 90' lang='lat' dir='ltr'><strong>sunt</strong></span> <span class='ocrx_word' id='word_1_58' title='bbox 297 744 312 771; x_wconf 61' lang='lat'><strong>.,</strong></span> <span class='ocrx_word' id='word_1_59' title='bbox 344 700 526 761; x_wconf 89' lang='lat' dir='ltr'><strong>veluti</strong></span> <span class='ocrx_word' id='word_1_60' title='bbox 553 700 863 781; x_wconf 82' lang='lat' dir='ltr'><strong>adiaphora</strong></span> <span class='ocrx_word' id='word_1_61' title='bbox 885 702 1089 762; x_wconf 89' lang='lat' dir='ltr'><strong>saltem</strong></span> <span class='ocrx_word' id='word_1_62' title='bbox 1118 712 1401 783; x_wconf 83' lang='lat' dir='ltr'><strong>spectant.</strong></span> 
     </span>
    </p>

    <p class='ocr_par' dir='ltr' id='par_1_3' title="bbox 130 795 2240 2553">
     <span class='ocr_line' id='line_1_8' title="bbox 221 795 2231 878; baseline 0.001 -24"><span class='ocrx_word' id='word_1_63' title='bbox 221 795 357 854; x_wconf 82' lang='lat'><strong>337.</strong></span> <span class='ocrx_word' id='word_1_64' title='bbox 403 796 737 876; x_wconf 85' lang='lat' dir='ltr'><strong>Priusquam</strong></span> <span class='ocrx_word' id='word_1_65' title='bbox 761 796 999 855; x_wconf 86' lang='lat' dir='ltr'><strong>ulterius</strong></span> <span class='ocrx_word' id='word_1_66' title='bbox 1024 797 1460 878; x_wconf 80' lang='lat' dir='ltr'><strong>progrediamur</strong></span> <span class='ocrx_word' id='word_1_67' title='bbox 1478 841 1493 871; x_wconf 78' lang='grc'><em>,</em></span> <span class='ocrx_word' id='word_1_68' title='bbox 1534 797 1887 878; x_wconf 84' lang='lat' dir='ltr'><strong>praemittere</strong></span> <span class='ocrx_word' id='word_1_69' title='bbox 1915 798 2195 858; x_wconf 88' lang='lat' dir='ltr'><strong>debemus</strong></span> <span class='ocrx_word' id='word_1_70' title='bbox 2215 846 2231 872; x_wconf 74' lang='grc'><em>,</em></span> 
     </span>
     <span class='ocr_line' id='line_1_9' title="bbox 140 888 2235 971; baseline 0.003 -24"><span class='ocrx_word' id='word_1_71' title='bbox 140 889 549 948; x_wconf 89' lang='lat' dir='ltr'><strong>secernendam</strong></span> <span class='ocrx_word' id='word_1_72' title='bbox 588 888 787 948; x_wconf 91' lang='lat' dir='ltr'><strong>sedulo</strong></span> <span class='ocrx_word' id='word_1_73' title='bbox 826 911 947 949; x_wconf 89' lang='lat' dir='ltr'><strong>esse</strong></span> <span class='ocrx_word' id='word_1_74' title='bbox 988 893 1368 949; x_wconf 78' lang='lat' dir='ltr'><strong>traditionem</strong></span> <span class='ocrx_word' id='word_1_75' title='bbox 1406 913 1438 949; x_wconf 92' lang='lat' dir='ltr'><strong>a</strong></span> <span class='ocrx_word' id='word_1_76' title='bbox 1477 893 1725 963; x_wconf 77' lang='lat' dir='ltr'><strong>mediis,</strong></span> <span class='ocrx_word' id='word_1_77' title='bbox 1763 891 1968 971; x_wconf 87' lang='lat' dir='ltr'><strong>quibus</strong></span> <span class='ocrx_word' id='word_1_78' title='bbox 2003 894 2235 953; x_wconf 89' lang='lat' dir='ltr'><strong>traditio</strong></span> 
     </span>
     <span class='ocr_line' id='line_1_10' title="bbox 139 983 2237 1072; baseline 0.004 -31"><span class='ocrx_word' id='word_1_79' title='bbox 139 984 235 1042; x_wconf 88' lang='lat' dir='ltr'><strong>illa</strong></span> <span class='ocrx_word' id='word_1_80' title='bbox 258 986 532 1066; x_wconf 85' lang='lat' dir='ltr'><strong>primaeva</strong></span> <span class='ocrx_word' id='word_1_81' title='bbox 558 983 874 1066; x_wconf 85' lang='lat' dir='ltr'><strong>dogmatica</strong></span> <span class='ocrx_word' id='word_1_82' title='bbox 911 995 969 1044; x_wconf 89' lang='lat' dir='ltr'><strong>et</strong></span> <span class='ocrx_word' id='word_1_83' title='bbox 997 983 1192 1044; x_wconf 90' lang='lat' dir='ltr'><strong>divina</strong></span> <span class='ocrx_word' id='word_1_84' title='bbox 1219 985 1295 1044; x_wconf 88' lang='lat' dir='ltr'><strong>ad</strong></span> <span class='ocrx_word' id='word_1_85' title='bbox 1329 1007 1434 1043; x_wconf 89' lang='lat' dir='ltr'><strong>nos</strong></span> <span class='ocrx_word' id='word_1_86' title='bbox 1470 1006 1652 1066; x_wconf 88' lang='lat' dir='ltr'><strong>usque</strong></span> <span class='ocrx_word' id='word_1_87' title='bbox 1679 988 1948 1066; x_wconf 89' lang='lat' dir='ltr'><strong>pervenit</strong></span> <span class='ocrx_word' id='word_1_88' title='bbox 1966 1033 1981 1062; x_wconf 67' lang='grc'><em>,</em></span> <span class='ocrx_word' id='word_1_89' title='bbox 2008 1001 2066 1048; x_wconf 87' lang='lat' dir='ltr'><strong>et</strong></span> <span class='ocrx_word' id='word_1_90' title='bbox 2099 1012 2237 1072; x_wconf 80' lang='lat' dir='ltr'><strong>quo-</strong></span> 
     </span>
     <span class='ocr_line' id='line_1_11' title="bbox 139 1079 2234 1161; baseline 0.003 -24"><span class='ocrx_word' id='word_1_91' title='bbox 139 1100 269 1137; x_wconf 89' lang='lat' dir='ltr'><strong>rum</strong></span> <span class='ocrx_word' id='word_1_92' title='bbox 315 1101 422 1161; x_wconf 90' lang='lat' dir='ltr'><strong>ope</strong></span> <span class='ocrx_word' id='word_1_93' title='bbox 475 1100 602 1138; x_wconf 87' lang='lat' dir='ltr'><strong>eam</strong></span> <span class='ocrx_word' id='word_1_94' title='bbox 658 1079 1067 1157; x_wconf 81' lang='lat' dir='ltr'><strong>cognoscimus.</strong></span> <span class='ocrx_word' id='word_1_95' title='bbox 1121 1080 1299 1136; x_wconf 87' lang='lat' dir='ltr'><strong>Prout</strong></span> <span class='ocrx_word' id='word_1_96' title='bbox 1347 1079 1503 1137; x_wconf 91' lang='lat' dir='ltr'><strong>enim</strong></span> <span class='ocrx_word' id='word_1_97' title='bbox 1551 1079 1877 1138; x_wconf 86' lang='lat' dir='ltr'><strong>traditionis</strong></span> <span class='ocrx_word' id='word_1_98' title='bbox 1932 1085 2234 1144; x_wconf 80' lang='lat' dir='ltr'><strong>existentia</strong></span> 
     </span>
     <span class='ocr_line' id='line_1_12' title="bbox 140 1171 2235 1252; baseline 0.004 -20"><span class='ocrx_word' id='word_1_99' title='bbox 140 1173 442 1232; x_wconf 87' lang='lat' dir='ltr'><strong>articulum</strong></span> <span class='ocrx_word' id='word_1_100' title='bbox 489 1173 623 1232; x_wconf 86' lang='lat' dir='ltr'><strong>fidei</strong></span> <span class='ocrx_word' id='word_1_101' title='bbox 659 1173 955 1231; x_wconf 89' lang='lat' dir='ltr'><strong>constituit</strong></span> <span class='ocrx_word' id='word_1_102' title='bbox 981 1218 996 1246; x_wconf 69' lang='grc'><em>,</em></span> <span class='ocrx_word' id='word_1_103' title='bbox 1047 1193 1118 1231; x_wconf 90' lang='lat' dir='ltr'><strong>ex</strong></span> <span class='ocrx_word' id='word_1_104' title='bbox 1159 1171 1277 1231; x_wconf 90' lang='lat' dir='ltr'><strong>sola</strong></span> <span class='ocrx_word' id='word_1_105' title='bbox 1323 1173 1585 1232; x_wconf 65' lang='lat' dir='ltr'><strong>Ecclesiae</strong></span> <span class='ocrx_word' id='word_1_106' title='bbox 1621 1176 1993 1252; x_wconf 85' lang='lat' dir='ltr'><strong>auctoritate,</strong></span> <span class='ocrx_word' id='word_1_107' title='bbox 2031 1180 2116 1236; x_wconf 90' lang='lat' dir='ltr'><strong>uti</strong></span> <span class='ocrx_word' id='word_1_108' title='bbox 2162 1179 2235 1240; x_wconf 89' lang='lat' dir='ltr'><strong>de</strong></span> 
     </span>
     <span class='ocr_line' id='line_1_13' title="bbox 138 1261 2235 1352; baseline 0.003 -26"><span class='ocrx_word' id='word_1_109' title='bbox 138 1268 441 1347; x_wconf 89' lang='lat' dir='ltr'><strong>Scripturis</strong></span> <span class='ocrx_word' id='word_1_110' title='bbox 483 1266 732 1324; x_wconf 82' lang='lat' dir='ltr'><strong>diximus</strong></span> <span class='ocrx_word' id='word_1_111' title='bbox 760 1311 776 1340; x_wconf 78' lang='lat'><strong>‚</strong></span> <span class='ocrx_word' id='word_1_112' title='bbox 828 1266 1047 1348; x_wconf 89' lang='lat' dir='ltr'><strong>pendet</strong></span> <span class='ocrx_word' id='word_1_113' title='bbox 1074 1311 1090 1341; x_wconf 83' lang='lat'>‚</span> <span class='ocrx_word' id='word_1_114' title='bbox 1135 1289 1263 1348; x_wconf 85' lang='lat' dir='ltr'><strong>quae</strong></span> <span class='ocrx_word' id='word_1_115' title='bbox 1319 1261 1610 1346; x_wconf 88' lang='lat' dir='ltr'><strong>integrum</strong></span> <span class='ocrx_word' id='word_1_116' title='bbox 1650 1268 1782 1328; x_wconf 84' lang='lat' dir='ltr'><strong>fidei</strong></span> <span class='ocrx_word' id='word_1_117' title='bbox 1825 1270 2154 1352; x_wconf 85' lang='lat' dir='ltr'><strong>depositum</strong></span> <span class='ocrx_word' id='word_1_118' title='bbox 2203 1296 2235 1332; x_wconf 93' lang='lat' dir='ltr'><strong>a</strong></span> 
     </span>
     <span class='ocr_line' id='line_1_14' title="bbox 139 1360 2238 1447; baseline 0.004 -29"><span class='ocrx_word' id='word_1_119' title='bbox 139 1360 363 1419; x_wconf 88' lang='lat' dir='ltr'><strong>Christo</strong></span> <span class='ocrx_word' id='word_1_120' title='bbox 403 1361 653 1442; x_wconf 78' lang='lat' dir='ltr'><strong>accepit3</strong></span> <span class='ocrx_word' id='word_1_121' title='bbox 699 1365 934 1441; x_wconf 87' lang='lat' dir='ltr'><strong>ejusque</strong></span> <span class='ocrx_word' id='word_1_122' title='bbox 976 1362 1303 1420; x_wconf 84' lang='lat' dir='ltr'><strong>auctoritati</strong></span> <span class='ocrx_word' id='word_1_123' title='bbox 1337 1361 1500 1423; x_wconf 89' lang='lat' dir='ltr'><strong>velut</strong></span> <span class='ocrx_word' id='word_1_124' title='bbox 1540 1363 1749 1444; x_wconf 85' lang='lat' dir='ltr'><strong>regulae</strong></span> <span class='ocrx_word' id='word_1_125' title='bbox 1786 1365 1922 1424; x_wconf 91' lang='lat' dir='ltr'><strong>fidei</strong></span> <span class='ocrx_word' id='word_1_126' title='bbox 1961 1368 2238 1447; x_wconf 80' lang='lat' dir='ltr'><strong>proximae</strong></span> 
     </span>
     <span class='ocr_line' id='line_1_15' title="bbox 136 1453 2237 1542; baseline 0.005 -30"><span class='ocrx_word' id='word_1_127' title='bbox 136 1455 471 1529; x_wconf 57' lang='lat' dir='ltr'><strong>innitimur2</strong></span> <span class='ocrx_word' id='word_1_128' title='bbox 498 1453 636 1513; x_wconf 90' lang='lat' dir='ltr'><strong>dum</strong></span> <span class='ocrx_word' id='word_1_129' title='bbox 661 1466 719 1514; x_wconf 90' lang='lat' dir='ltr'><strong>et</strong></span> <span class='ocrx_word' id='word_1_130' title='bbox 739 1454 895 1514; x_wconf 89' lang='lat' dir='ltr'><strong>hunc</strong></span> <span class='ocrx_word' id='word_1_131' title='bbox 918 1456 1226 1515; x_wconf 90' lang='lat' dir='ltr'><strong>articulum</strong></span> <span class='ocrx_word' id='word_1_132' title='bbox 1250 1459 1621 1538; x_wconf 82' lang='lat' dir='ltr'><strong>profitemur3</strong></span> <span class='ocrx_word' id='word_1_133' title='bbox 1652 1480 1716 1518; x_wconf 92' lang='lat' dir='ltr'><strong>ac</strong></span> <span class='ocrx_word' id='word_1_134' title='bbox 1739 1459 2009 1542; x_wconf 88' lang='lat' dir='ltr'><strong>deinceps</strong></span> <span class='ocrx_word' id='word_1_135' title='bbox 2032 1461 2237 1522; x_wconf 85' lang='lat' dir='ltr'><strong>eadem</strong></span> 
     </span>
     <span class='ocr_line' id='line_1_16' title="bbox 135 1549 2235 1638; baseline 0.004 -31"><span class='ocrx_word' id='word_1_136' title='bbox 135 1549 446 1608; x_wconf 84' lang='lat' dir='ltr'><strong>traditione</strong></span> <span class='ocrx_word' id='word_1_137' title='bbox 481 1550 700 1607; x_wconf 90' lang='lat' dir='ltr'><strong>utimur</strong></span> <span class='ocrx_word' id='word_1_138' title='bbox 740 1550 824 1607; x_wconf 89' lang='lat' dir='ltr'><strong>uti</strong></span> <span class='ocrx_word' id='word_1_139' title='bbox 864 1550 1001 1610; x_wconf 90' lang='lat' dir='ltr'><strong>fidei</strong></span> <span class='ocrx_word' id='word_1_140' title='bbox 1035 1551 1228 1630; x_wconf 86' lang='lat' dir='ltr'><strong>regula</strong></span> <span class='ocrx_word' id='word_1_141' title='bbox 1271 1564 1494 1613; x_wconf 87' lang='lat' dir='ltr'><strong>remota</strong></span> <span class='ocrx_word' id='word_1_142' title='bbox 1532 1574 1596 1612; x_wconf 89' lang='lat' dir='ltr'><strong>ac</strong></span> <span class='ocrx_word' id='word_1_143' title='bbox 1633 1554 1867 1636; x_wconf 89' lang='lat' dir='ltr'><strong>partiali</strong></span> <span class='ocrx_word' id='word_1_144' title='bbox 1902 1555 1982 1613; x_wconf 88' lang='lat' dir='ltr'><strong>ad</strong></span> <span class='ocrx_word' id='word_1_145' title='bbox 2016 1556 2235 1638; x_wconf 88' lang='lat' dir='ltr'><strong>reliqua</strong></span> 
     </span>
     <span class='ocr_line' id='line_1_17' title="bbox 135 1643 2238 1733; baseline 0.004 -31"><span class='ocrx_word' id='word_1_146' title='bbox 135 1643 400 1723; x_wconf 83' lang='lat' dir='ltr'><strong>dogmata</strong></span> <span class='ocrx_word' id='word_1_147' title='bbox 423 1643 722 1726; x_wconf 90' lang='lat' dir='ltr'><strong>probanda</strong></span> <span class='ocrx_word' id='word_1_148' title='bbox 740 1689 756 1719; x_wconf 62' lang='lat'>7</span> <span class='ocrx_word' id='word_1_149' title='bbox 785 1666 914 1725; x_wconf 85' lang='lat' dir='ltr'><strong>quae</strong></span> <span class='ocrx_word' id='word_1_150' title='bbox 941 1667 1047 1725; x_wconf 88' lang='lat' dir='ltr'><strong>per</strong></span> <span class='ocrx_word' id='word_1_151' title='bbox 1071 1667 1199 1705; x_wconf 90' lang='lat' dir='ltr'><strong>eam</strong></span> <span class='ocrx_word' id='word_1_152' title='bbox 1234 1648 1574 1728; x_wconf 76' lang='lat' dir='ltr'><strong>accepimus,</strong></span> <span class='ocrx_word' id='word_1_153' title='bbox 1595 1651 1774 1708; x_wconf 88' lang='lat' dir='ltr'><strong>Prout</strong></span> <span class='ocrx_word' id='word_1_154' title='bbox 1793 1651 1966 1729; x_wconf 84' lang='lat' dir='ltr'><strong>igitur</strong></span> <span class='ocrx_word' id='word_1_155' title='bbox 1988 1651 2238 1733; x_wconf 81' lang='lat' dir='ltr'><strong>theologi</strong></span> 
     </span>
     <span class='ocr_line' id='line_1_18' title="bbox 136 1740 2236 1822; baseline 0.005 -27"><span class='ocrx_word' id='word_1_156' title='bbox 136 1760 346 1796; x_wconf 87' lang='lat' dir='ltr'><strong>munus</strong></span> <span class='ocrx_word' id='word_1_157' title='bbox 397 1759 461 1796; x_wconf 91' lang='lat' dir='ltr'><strong>ac</strong></span> <span class='ocrx_word' id='word_1_158' title='bbox 500 1750 693 1819; x_wconf 88' lang='lat' dir='ltr'><strong>partes</strong></span> <span class='ocrx_word' id='word_1_159' title='bbox 733 1740 1121 1814; x_wconf 72' lang='lat' dir='ltr'><strong>sustinemUS‚</strong></span> <span class='ocrx_word' id='word_1_160' title='bbox 1161 1743 1573 1821; x_wconf 83' lang='lat' dir='ltr'><strong>investigamus</strong></span> <span class='ocrx_word' id='word_1_161' title='bbox 1614 1754 1672 1801; x_wconf 87' lang='lat' dir='ltr'><strong>et</strong></span> <span class='ocrx_word' id='word_1_162' title='bbox 1712 1745 1774 1801; x_wconf 91' lang='lat' dir='ltr'><strong>in</strong></span> <span class='ocrx_word' id='word_1_163' title='bbox 1816 1744 2236 1822; x_wconf 80' lang='lat' dir='ltr'><strong>fundamenta,</strong></span> 
     </span>
     <span class='ocr_line' id='line_1_19' title="bbox 137 1831 2239 1915; baseline 0.006 -26"><span class='ocrx_word' id='word_1_164' title='bbox 137 1831 342 1914; x_wconf 89' lang='lat' dir='ltr'><strong>quibus</strong></span> <span class='ocrx_word' id='word_1_165' title='bbox 368 1833 569 1892; x_wconf 87' lang='lat' dir='ltr'><strong>innixa</strong></span> <span class='ocrx_word' id='word_1_166' title='bbox 609 1831 851 1892; x_wconf 87' lang='lat' dir='ltr'><strong>Ecclesia</strong></span> <span class='ocrx_word' id='word_1_167' title='bbox 891 1834 1151 1894; x_wconf 87' lang='lat' dir='ltr'><strong>decernit</strong></span> <span class='ocrx_word' id='word_1_168' title='bbox 1190 1835 1579 1896; x_wconf 87' lang='lat' dir='ltr'><strong>admittendas</strong></span> <span class='ocrx_word' id='word_1_169' title='bbox 1614 1837 1951 1898; x_wconf 84' lang='lat' dir='ltr'><strong>traditiones</strong></span> <span class='ocrx_word' id='word_1_170' title='bbox 1988 1861 2144 1915; x_wconf 71' lang='lat' dir='ltr'><strong>esse,</strong></span> <span class='ocrx_word' id='word_1_171' title='bbox 2180 1853 2239 1901; x_wconf 74' lang='lat' dir='ltr'><strong>et</strong></span> 
     </span>
     <span class='ocr_line' id='line_1_20' title="bbox 131 1927 2240 2017; baseline 0.004 -31"><span class='ocrx_word' id='word_1_172' title='bbox 131 1928 191 1986; x_wconf 93' lang='lat' dir='ltr'><strong>in</strong></span> <span class='ocrx_word' id='word_1_173' title='bbox 221 1927 406 2011; x_wconf 80' lang='lat' dir='ltr'><strong>media</strong></span> <span class='ocrx_word' id='word_1_174' title='bbox 429 1972 444 2002; x_wconf 74' lang='grc'><em>,</em></span> <span class='ocrx_word' id='word_1_175' title='bbox 470 1949 574 2009; x_wconf 88' lang='lat' dir='ltr'><strong>per</strong></span> <span class='ocrx_word' id='word_1_176' title='bbox 600 1949 727 2009; x_wconf 84' lang='lat' dir='ltr'><strong>quae</strong></span> <span class='ocrx_word' id='word_1_177' title='bbox 755 1928 1094 1989; x_wconf 85' lang='lat' dir='ltr'><strong>traditiones</strong></span> <span class='ocrx_word' id='word_1_178' title='bbox 1115 1976 1130 2004; x_wconf 78' lang='grc'><em>,</em></span> <span class='ocrx_word' id='word_1_179' title='bbox 1166 1930 1237 1990; x_wconf 90' lang='lat' dir='ltr'><strong>de</strong></span> <span class='ocrx_word' id='word_1_180' title='bbox 1268 1931 1475 2012; x_wconf 89' lang='lat' dir='ltr'><strong>quibus</strong></span> <span class='ocrx_word' id='word_1_181' title='bbox 1507 1931 1839 2013; x_wconf 70' lang='lat' dir='ltr'><strong>loquimur,r</strong></span> <span class='ocrx_word' id='word_1_182' title='bbox 1860 1933 1934 1991; x_wconf 84' lang='lat' dir='ltr'><strong>ad</strong></span> <span class='ocrx_word' id='word_1_183' title='bbox 1969 1957 2075 1994; x_wconf 90' lang='lat' dir='ltr'><strong>nos</strong></span> <span class='ocrx_word' id='word_1_184' title='bbox 2098 1958 2240 2017; x_wconf 82' lang='lat' dir='ltr'><strong>pro-</strong></span> 
     </span>
     <span class='ocr_line' id='line_1_21' title="bbox 130 2021 2239 2106; baseline 0.004 -26"><span class='ocrx_word' id='word_1_185' title='bbox 130 2021 423 2106; x_wconf 89' lang='lat' dir='ltr'><strong>fluxerunt</strong></span> <span class='ocrx_word' id='word_1_186' title='bbox 447 2068 462 2096; x_wconf 81' lang='lat'><strong>.,</strong></span> <span class='ocrx_word' id='word_1_187' title='bbox 494 2022 816 2105; x_wconf 90' lang='lat' dir='ltr'><strong>quibusque</strong></span> <span class='ocrx_word' id='word_1_188' title='bbox 858 2024 1025 2084; x_wconf 90' lang='lat' dir='ltr'><strong>nobis</strong></span> <span class='ocrx_word' id='word_1_189' title='bbox 1061 2026 1478 2101; x_wconf 71' lang='lat' dir='ltr'><strong>innotuerunt,</strong></span> <span class='ocrx_word' id='word_1_190' title='bbox 1521 2039 1587 2086; x_wconf 89' lang='lat' dir='ltr'><strong>ut</strong></span> <span class='ocrx_word' id='word_1_191' title='bbox 1613 2050 1706 2086; x_wconf 89' lang='lat' dir='ltr'><strong>eas</strong></span> <span class='ocrx_word' id='word_1_192' title='bbox 1743 2027 2110 2090; x_wconf 84' lang='lat' dir='ltr'><strong>adstruamus</strong></span> <span class='ocrx_word' id='word_1_193' title='bbox 2141 2030 2239 2090; x_wconf 88' lang='lat' dir='ltr'><strong>ad·</strong></span> 
     </span>
     <span class='ocr_line' id='line_1_22' title="bbox 132 2118 2236 2203; baseline 0.005 -30"><span class='ocrx_word' id='word_1_194' title='bbox 132 2137 328 2174; x_wconf 88' lang='lat' dir='ltr'><strong>versus</strong></span> <span class='ocrx_word' id='word_1_195' title='bbox 354 2118 814 2177; x_wconf 74' lang='lat' dir='ltr'><strong>ProtestanteS...</strong></span> <span class='ocrx_word' id='word_1_196' title='bbox 856 2120 1255 2201; x_wconf 89' lang='lat' dir='ltr'><strong>Comperimus</strong></span> <span class='ocrx_word' id='word_1_197' title='bbox 1288 2133 1483 2180; x_wconf 89' lang='lat' dir='ltr'><strong>autem</strong></span> <span class='ocrx_word' id='word_1_198' title='bbox 1502 2167 1518 2196; x_wconf 69' lang='lat'>,</span> <span class='ocrx_word' id='word_1_199' title='bbox 1546 2121 1712 2203; x_wconf 89' lang='lat' dir='ltr'><strong>plura</strong></span> <span class='ocrx_word' id='word_1_200' title='bbox 1736 2122 1858 2181; x_wconf 81' lang='lat' dir='ltr'><strong>haec</strong></span> <span class='ocrx_word' id='word_1_201' title='bbox 1885 2124 2057 2184; x_wconf 90' lang='lat' dir='ltr'><strong>fuisse</strong></span> <span class='ocrx_word' id='word_1_202' title='bbox 2075 2171 2091 2199; x_wconf 63' lang='lat'>7</span> <span class='ocrx_word' id='word_1_203' title='bbox 2118 2126 2236 2185; x_wconf 91' lang='lat' dir='ltr'><strong>imo</strong></span> 
     </span>
     <span class='ocr_line' id='line_1_23' title="bbox 134 2203 2237 2297; baseline 0.004 -28"><span class='ocrx_word' id='word_1_204' title='bbox 134 2221 192 2269; x_wconf 91' lang='lat' dir='ltr'><strong>et</strong></span> <span class='ocrx_word' id='word_1_205' title='bbox 219 2231 337 2269; x_wconf 87' lang='lat' dir='ltr'><strong>esse</strong></span> <span class='ocrx_word' id='word_1_206' title='bbox 368 2211 489 2268; x_wconf 90' lang='lat' dir='ltr'><strong>sive</strong></span> <span class='ocrx_word' id='word_1_207' title='bbox 519 2203 805 2289; x_wconf 75' lang='lat' dir='ltr'><strong>generalia</strong></span> <span class='ocrx_word' id='word_1_208' title='bbox 843 2214 964 2273; x_wconf 92' lang='lat' dir='ltr'><strong>sive</strong></span> <span class='ocrx_word' id='word_1_209' title='bbox 991 2214 1385 2294; x_wconf 86' lang='lat' dir='ltr'><strong>particularia,</strong></span> <span class='ocrx_word' id='word_1_210' title='bbox 1421 2238 1548 2296; x_wconf 83' lang='lat' dir='ltr'><strong>quae</strong></span> <span class='ocrx_word' id='word_1_211' title='bbox 1571 2216 1843 2297; x_wconf 90' lang='lat' dir='ltr'><strong>deinceps</strong></span> <span class='ocrx_word' id='word_1_212' title='bbox 1867 2219 2237 2278; x_wconf 88' lang='lat' dir='ltr'><strong>enumerabi-</strong></span> 
     </span>
     <span class='ocr_line' id='line_1_24' title="bbox 131 2304 2236 2390; baseline 0.005 -27"><span class='ocrx_word' id='word_1_213' title='bbox 131 2326 280 2364; x_wconf 79' lang='lat' dir='ltr'><strong>mus,</strong></span> <span class='ocrx_word' id='word_1_214' title='bbox 313 2306 393 2365; x_wconf 92' lang='lat' dir='ltr'><strong>Ex</strong></span> <span class='ocrx_word' id='word_1_215' title='bbox 425 2304 514 2363; x_wconf 88' lang='lat' dir='ltr'><strong>his</strong></span> <span class='ocrx_word' id='word_1_216' title='bbox 541 2308 696 2364; x_wconf 90' lang='lat' dir='ltr'><strong>enim</strong></span> <span class='ocrx_word' id='word_1_217' title='bbox 728 2307 929 2365; x_wconf 89' lang='lat' dir='ltr'><strong>mediis</strong></span> <span class='ocrx_word' id='word_1_218' title='bbox 969 2329 1071 2366; x_wconf 90' lang='lat' dir='ltr'><strong>ceu</strong></span> <span class='ocrx_word' id='word_1_219' title='bbox 1103 2309 1350 2368; x_wconf 90' lang='lat' dir='ltr'><strong>totidem</strong></span> <span class='ocrx_word' id='word_1_220' title='bbox 1382 2311 1543 2390; x_wconf 88' lang='lat' dir='ltr'><strong>quasi</strong></span> <span class='ocrx_word' id='word_1_221' title='bbox 1571 2310 1864 2369; x_wconf 89' lang='lat' dir='ltr'><strong>canalibus</strong></span> <span class='ocrx_word' id='word_1_222' title='bbox 1905 2323 2005 2371; x_wconf 89' lang='lat' dir='ltr'><strong>aut</strong></span> <span class='ocrx_word' id='word_1_223' title='bbox 2035 2313 2236 2373; x_wconf 89' lang='lat' dir='ltr'><strong>rivulis</strong></span> 
     </span>
     <span class='ocr_line' id='line_1_25' title="bbox 130 2398 2234 2483; baseline 0.005 -26"><span class='ocrx_word' id='word_1_224' title='bbox 130 2420 334 2480; x_wconf 88' lang='lat' dir='ltr'><strong>aquam</strong></span> <span class='ocrx_word' id='word_1_225' title='bbox 358 2445 373 2473; x_wconf 72' lang='lat'>‚</span> <span class='ocrx_word' id='word_1_226' title='bbox 399 2411 463 2458; x_wconf 91' lang='lat' dir='ltr'><strong>ut</strong></span> <span class='ocrx_word' id='word_1_227' title='bbox 489 2400 568 2458; x_wconf 90' lang='lat' dir='ltr'><strong>ita</strong></span> <span class='ocrx_word' id='word_1_228' title='bbox 599 2398 934 2481; x_wconf 69' lang='lat' dir='ltr'><strong>loquamur,</strong></span> <span class='ocrx_word' id='word_1_229' title='bbox 960 2403 1250 2483; x_wconf 79' lang='lat' dir='ltr'><strong>primaevae</strong></span> <span class='ocrx_word' id='word_1_230' title='bbox 1278 2404 1602 2463; x_wconf 83' lang='lat' dir='ltr'><strong>traditionis</strong></span> <span class='ocrx_word' id='word_1_231' title='bbox 1620 2404 1833 2465; x_wconf 82' lang='lat' dir='ltr'><strong>divinae</strong></span> <span class='ocrx_word' id='word_1_232' title='bbox 1858 2405 2154 2466; x_wconf 89' lang='lat' dir='ltr'><strong>haurimus</strong></span> <span class='ocrx_word' id='word_1_233' title='bbox 2169 2429 2234 2467; x_wconf 89' lang='lat' dir='ltr'><strong>ac</strong></span> 
     </span>
     <span class='ocr_line' id='line_1_26' title="bbox 133 2488 853 2553; baseline 0.003 -1"><span class='ocrx_word' id='word_1_234' title='bbox 133 2493 483 2553; x_wconf 77' lang='lat' dir='ltr'><strong>derivamus,</strong></span> <span class='ocrx_word' id='word_1_235' title='bbox 849 2488 853 2490; x_wconf 40' lang='grc'><strong><em>’</em></strong></span> 
     </span>
    </p>

    <p class='ocr_par' dir='ltr' id='par_1_4' title="bbox 130 2588 2240 2866">
     <span class='ocr_line' id='line_1_27' title="bbox 212 2588 2238 2678; baseline 0.005 -31"><span class='ocrx_word' id='word_1_236' title='bbox 212 2588 350 2647; x_wconf 86' lang='grc'><strong>338.</strong></span> <span class='ocrx_word' id='word_1_237' title='bbox 401 2591 536 2650; x_wconf 84' lang='lat' dir='ltr'><strong>Haec</strong></span> <span class='ocrx_word' id='word_1_238' title='bbox 570 2603 874 2673; x_wconf 88' lang='lat' dir='ltr'><strong>propterea</strong></span> <span class='ocrx_word' id='word_1_239' title='bbox 914 2592 1225 2651; x_wconf 87' lang='lat' dir='ltr'><strong>methodus</strong></span> <span class='ocrx_word' id='word_1_240' title='bbox 1261 2594 1403 2667; x_wconf 72' lang='lat' dir='ltr'><strong>erit,</strong></span> <span class='ocrx_word' id='word_1_241' title='bbox 1447 2616 1622 2675; x_wconf 89' lang='lat' dir='ltr'><strong>quam</strong></span> <span class='ocrx_word' id='word_1_242' title='bbox 1674 2595 1780 2655; x_wconf 92' lang='lat' dir='ltr'><strong>hac</strong></span> <span class='ocrx_word' id='word_1_243' title='bbox 1820 2597 1883 2654; x_wconf 90' lang='lat' dir='ltr'><strong>in</strong></span> <span class='ocrx_word' id='word_1_244' title='bbox 1924 2598 2238 2678; x_wconf 84' lang='lat' dir='ltr'><strong>quaestione</strong></span> 
     </span>
     <span class='ocr_line' id='line_1_28' title="bbox 130 2681 2235 2767; baseline 0.005 -27"><span class='ocrx_word' id='word_1_245' title='bbox 130 2681 618 2758; x_wconf 73' lang='lat' dir='ltr'><strong>consectabimur‚</strong></span> <span class='ocrx_word' id='word_1_246' title='bbox 655 2697 722 2744; x_wconf 92' lang='lat' dir='ltr'><strong>ut</strong></span> <span class='ocrx_word' id='word_1_247' title='bbox 752 2687 910 2767; x_wconf 88' lang='lat' dir='ltr'><strong>prius</strong></span> <span class='ocrx_word' id='word_1_248' title='bbox 954 2686 1312 2746; x_wconf 88' lang='lat' dir='ltr'><strong>vindicemus</strong></span> <span class='ocrx_word' id='word_1_249' title='bbox 1343 2689 1744 2748; x_wconf 87' lang='lat' dir='ltr'><strong>necessitatem</strong></span> <span class='ocrx_word' id='word_1_250' title='bbox 1781 2701 1840 2748; x_wconf 92' lang='lat' dir='ltr'><strong>et</strong></span> <span class='ocrx_word' id='word_1_251' title='bbox 1872 2691 2235 2750; x_wconf 85' lang='lat' dir='ltr'><strong>existentiam</strong></span> 
     </span>
     <span class='ocr_line' id='line_1_29' title="bbox 131 2775 2240 2866; baseline 0.005 -32"><span class='ocrx_word' id='word_1_252' title='bbox 131 2775 336 2837; x_wconf 83' lang='lat' dir='ltr'><strong>divinae</strong></span> <span class='ocrx_word' id='word_1_253' title='bbox 363 2779 720 2854; x_wconf 78' lang='lat' dir='ltr'><strong>traditionis3</strong></span> <span class='ocrx_word' id='word_1_254' title='bbox 753 2780 965 2841; x_wconf 91' lang='lat' dir='ltr'><strong>deinde</strong></span> <span class='ocrx_word' id='word_1_255' title='bbox 997 2782 1409 2861; x_wconf 82' lang='lat' dir='ltr'><strong>investigemus</strong></span> <span class='ocrx_word' id='word_1_256' title='bbox 1439 2782 1666 2859; x_wconf 76' lang='lat' dir='ltr'><strong>media,</strong></span> <span class='ocrx_word' id='word_1_257' title='bbox 1704 2805 1809 2866; x_wconf 85' lang='lat' dir='ltr'><strong>per</strong></span> <span class='ocrx_word' id='word_1_258' title='bbox 1843 2806 1971 2866; x_wconf 86' lang='lat' dir='ltr'><strong>quae</strong></span> <span class='ocrx_word' id='word_1_259' title='bbox 2007 2786 2240 2846; x_wconf 88' lang='lat' dir='ltr'><strong>traditio</strong></span> 
     </span>
    </p>
   </div>
   <div class='ocr_carea' id='block_1_3' title="bbox 131 2980 2241 3624">
    <p class='ocr_par' dir='ltr' id='par_1_5' title="bbox 131 2980 2241 3624">
     <span class='ocr_line' id='line_1_30' title="bbox 196 2980 2239 3052; baseline 0.006 -26"><span class='ocrx_word' id='word_1_260' title='bbox 196 2980 260 3043; x_wconf 94' lang='lat' dir='ltr'><strong>(l)</strong></span> <span class='ocrx_word' id='word_1_261' title='bbox 298 2980 394 3030; x_wconf 76' lang='lat' dir='ltr'><strong>Cfr.</strong></span> <span class='ocrx_word' id='word_1_262' title='bbox 439 2982 653 3032; x_wconf 86' lang='lat' dir='ltr'><strong>Bellarm.</strong></span> <span class='ocrx_word' id='word_1_263' title='bbox 704 2983 781 3032; x_wconf 85' lang='lat' dir='ltr'><strong>De</strong></span> <span class='ocrx_word' id='word_1_264' title='bbox 819 2985 956 3033; x_wconf 83' lang='lat' dir='ltr'><strong>verbo</strong></span> <span class='ocrx_word' id='word_1_265' title='bbox 997 2985 1125 3040; x_wconf 74' lang='lat' dir='ltr'><strong>Dei,</strong></span> <span class='ocrx_word' id='word_1_266' title='bbox 1209 2987 1302 3036; x_wconf 81' lang='lat' dir='ltr'><strong>ritu</strong></span> <span class='ocrx_word' id='word_1_267' title='bbox 1330 2983 1380 3034; x_wconf 88' lang='lat' dir='ltr'><strong>S.</strong></span> <span class='ocrx_word' id='word_1_268' title='bbox 1411 2986 1641 3044; x_wconf 81' lang='lat' dir='ltr'><strong>dictante,</strong></span> <span class='ocrx_word' id='word_1_269' title='bbox 1684 2990 1812 3052; x_wconf 88' lang='lat' dir='ltr'><strong>quasi</strong></span> <span class='ocrx_word' id='word_1_270' title='bbox 1842 3005 1922 3052; x_wconf 86' lang='lat' dir='ltr'><strong>per</strong></span> <span class='ocrx_word' id='word_1_271' title='bbox 1947 3006 2111 3038; x_wconf 86' lang='lat' dir='ltr'><strong>manus</strong></span> <span class='ocrx_word' id='word_1_272' title='bbox 2139 2996 2239 3039; x_wconf 88' lang='lat' dir='ltr'><strong>tra-</strong></span> 
     </span>
     <span class='ocr_line' id='line_1_31' title="bbox 133 3057 2238 3134; baseline 0.008 -30"><span class='ocrx_word' id='word_1_273' title='bbox 133 3057 216 3108; x_wconf 80' lang='lat' dir='ltr'><strong>tib.</strong></span> <span class='ocrx_word' id='word_1_274' title='bbox 266 3076 345 3124; x_wconf 85' lang='lat' dir='ltr'><strong>tv,</strong></span> <span class='ocrx_word' id='word_1_275' title='bbox 390 3080 490 3129; x_wconf 86' lang='lat' dir='ltr'><strong>cap.</strong></span> <span class='ocrx_word' id='word_1_276' title='bbox 541 3080 570 3111; x_wconf 86' lang='lat'><em>2</em></span> <span class='ocrx_word' id='word_1_277' title='bbox 591 3101 605 3123; x_wconf 91' lang='lat'>‚</span> <span class='ocrx_word' id='word_1_278' title='bbox 652 3075 697 3114; x_wconf 87' lang='lat' dir='ltr'><strong>et</strong></span> <span class='ocrx_word' id='word_1_279' title='bbox 742 3065 1088 3134; x_wconf 78' lang='lat' dir='ltr'><strong>Walenburgici</strong></span> <span class='ocrx_word' id='word_1_280' title='bbox 1111 3104 1124 3124; x_wconf 75' lang='lat'>‚</span> <span class='ocrx_word' id='word_1_281' title='bbox 1209 3067 1349 3127; x_wconf 81' lang='lat' dir='ltr'><strong>ditas,</strong></span> <span class='ocrx_word' id='word_1_282' title='bbox 1384 3071 1576 3116; x_wconf 83' lang='lat' dir='ltr'><strong>scienter</strong></span> <span class='ocrx_word' id='word_1_283' title='bbox 1603 3079 1966 3130; x_wconf 87' lang='lat' dir='ltr'><strong>contemnerent,</strong></span> <span class='ocrx_word' id='word_1_284' title='bbox 1985 3072 2238 3121; x_wconf 89' lang='lat' dir='ltr'><strong>dummodo</strong></span> 
     </span>
     <span class='ocr_line' id='line_1_32' title="bbox 136 3142 2241 3213; baseline 0.008 -27"><span class='ocrx_word' id='word_1_285' title='bbox 136 3148 265 3190; x_wconf 83' lang='lat' dir='ltr'><strong>tract.</strong></span> <span class='ocrx_word' id='word_1_286' title='bbox 293 3160 363 3204; x_wconf 77' lang='lat' dir='ltr'><strong>vi,</strong></span> <span class='ocrx_word' id='word_1_287' title='bbox 393 3142 464 3194; x_wconf 86' lang='lat' dir='ltr'><strong>De</strong></span> <span class='ocrx_word' id='word_1_288' title='bbox 483 3148 767 3196; x_wconf 77' lang='lat' dir='ltr'><strong>testimoniis</strong></span> <span class='ocrx_word' id='word_1_289' title='bbox 795 3165 877 3196; x_wconf 77' lang='lat' dir='ltr'><strong>seu</strong></span> <span class='ocrx_word' id='word_1_290' title='bbox 899 3147 955 3196; x_wconf 85' lang='lat' dir='ltr'><strong>de</strong></span> <span class='ocrx_word' id='word_1_291' title='bbox 977 3148 1129 3196; x_wconf 82' lang='lat' dir='ltr'><strong>tradi·</strong></span> <span class='ocrx_word' id='word_1_292' title='bbox 1208 3166 1233 3196; x_wconf 90' lang='lat' dir='ltr'><strong>a</strong></span> <span class='ocrx_word' id='word_1_293' title='bbox 1264 3152 1513 3213; x_wconf 85' lang='lat' dir='ltr'><strong>quaestione</strong></span> <span class='ocrx_word' id='word_1_294' title='bbox 1533 3149 1659 3212; x_wconf 74' lang='lat' dir='ltr'><strong>faeti</strong></span> <span class='ocrx_word' id='word_1_295' title='bbox 1684 3151 2032 3200; x_wconf 83' lang='lat' dir='ltr'><strong>abstraheretur.</strong></span> <span class='ocrx_word' id='word_1_296' title='bbox 2057 3152 2241 3201; x_wconf 89' lang='lat' dir='ltr'><strong>Etenim</strong></span> 
     </span>
     <span class='ocr_line' id='line_1_33' title="bbox 136 3217 2233 3306; baseline 0.009 -42"><span class='ocrx_word' id='word_1_297' title='bbox 136 3217 360 3279; x_wconf 69' lang='lat' dir='ltr'><strong>tionibus,</strong></span> <span class='ocrx_word' id='word_1_298' title='bbox 385 3243 480 3291; x_wconf 84' lang='lat' dir='ltr'><strong>cap.</strong></span> <span class='ocrx_word' id='word_1_299' title='bbox 511 3229 556 3277; x_wconf 88' lang='lat'><strong>3.</strong></span> <span class='ocrx_word' id='word_1_300' title='bbox 581 3228 730 3293; x_wconf 75' lang='lat' dir='ltr'><strong>Quare</strong></span> <span class='ocrx_word' id='word_1_301' title='bbox 759 3248 854 3278; x_wconf 89' lang='lat' dir='ltr'><strong>non</strong></span> <span class='ocrx_word' id='word_1_302' title='bbox 880 3231 1128 3278; x_wconf 83' lang='lat' dir='ltr'><strong>abhorrent</strong></span> <span class='ocrx_word' id='word_1_303' title='bbox 1208 3233 1292 3295; x_wconf 85' lang='lat' dir='ltr'><strong>ipsi</strong></span> <span class='ocrx_word' id='word_1_304' title='bbox 1333 3249 1429 3279; x_wconf 86' lang='lat' dir='ltr'><strong>non</strong></span> <span class='ocrx_word' id='word_1_305' title='bbox 1467 3232 1557 3297; x_wconf 74' lang='lat' dir='ltr'><strong>jus</strong></span> <span class='ocrx_word' id='word_1_306' title='bbox 1606 3231 1685 3279; x_wconf 87' lang='lat' dir='ltr'><strong>sed</strong></span> <span class='ocrx_word' id='word_1_307' title='bbox 1719 3231 1902 3294; x_wconf 79' lang='lat' dir='ltr'><strong>factum</strong></span> <span class='ocrx_word' id='word_1_308' title='bbox 1944 3235 2207 3283; x_wconf 84' lang='lat' dir='ltr'><strong>inficiantur</strong></span> <span class='ocrx_word' id='word_1_309' title='bbox 2219 3283 2233 3306; x_wconf 70' lang='lat'><strong>‚</strong></span> 
     </span>
     <span class='ocr_line' id='line_1_34' title="bbox 136 3308 2239 3379; baseline 0.008 -33"><span class='ocrx_word' id='word_1_310' title='bbox 136 3310 368 3353; x_wconf 79' lang='lat' dir='ltr'><strong>novatores</strong></span> <span class='ocrx_word' id='word_1_311' title='bbox 395 3324 422 3355; x_wconf 83' lang='lat' dir='ltr'><strong>a</strong></span> <span class='ocrx_word' id='word_1_312' title='bbox 441 3308 704 3359; x_wconf 84' lang='lat' dir='ltr'><strong>definitione</strong></span> <span class='ocrx_word' id='word_1_313' title='bbox 720 3311 1126 3361; x_wconf 85' lang='lat' dir='ltr'><strong>ConciliiTriden-</strong></span> <span class='ocrx_word' id='word_1_314' title='bbox 1212 3315 1493 3361; x_wconf 83' lang='lat' dir='ltr'><strong>existentiam</strong></span> <span class='ocrx_word' id='word_1_315' title='bbox 1531 3312 1703 3361; x_wconf 87' lang='lat' dir='ltr'><strong>scilicet</strong></span> <span class='ocrx_word' id='word_1_316' title='bbox 1737 3325 1905 3379; x_wconf 84' lang='lat' dir='ltr'><strong>negant</strong></span> <span class='ocrx_word' id='word_1_317' title='bbox 1946 3316 2239 3365; x_wconf 87' lang='lat' dir='ltr'><strong>traditionum</strong></span> 
     </span>
     <span class='ocr_line' id='line_1_35' title="bbox 137 3383 2241 3463; baseline 0.008 -36"><span class='ocrx_word' id='word_1_318' title='bbox 137 3383 254 3441; x_wconf 85' lang='lat' dir='ltr'><strong>tini,</strong></span> <span class='ocrx_word' id='word_1_319' title='bbox 275 3401 362 3448; x_wconf 84' lang='lat' dir='ltr'><strong>qua</strong></span> <span class='ocrx_word' id='word_1_320' title='bbox 379 3390 610 3441; x_wconf 76' lang='lat' dir='ltr'><strong>anathema</strong></span> <span class='ocrx_word' id='word_1_321' title='bbox 634 3394 801 3443; x_wconf 84' lang='lat' dir='ltr'><strong>dicitur</strong></span> <span class='ocrx_word' id='word_1_322' title='bbox 825 3397 906 3454; x_wconf 84' lang='lat' dir='ltr'><strong>iis,</strong></span> <span class='ocrx_word' id='word_1_323' title='bbox 935 3397 1015 3461; x_wconf 88' lang='lat' dir='ltr'><strong>qui</strong></span> <span class='ocrx_word' id='word_1_324' title='bbox 1038 3405 1130 3442; x_wconf 86' lang='lat' dir='ltr'><strong>tra·</strong></span> <span class='ocrx_word' id='word_1_325' title='bbox 1213 3394 1270 3442; x_wconf 88' lang='lat' dir='ltr'><strong>de</strong></span> <span class='ocrx_word' id='word_1_326' title='bbox 1296 3393 1354 3442; x_wconf 89' lang='lat' dir='ltr'><strong>iis</strong></span> <span class='ocrx_word' id='word_1_327' title='bbox 1373 3430 1388 3455; x_wconf 91' lang='lat'>,</span> <span class='ocrx_word' id='word_1_328' title='bbox 1433 3410 1536 3460; x_wconf 82' lang='lat' dir='ltr'><strong>quae</strong></span> <span class='ocrx_word' id='word_1_329' title='bbox 1568 3394 1626 3442; x_wconf 89' lang='lat' dir='ltr'><strong>ad</strong></span> <span class='ocrx_word' id='word_1_330' title='bbox 1656 3394 1796 3442; x_wconf 81' lang='lat' dir='ltr'><strong>fidem</strong></span> <span class='ocrx_word' id='word_1_331' title='bbox 1836 3413 2077 3463; x_wconf 86' lang='lat' dir='ltr'><strong>moresque</strong></span> <span class='ocrx_word' id='word_1_332' title='bbox 2106 3398 2241 3461; x_wconf 85' lang='lat' dir='ltr'><strong>perti-</strong></span> 
     </span>
     <span class='ocr_line' id='line_1_36' title="bbox 131 3464 2239 3545; baseline 0.008 -34"><span class='ocrx_word' id='word_1_333' title='bbox 131 3464 327 3515; x_wconf 83' lang='lat' dir='ltr'><strong>ditiones</strong></span> <span class='ocrx_word' id='word_1_334' title='bbox 350 3465 514 3520; x_wconf 79' lang='lat' dir='ltr'><strong>Christi</strong></span> <span class='ocrx_word' id='word_1_335' title='bbox 538 3475 676 3538; x_wconf 78' lang='lat' dir='ltr'><strong>ipsius</strong></span> <span class='ocrx_word' id='word_1_336' title='bbox 693 3511 706 3536; x_wconf 92' lang='lat'>,</span> <span class='ocrx_word' id='word_1_337' title='bbox 741 3494 817 3525; x_wconf 86' lang='lat' dir='ltr'><strong>ore</strong></span> <span class='ocrx_word' id='word_1_338' title='bbox 836 3477 894 3525; x_wconf 90' lang='lat' dir='ltr'><strong>ab</strong></span> <span class='ocrx_word' id='word_1_339' title='bbox 909 3477 1133 3543; x_wconf 78' lang='lat' dir='ltr'><strong>A&#39;postolis</strong></span> <span class='ocrx_word' id='word_1_340' title='bbox 1214 3486 1385 3536; x_wconf 79' lang='lat' dir='ltr'><strong>neam,</strong></span> <span class='ocrx_word' id='word_1_341' title='bbox 1433 3493 1627 3542; x_wconf 85' lang='lat' dir='ltr'><strong>quaeque</strong></span> <span class='ocrx_word' id='word_1_342' title='bbox 1654 3479 1703 3525; x_wconf 87' lang='lat' dir='ltr'><strong>in</strong></span> <span class='ocrx_word' id='word_1_343' title='bbox 1729 3471 1970 3545; x_wconf 85' lang='lat' dir='ltr'><strong>Scripturis</strong></span> <span class='ocrx_word' id='word_1_344' title='bbox 1998 3495 2092 3527; x_wconf 90' lang='lat' dir='ltr'><strong>non</strong></span> <span class='ocrx_word' id='word_1_345' title='bbox 2125 3495 2239 3527; x_wconf 88' lang='lat' dir='ltr'><strong>con-</strong></span> 
     </span>
     <span class='ocr_line' id='line_1_37' title="bbox 131 3550 1470 3624; baseline 0.009 -31"><span class='ocrx_word' id='word_1_346' title='bbox 131 3557 365 3612; x_wconf 83' lang='lat' dir='ltr'><strong>acceptas‚</strong></span> <span class='ocrx_word' id='word_1_347' title='bbox 397 3550 468 3598; x_wconf 84' lang='lat' dir='ltr'><strong>vel</strong></span> <span class='ocrx_word' id='word_1_348' title='bbox 496 3551 556 3599; x_wconf 80' lang='lat' dir='ltr'><strong>ab</strong></span> <span class='ocrx_word' id='word_1_349' title='bbox 590 3557 697 3619; x_wconf 80' lang='lat' dir='ltr'><strong>ipsis</strong></span> <span class='ocrx_word' id='word_1_350' title='bbox 728 3557 951 3623; x_wconf 75' lang='lat' dir='ltr'><strong>Apostolis</strong></span> <span class='ocrx_word' id='word_1_351' title='bbox 975 3596 987 3618; x_wconf 85' lang='lat'>‚</span> <span class='ocrx_word' id='word_1_352' title='bbox 1027 3557 1131 3624; x_wconf 88' lang='lat' dir='ltr'><strong>Spi-</strong></span> <span class='ocrx_word' id='word_1_353' title='bbox 1214 3560 1470 3607; x_wconf 86' lang='lat' dir='ltr'><strong>tineantur.</strong></span> 
     </span>
    </p>
   </div>
  </div>
 </body>
</html>
