2502 4134
321 78 437 137 196

909 97 1106 135 TRACT.
1157 100 1225 136 ΒΕ
1269 99 1418 139 LOCIS
1462 102 1842 141 THBOLOGICIS.

316 242 645 303 luculenter
669 238 1055 299 ostendimus.
1085 240 1351 300 Profecto
1373 242 1420 300 si
1444 242 1569 303 zelo
1598 243 1699 302 illo
1718 291 1733 319 .,
1770 265 1947 326 quem
1966 249 2190 322 jactant
2208 292 2222 319 ,
2255 247 2440 328 reipsa

319 338 635 418 flagrarent
662 335 929 394 sodalitia
969 334 1179 394 biblica
1202 382 1216 411 7
1259 336 1524 419 impense
1555 339 1820 399 foverent
1856 341 2154 399 missiones
2185 341 2442 401 Catholi-

316 455 514 494 corum
533 478 548 507 ‚
579 431 679 514 qui
706 442 765 490 et
792 431 901 512 ipsi
933 430 1206 490 deferunt
1233 433 1459 491 honum
1491 438 1821 501 uuneizem3
1850 456 1980 494 cum
2010 445 2202 494 autem
2226 435 2441 519 ubique

314 527 573 587 locorum
615 548 711 585 eos
740 524 1051 585 exturbare
1081 525 1460 600 adnitentum
1496 549 1630 587 cum
1652 530 1951 612 Principes
1980 529 2341 612 populosque
2365 532 2440 591 ad

317 622 631 702 ejiciendos
647 620 955 681 catholicos
976 622 1366 681 missionarios
1382 624 1691 705 impellant
1706 625 1824 706 (l);
1851 647 1981 684 cum
1998 625 2198 685 turbas
2216 627 2435 703 cicant,

312 729 372 778 et
410 718 605 777 omnia
655 715 973 776 moliantur
1015 717 1091 776 ad
1119 740 1321 777 eorum
1359 717 1586 778 labores
1624 720 2006 796 evertendOS,
2039 721 2281 781 evidens
2309 734 2397 782 est
2419 769 2435 798 .‚

316 837 434 875 non
478 816 623 873 honi
656 818 882 871 nuucz'z'
912 812 1215 872 deserendi
1259 835 1427 872 causa
1449 859 1463 887 .,
1505 813 1605 873 sed
1641 815 1844 896 iniquo
1870 837 2105 896 prorsus
2139 816 2335 875 animo
2372 839 2437 877 ac

311 909 638 971 invidentia
672 907 768 966 illa
806 909 1135 990 permoveri
1172 909 1284 988 (2).
1320 909 1544 968 Deinde
1576 930 1818 968 curnam
1851 911 2111 971 infideles
2144 913 2436 972 versiones

305 1027 371 1065 ac
403 1005 744 1064 detruncata
786 1004 965 1063 Biblia
1000 1004 1089 1084 (3)
1117 1000 1445 1063 obtrudunt
1485 1005 1830 1080 Catholicis,
1873 1006 1973 1087 qui
2012 1008 2234 1066 bonum
2274 1031 2435 1066 nuu-

310 1105 477 1160 cium
513 1100 680 1180 longe
707 1098 914 1159 melius
950 1122 1127 1181 quam
1165 1100 1286 1158 istae
1335 1101 1638 1160 societates
1676 1103 2012 1160 noverunt?
2051 1104 2225 1161 Eccur
2254 1125 2286 1162 a
2326 1124 2433 1162 ca·-

310 1196 523 1255 tholica
565 1195 870 1277 Religione
905 1217 1002 1254 eos
1027 1207 1293 1255 avertere
1319 1207 1487 1254 tanto
1519 1197 1738 1273 studi0‚
1778 1209 2058 1280 tantoque
2096 1199 2434 1274 molimine,

311 1293 592 1375 impensis
605 1313 667 1351 ac
683 1291 977 1350 laboribus
1004 1292 1319 1370 satagunt?
1343 1295 1622 1362 Demum„
1657 1293 1860 1352 ceteris
1876 1294 2129 1368 omissis7
2163 1295 2436 1353 sciscitari

306 1389 524 1448 merito
564 1409 909 1470 possumuS‚
946 1409 977 1446 a
1019 1408 1274 1468 quonam
1311 1409 1475 1446 suam
1523 1387 1672 1447 lianc
1696 1389 2033 1447 missionem
2064 1390 2428 1470 acceperint:

310 1486 608 1565 Quomodo
633 1485 1099 1565 praedicabunt,
1142 1483 1466 1563 interrogat
1511 1483 1815 1564 Apostolus
1837 1528 1857 1556 ,
1897 1487 2025 1542 nisi
2063 1487 2436 1542 mittantur?

303 1580 491 1641 Multo
532 1602 670 1640 vero
695 1581 888 1637 minus
919 1578 1256 1637 missionem
1290 1578 1622 1637 habuerunt
1646 1578 2184 1638 distribuendorum
2217 1578 2435 1637 Biblio-

304 1700 471 1752 rum7
515 1698 648 1736 cum
689 1675 951 1734 Christus
997 1696 1307 1755 nunquam
1360 1674 1624 1734 medium
1663 1674 1821 1733 istud
1871 1674 2129 1754 elegerit.
2178 1674 2440 1734 Profecto

303 1773 444 1832 olim
487 1783 546 1831 et
594 1772 689 1830 isti
720 1771 948 1830 sectarii
988 1769 1135 1828 illud
1180 1768 1424 1828 audient
1465 1792 1477 1828 ε
1514 1770 1862 1849 Nunquam
1905 1774 2051 1829 novi
2082 1791 2252 1829 voe...
2292 1770 2436 1830 Non

303 1871 614 1929 mittebam
648 1890 771 1937 θος,
811 1878 878 1927 ut
908 1870 1032 1947 ipsi
1056 1868 1389 1926 currebant
1409 1866 1519 1946 (4).

387 1963 531 2024 284.
581 1963 669 2023 Ad
708 1964 812 2035 2¹¹¹,
858 1963 1007 2043 Ney.
1058 1963 1323 2021 Vidimus
1376 1961 1662 2043 siquidem
1715 1964 2120 2044 experimento
2149 2007 2165 2036 .,
2217 1962 2441 2020 animos

305 2060 635 2120 infidelium
673 2060 933 2118 amoveri
963 2058 1156 2140 potius
1194 2079 1225 2115 a
1263 2056 1559 2136 Religione
1599 2058 1925 2117 Christiana
1949 2102 1966 2132 ‚
2005 2056 2442 2138 Bibliorumque

305 2155 558 2217 lectione
583 2155 835 2236 graviter
871 2152 1109 2214 offendi.
1137 2154 1283 2212 Cum
1307 2153 1466 2212 enim
1496 2151 1677 2211 Biblia
1702 2151 1934 2212 nullum
1964 2152 2257 2232 religionis
2286 2153 2442 2211 inte·

379 2378 451 2443 (l)
488 2376 585 2426 Hac
605 2377 781 2424 ratione
806 2391 902 2424 sese
929 2385 1174 2440 gesserunt
1191 2374 1240 2420 in
1259 2375 1332 2421 in-

313 2461 425 2511 sulis
466 2457 750 2518 Sandwich‚
800 2455 1055 2516 Gambier,
1113 2465 1203 2505 etc.
1256 2473 1333 2504 seu

311 2543 599 2608 ubicumque
626 2540 860 2589 inssuxum
892 2540 1095 2605 aliquem
1126 2555 1335 2587 exercere

313 2634 595 2691 potuerunt3
632 2625 739 2671 satis
786 2633 882 2682 est,
933 2621 991 2669 ad
1034 2621 1129 2669 haec
1165 2637 1334 2684 cogno-

313 2708 513 2766 scenda,
561 2705 720 2754 oculos
763 2708 994 2772 conjicere
1040 2708 1091 2751 in
1131 2703 1335 2766 singulos

314 2808 458 2857 prope
480 2788 720 2837 fasciculos
735 2786 1012 2837 Annalium
1019 2786 1332 2851 propagatio-

314 2875 396 2921 nie
417 2872 556 2937 fidei.

386 2955 451 3018 (⁶2)
486 2954 607 3003 Cum
640 2955 839 3002 ministri
866 2968 991 3001 novae
1025 2949 1198 3015 Angliae
1219 2960 1336 2998 sata-

320 3048 476 3102 gerent
508 3046 762 3101 pervertere
794 3034 1006 3082 Hurones
1033 3038 1079 3081 et
1110 3032 1335 3098 lroquen-

321 3136 392 3167 ses
412 3156 425 3178 ‚
463 3119 668 3184 aliosque
699 3118 919 3166 silvestres
948 3114 1141 3181 populos
1166 3116 1224 3163 ad
1246 3114 1337 3162 Re-

323 3198 539 3262 ligionem
568 3197 839 3245 catholicam
863 3211 1104 3245 conversos
1124 3231 1137 3252 ‚
1170 3193 1260 3240 hoc
1278 3192 1337 3240 ab

323 3278 416 3327 illis
447 3289 721 3342 acceperunt
746 3264 1014 3343 responsum
1040 3292 1054 3326 ι
1085 3273 1141 3322 V
1138 3291 1188 3323 οε
1210 3291 1340 3322 nim-

325 3376 468 3426 quam
487 3359 678 3406 verbum
699 3359 835 3406 nobis
852 3359 1214 3415 avznune'iastis,
1228 3374 1338 3404 cum

327 3441 486 3491 adhuc
513 3441 728 3505 infideles
756 3459 960 3490 essemus
975 3459 996 3502 ‚-
1023 3457 1154 3488 nuuc
1176 3449 1337 3488 autem

331 3543 442 3575 eum
474 3526 627 3572 simus
668 3525 954 3582 christiani,
993 3525 1212 3589 quaeritis
1249 3540 1337 3571 uos

330 3607 703 3657 christianismo
709 3606 1221 3672 privare.Cfr.Milner‚
1240 3606 1330 3655 loc.

1418 2374 1496 2420 cit.
1529 2387 1635 2437 pag.
1670 2369 1789 2438 396.

1489 2454 1552 2519 (3)
1593 2455 1664 2502 En
1703 2455 1939 2521 quomodo
1976 2453 2149 2502 scribat
2182 2452 2435 2514 Moulinid,

1417 2539 1631 2586 minister
1662 2547 1943 2602 protestans,
1974 2539 2022 2583 in
2048 2553 2125 2600 op.
2157 2538 2234 2583 cit.
2266 2534 2438 2583 Notice

1415 2638 1502 2669 eur
1531 2620 1595 2668 les
1622 2621 1764 2668 liores
1798 2618 2112 2684 apocryphee,
2135 2636 2233 2683 pag.
2255 2616 2287 2666 6
2310 2635 2323 2667 :
2343 2617 2437 2666 Les

1415 2719 1510 2750 une
1538 2719 1668 2768 pour
1697 2700 1935 2749 atteindre
1972 2700 2075 2747 leur
2110 2700 2195 2748 but
2223 2708 2305 2748 ont
2337 2709 2436 2748 tra-

1414 2783 1558 2833 voille
1601 2783 1822 2850 pendant
1866 2781 2125 2846 lonqtempe
2154 2782 2185 2829 ἀ
2218 2781 2439 2847 ἑρίαοΙιεν

1406 2866 1595 2930 chaque
1609 2864 1752 2926 livre,
1771 2863 1950 2928 chaque
1971 2864 2209 2929 chapitre‚
2227 2873 2271 2911 et
2281 2903 2298 2925 ,
2310 2880 2438 2929 pour

1416 2949 1552 2995 ainsi
1574 2947 1702 3007 dire,
1721 2945 1899 3011 chaque
1920 2955 2091 3007 verset,
2113 2945 2293 3010 chaque
2311 2954 2431 3006 moe,

1410 3048 1540 3100 pour
1565 3033 1674 3080 voir
1701 3039 1801 3079 tout
1834 3047 1884 3079 ce
1909 3029 2032 3096 qu'il
2057 3032 2208 3078 serait
2228 3028 2436 3094 possible

1418 3113 1761 3171 d'amoindrir,
1777 3131 1906 3180 pour
1919 3111 2273 3160 l’aecommoder
2287 3112 2317 3158 ἅ
2334 3110 2437 3159 leur

1410 3199 1554 3263 point
1570 3195 1627 3243 de
1642 3213 1731 3243 vue
1742 3232 1758 3256 ,
1783 3205 1832 3242 et
1849 3194 1906 3242 ils
1927 3203 2009 3242 ont
2026 3191 2214 3241 ebranle
2229 3191 2270 3240 le
2286 3193 2432 3241 chris-

1418 3280 1642 3328 tianieme
1666 3295 1761 3343 par
1782 3279 1844 3324 ou
1869 3276 1929 3324 ils
1955 3277 2221 3341 esperaient
2254 3274 2433 3342 l'affer-

1419 3361 1574 3409 mir...
1606 3358 1820 3424 L'esprit
1835 3356 2130 3423 particulier
2158 3367 2202 3405 et
2230 3356 2442 3421 excolu-sis

1417 3462 1467 3494 ee
1492 3459 1663 3492 couvre
1687 3441 1754 3488 du
1783 3450 2009 3488 manteau
2037 3440 2102 3488 du
2124 3440 2239 3490 zele.

1482 3525 1550 3590 (14)
1570 3524 1730 3573 Matth.
1744 3533 1823 3585 vu,
1834 3523 2011 3585 23‚col.
2021 3524 2047 3574 J
2051 3518 2334 3582 eremana,
2346 3535 2427 3569 21.
