2502 4134
364 177 528 213 PART.
578 176 641 210 11.
687 173 832 210 sacr.
881 173 941 210 11.
993 172 1115 209 car.
1167 173 1228 208 n.
1276 172 1342 207 ns
1388 169 1518 206 man.
1569 168 1694 205 cun,
1739 166 1907 204 Tau).
2067 140 2187 202 283

91 331 337 393 Ecclesia
383 330 584 412 quovis
621 341 884 411 tempore
926 326 1252 387 crediderit.
1289 330 1370 386 De
1415 324 1698 408 prioribus
1726 324 1788 382 in
1825 321 1935 381 hoc
1964 320 2184 402 capite,

88 426 159 486 de
189 424 597 507 posterioribus
618 426 681 482 in
710 425 977 504 sequenti
1000 444 1254 504 agemuS.

170 521 310 580 425.
360 522 518 579 Inter
545 519 737 579 media
756 564 772 587 ,
802 540 931 600 quae
962 516 1245 597 generalia
1276 515 1739 594 nuncupavimus
1758 558 1775 585 ,
1801 510 2100 596 publicum
2125 528 2189 567 ac

88 636 347 698 perenne
396 614 656 674 Ecclesiae
708 615 1100 693 magisterium
1156 631 1520 670 recensemus
1550 654 1566 682 ,
1627 620 1750 668 acta
1803 605 2189 669 Conciliorum

85 710 407 793 praesertim
448 709 971 782 oecumenicorum,
1015 716 1140 766 acta
1172 706 1315 765 item
1348 702 1703 783 Martyrum,
1747 723 1965 761 sacram
2009 701 2191 759 Litur-

86 807 237 886 giam
258 850 274 876 ,
307 804 564 864 Ecclesiae
596 803 823 885 praxim
848 804 910 861 in
949 804 1454 862 Sacramentorum
1490 796 1987 857 administratione
2017 806 2192 876 atque

85 900 149 958 in
173 899 331 958 cultu
358 899 620 978 religioso
641 943 657 973 ,
688 918 795 957 nec
821 919 942 956 non
978 897 1191 978 scripta
1226 898 1461 955 Patrum
1479 937 1495 967 ,
1527 891 1740 950 deinde
1774 911 1907 951 vero
1933 887 2192 948 scholas·-

89 994 335 1052 ticorum
376 995 805 1074 antiquiorum,
849 992 1356 1070 recentiorumque
1393 986 1795 1066 theologorum
1828 984 2187 1058 doctrinam,

90 1090 330 1171 insuper
356 1091 615 1171 ipsorum
649 1087 1052 1148 haereticorum
1071 1130 1087 1160 ,
1114 1084 1415 1143 historiam
1448 1081 1699 1162 denique
1728 1079 2186 1140 ecclesiasticam.

90 1183 562 1266 Unumquodque
593 1203 664 1241 ex
692 1180 1044 1242 enumeratis
1074 1178 1277 1238 mediis
1297 1223 1314 1252 .‚
1354 1178 1591 1237 seorsim
1625 1177 1801 1236 etiam
1829 1186 2153 1257 spectatum
2172 1218 2189 1248 ,

87 1299 359 1357 magnam
401 1277 660 1359 profecto
695 1276 817 1336 vim
857 1273 1072 1349 habet,
1117 1295 1184 1333 ac
1230 1270 1601 1333 ineluctabile
1650 1291 1883 1352 prorsus
1925 1269 2195 1351 theologo

88 1370 423 1453 suppeditat
460 1381 869 1451 argumentum
910 1370 987 1429 ad
1025 1380 1335 1429 novatores
1370 1365 1801 1450 profligandos3
1844 1363 2018 1424 simul
2058 1387 2198 1428 vero

87 1476 323 1548 sumpta
356 1465 431 1524 ad
457 1466 640 1524 instar
668 1464 928 1524 fluminis
959 1465 1316 1524 exundantis,
1350 1462 1640 1524 invadunt
1684 1482 1748 1521 ac
1786 1459 2063 1540 deJiciunt
2102 1459 2197 1521 vel

85 1563 336 1623 invitum
362 1574 425 1623 et
455 1562 841 1623 reluctantem
873 1562 1159 1621 animum.
1218 1595 1221 1598 >
1257 1620 1261 1635 ,

168 1658 304 1718 426.
349 1659 635 1732 Quoniam
668 1679 806 1720 vero
831 1658 957 1718 fieri
988 1656 1230 1739 nequit,
1265 1667 1330 1715 ut
1355 1657 1415 1714 in
1449 1654 1810 1715 tractationis
1845 1652 2199 1713 scholasticae

87 1754 361 1835 angustiis
388 1777 496 1836 pro
519 1753 601 1814 rei
630 1754 913 1834 gravitate
943 1752 1016 1812 de
1042 1751 1280 1832 singulis
1310 1751 1427 1810 late
1453 1751 1800 1810 disseramus
1822 1794 1837 1823 ,
1866 1748 2004 1807 satis
2031 1745 2199 1806 nobis

86 1852 197 1910 erit
230 1849 580 1932 primoribus
615 1849 820 1910 saltem
843 1894 859 1924 ,
902 1860 969 1907 ut
1003 1849 1084 1908 ita
1114 1847 1334 1924 dicam,
1373 1844 1539 1907 labiis
1561 1868 1628 1907 ea
1664 1843 1955 1918 delibare,
1994 1842 2197 1925 quanti

85 1944 299 2005 scilicet
330 1967 474 2026 opus
511 1955 599 2005 est
638 1944 939 2025 theologiae
988 1943 1308 2003 candidatis
1329 1989 1347 2020 ,
1390 1955 1457 2002 ut
1489 1952 1802 2022 agnoscant
1823 1986 1839 2013 ‚
1888 1942 1950 1998 in
1986 1938 2199 2020 quibus

85 2051 286 2122 postea
327 2061 388 2100 se
427 2051 768 2113 exerceant,
813 2041 859 2099 si
914 2051 1177 2120 optatam
1226 2037 1412 2098 velint
1445 2048 1661 2097 metam
1706 2037 2026 2115 attingere,
2063 2033 2199 2097 fidei

87 2134 378 2195 catholicae
406 2134 595 2194 hostes
631 2135 1054 2217 impugnando.
1094 2135 1391 2194 Distinctis
1429 2134 1603 2214 igitur
1640 2130 2014 2214 paragraphis
2050 2128 2197 2189 libe-

87 2228 338 2311 riorique
374 2229 651 2288 methodo
685 2230 909 2309 singula
943 2230 1222 2290 recensita
1254 2228 1445 2288 media
1472 2227 1729 2287 breviter
1757 2246 2156 2308 percurremus
2178 2269 2193 2297 ,

90 2323 353 2407 apposita
389 2323 801 2384 interserentes
829 2324 1050 2384 monita
1070 2370 1086 2399 ,
1114 2344 1241 2406 quae
1274 2343 1392 2405 prae
1423 2322 1600 2381 oculis
1630 2322 1693 2380 in
1721 2319 2061 2379 eorumdem
2091 2340 2196 2376 usu

87 2418 358 2480 habenda
384 2431 542 2480 sunt.

1073 2596 1195 2675 §1-

750 2760 838 2818 De
862 2759 1145 2817 Ecclesiae
1167 2761 1527 2837 mayisterzb.

166 2962 306 3022 427.
353 2961 614 3022 Christus
646 2962 960 3037 Dominus,
991 2973 1057 3021 ut
1081 2983 1234 3044 saepe
1259 2961 1665 3021 adnotavimus
1687 3005 1702 3034 ,
1739 2961 2028 3039 integrum
2060 2959 2197 3021 fidei

87 3055 411 3138 depositum
437 3056 685 3116 contulit
713 3057 969 3117 Ecclesiae
996 3058 1059 3116 in
1092 3056 1376 3139 Apostolis
1411 3077 1727 3138 eorumque
1756 3055 2024 3136 legitimis
2064 3076 2196 3115 suc-

90 3153 396 3214 cessoribus
423 3154 531 3214 sub
561 3155 713 3214 Petri
743 3159 983 3236 ejusque
1006 3174 1397 3213 successorum
1426 3154 1712 3237 primatut,
1742 3153 1997 3237 ipsisque
2026 3174 2194 3212 man-

92 3243 281 3321 davit,
311 3261 377 3307 ut
397 3272 598 3309 omnes
628 3251 750 3310 sive
774 3250 1198 3310 convertendas
1225 3251 1347 3311 sive
1366 3249 1444 3309 ad
1469 3248 1644 3309 fidem
1666 3270 1972 3309 conversas
1993 3261 2195 3329 gentes
2253 3309 2256 3312 Α

87 3336 388 3416 docerent,
425 3345 829 3428 pollicitusque
864 3357 986 3420 est,
1025 3367 1085 3405 se
1108 3346 1175 3404 iis
1213 3367 1317 3406 seu
1345 3347 1530 3406 unicae
1567 3344 1826 3405 Ecclesiae
1853 3365 1966 3405 suae
1991 3345 2054 3403 in
2085 3343 2197 3403 hoc

85 3432 402 3495 ministerio
429 3459 611 3522 usque
638 3441 700 3500 in
733 3440 911 3501 seculi
941 3442 1119 3500 finem
1159 3437 1498 3500 affuturum.
1529 3441 1606 3500 Ex
1630 3438 1730 3498 illo
1762 3461 1902 3499 sane
1929 3451 2196 3520 tempore

87 3547 390 3610 nunquam
413 3532 653 3595 Ecclesia
680 3537 903 3597 destitit
928 3534 1002 3595 ab
1032 3536 1143 3595 hoc
1164 3537 1486 3596 ministerio
1517 3534 1786 3595 obeundo
1802 3580 1818 3610 ,
1856 3536 1977 3596 sive
2000 3531 2192 3615 quoad

87 3633 285 3699 gentes
314 3625 573 3687 nondum
604 3630 678 3690 ad
708 3632 885 3693 fidem
910 3653 1215 3694 conversas
1235 3678 1251 3708 ,
1288 3633 1408 3694 sive
1433 3630 1624 3714 quoad
1659 3654 1753 3693 eas
1774 3675 1791 3708 ,
1818 3652 1960 3713 quas
1978 3635 2101 3708 jam
2128 3628 2189 3688 in
