2502 4134
306 135 462 175 PART.
509 135 594 172 111.

634 135 783 172 SRG'r.
828 135 867 171 1.
914 133 1036 173 CAP.
1086 136 1125 170 1.
1171 135 1240 171 DE
1284 135 1416 171 ΕΔΤ.
1464 132 1596 170 ΑΝΤ.
1644 132 1749 168 Fu).
1799 130 1983 169 SPECT.

2078 110 2198 169 429

1066 261 1103 341 g
1147 262 1219 319 11.

170 411 258 469 De
283 411 530 490 placitis
555 409 1019 489 philosophicis,
1062 384 1196 487 qicoe
1229 393 1514 466 indirecte
1546 407 1725 465 Fidei
1750 409 2112 485 susceptioni

984 505 1296 562 obsistunt.

166 665 304 724 140.
351 668 484 724 Jam
512 666 647 725 satis
669 665 1089 726 declaravimus
1109 709 1125 738 .,
1152 663 1296 745 quid
1319 684 1424 722 nos
1454 684 1560 744 per
1584 684 1648 722 ea
1681 675 1991 743 systemata
2013 710 2029 739 .,
2065 686 2192 747 quae

80 761 368 821 indirecto
400 760 726 820 christianae
754 759 888 819 fidei
927 760 1082 819 viam
1111 758 1421 839 praecidere
1449 768 1695 838 possunt
1715 803 1732 831 .‚
1773 758 2187 837 intelligamus.

1 878 3 880 ·
81 856 248 913 Nunc
284 866 349 912 ut
382 854 456 913 de
485 856 552 913 iis
589 853 808 935 aliquid
839 853 1175 933 singillatim
1205 854 1594 932 attinganiuS‚
1639 874 1715 911 ne
1757 874 1827 911 ex
1872 875 1986 912 una
2024 866 2190 935 parte

78 948 251 1007 nimis
286 948 493 1030 prolixi
539 951 752 1021 simus
785 970 857 1007 ex
891 948 1072 1007 altera
1111 969 1276 1021 vere,
1306 948 1466 1028 quod
1489 959 1822 1006 nostrorum
1851 959 2184 1030 temporum

78 1045 228 1101 ratio
272 1042 566 1124 postulare
617 1043 882 1116 videtur,
934 1064 1055 1101 non
1103 1043 1346 1102 omnino
1389 1047 1760 1119 omittamus,
1810 1044 2183 1104 animadver-

78 1137 265 1196 siones
301 1146 556 1196 nostras
572 1136 647 1195 ad
695 1137 805 1195 tria
850 1147 1083 1195 tantum
1123 1116 1573 1217 philosophandi
1609 1157 1821 1215 genera
1864 1138 2181 1198 coarctabi-

75 1251 472 1311 muS,nempe
489 1229 1278 1310 adsensismummysticum,
1311 1230 1840 1312 adempirismum‚
1859 1231 2178 1295 acdemum

73 1325 146 1382 ad
187 1324 727 1384 hermesianismum
763 1323 1251 1405 philosophicum.

712 1501 757 1557 1.
806 1503 891 1558 De
930 1504 1212 1558 senci‘smo
1254 1503 1518 1578 mystico,

149 1674 283 1733 141.
335 1675 410 1733 Ex
435 1675 571 1733 satis
607 1673 840 1734 abunde
864 1675 926 1733 in
956 1674 1136 1756 priori
1161 1673 1402 1733 articulo
1430 1674 1732 1735 vindicatis
1753 1675 1936 1759 liquet
1955 1723 1971 1754 ‚
2003 1701 2171 1761 soep-

61 1772 364 1833 ticismum
408 1771 749 1848 reliyiosum
786 1781 886 1827 aut
918 1775 1238 1848 mysticum
1255 1813 1278 1840 ,
1322 1768 1489 1828 illum
1533 1770 1784 1847 scilicet,
1828 1795 1944 1854 quo
1971 1778 2170 1839 nativa

60 1864 297 1922 rationis
342 1865 428 1924 vis
462 1875 938 1937 autextenuatur
967 1875 1067 1922 aut
1097 1865 1327 1946 penitus
1369 1866 1719 1940 destruitur,
1759 1870 1925 1949 quasi
1954 1892 2169 1954 nempe

60 1957 275 2016 facilior
311 1957 418 2016 hae
455 1959 546 2018 via
593 1957 726 2017 fidei
777 1958 1074 2039 acquisitio
1119 1979 1183 2017 ac
1226 1960 1512 2041 susceptio
1542 1960 1916 2034 redderetur,
1959 1986 1991 2024 e
2027 1987 2167 2025 con-

62 2074 228 2112 verso
266 2052 505 2112 tendere
549 2052 623 2111 ad
659 2053 975 2119 evertenda
1040 2052 1419 2113 fundamenta
1465 2054 1957 2139 probationesque
2008 2060 2166 2141 chri-

61 2147 256 2206 stianae
270 2147 635 2208 revelationis
651 2149 760 2227 (l).
791 2150 1157 2229 Quapropter
1185 2170 1329 2229 opus
1355 2171 1476 2207 non
1507 2162 1594 2209 est
1622 2150 1837 2210 diutius
1866 2153 2165 2216 immorari

62 2242 123 2298 in
152 2242 430 2319 ejusmodi
454 2244 790 2312 nihilismo‚
814 2263 987 2323 quem
1011 2242 1370 2302 ostendimus
1390 2289 1406 2318 ,
1430 2245 1710 2324 originem
1736 2267 1900 2304 suam
1927 2268 1999 2308 ex
2029 2250 2164 2310 fon-

59 2446 287 2494 ctionibus
300 2483 312 2507 ‚
329 2462 431 2513 quae
441 2446 698 2496 libertatem
719 2441 996 2496 comitantur
1012 2449 1062 2495 in

58 2527 248 2575 homine
264 2564 277 2585 ‚
312 2538 356 2576 et
382 2530 574 2592 proinde
604 2545 663 2577 ne
689 2528 864 2595 aliquid
890 2530 1062 2593 imper·

57 2607 265 2656 fectionis
295 2612 343 2656 in
370 2609 468 2658 Deo
498 2611 772 2673 admittant,
804 2608 1062 2659 libertatem

58 2693 98 2738 ei
125 2692 384 2739 sustollunt.
409 2691 507 2740 Cfr.
540 2693 597 2741 de
615 2693 685 2740 his
710 2692 942 2741 erroribus
956 2691 1064 2740 Gal-

55 2772 212 2837 Iuppi,
234 2773 417 2822 Lettere
425 2773 701 2838 filosofiche,
720 2773 884 2838 Napoli
903 2771 1029 2821 1838
1042 2810 1056 2833 ‚

54 2871 158 2919 pag.
189 2854 282 2921 307
316 2865 362 2904 et
388 2871 522 2921 seqq.
547 2856 626 2903 sed
658 2858 900 2920 praesertim
930 2873 1057 2920 egre-

54 2938 161 2999 gius*
176 2937 396 2985 articulus
420 2938 683 3002 philosophi
711 2938 870 2997 siculi,
898 2937 1055 2987 Salva-

51 3019 157 3065 toris
205 3017 417 3067 Mancino
439 3054 454 3079 ‚
502 3022 551 3067 in
590 3018 790 3086 Ephem.
840 3018 1049 3080 Siculis,

52 3115 100 3144 n.
136 3096 230 3165 76,
259 3099 451 3150 Januar.
495 3099 618 3165 1840
637 3138 649 3161 ,
675 3120 779 3166 pag.
810 3102 871 3150 23
890 3139 904 3162 ‚
935 3104 1052 3150 circa

52 3183 318 3229 sententiam
353 3182 589 3243 Cominii,
638 3183 696 3232 de
736 3183 943 3232 libertate
981 3183 1051 3231 di-

53 3264 170 3308 vinae
195 3261 456 3313 voluntatis.

121 3341 186 3404 (1)
223 3341 370 3391 Placet
393 3344 470 3393 hic
492 3348 723 3412 egregium
741 3331 963 3393 Leibni'tii
984 3344 1052 3393 10-

50 3439 157 3470 cum
201 3422 394 3484 afferre,
444 3444 535 3492 quo
578 3429 646 3476 nil
688 3430 988 3493 opportunius
1031 3444 1046 3475 ε

53 3502 242 3551 Commo
278 3504 373 3552 l’on
397 3516 515 3571 pout
547 3508 653 3557 dire
683 3527 770 3574 quc
802 3508 850 3556 la
883 3510 1047 3576 raison

48 3596 117 3635 est
139 3602 234 3634 une
254 3586 508 3637 revelation
534 3589 764 3639 mattarello
781 3591 893 3640 dont
910 3591 1046 3639 Dieu

1145 2455 1212 2495 est
1240 2445 1470 2508 l'auteur,
1513 2448 1570 2497 de
1597 2451 1753 2498 me'mo
1779 2449 1899 2516 qu’il
1917 2449 2016 2499 l’cst
2033 2452 2091 2501 do
2110 2453 2160 2502 la

1143 2538 1346 2591 nature,
1388 2529 1484 2578 l’on
1517 2531 1636 2596 peu-t
1674 2532 1778 2579 dire
1817 2534 1954 2580 aussi
1986 2551 2077 2598 que
2110 2534 2158 2583 la

1144 2609 1401 2658 revelation
1427 2619 1496 2658 est
1515 2629 1609 2659 une
1633 2615 1797 2662 raison
1814 2615 2156 2673 sumaturelle,

1143 2689 1443 2739 &est-&dire
1458 2728 1474 2753 ,
1508 2709 1605 2741 une
1634 2695 1800 2742 roiam·
1835 2696 2034 2744 etendue
2057 2714 2158 2763 par

1142 2789 1213 2820 un
1243 2788 1462 2822 nouveau
1479 2774 1602 2839 fimd
1630 2775 1687 2823 de
1706 2775 2001 2826 decouvertes
2026 2782 2155 2828 ema-

1141 2860 1249 2903 nees
1271 2857 1694 2912 ,immediatement
1729 2858 1786 2907 de
1824 2859 1992 2922 Βίους
2027 2862 2155 2910 maie

1138 2954 1212 2985 ces
1255 2938 1548 2987 decouvertes
1602 2949 1868 3006 supponent.
1902 2958 1992 3006 quo
2029 2959 2153 2993 nouo

1138 3036 1284 3067 avons
1314 3019 1355 3068 Ie
1384 3037 1550 3086 moyen
1577 3021 1634 3069 dc
1662 3021 1728 3069 les
1758 3022 2006 3071 discernor
2018 3060 2036 3086 ,
2064 3027 2151 3090 qui

1137 3110 1204 3148 est
1225 3100 1272 3148 la
1289 3103 1453 3150 raison
1483 3104 1631 3150 meme
1642 3120 1664 3163 ,·
1694 3102 1799 3151 etta
1817 3103 2147 3170 vouloirpros·

1135 3184 1259 3230 crire
1282 3199 1410 3248 pour
1430 3183 1559 3247 faire
1571 3184 1708 3249 place
1729 3185 1759 3232 ὰ
1789 3184 1834 3232 la
1851 3184 2143 3250 revelation,

1136 3281 1187 3312 ce
1200 3267 1346 3312 serait
1356 3266 1619 3313 s’arracker
1632 3265 1696 3313 les
1711 3283 1836 3331 yeuoe
1847 3285 1972 3333 pour
1981 3276 2147 3320 miens>

1132 3347 1239 3393 voir
1266 3346 1329 3394 les
1352 3346 1572 3395 satellites
1603 3346 1660 3394 de
1687 3350 1882 3414 Jupiter
1909 3350 1940 3397 ὰ
1962 3359 2145 3401 travers

1133 3443 1203 3474 un
1241 3427 1477 3494 telescope.
1526 3427 1794 3478 Nouveouoe
1841 3429 2015 3480 Easois
2057 3449 2144 3481 sur

1130 3507 1372 3557 l'Entoml.
1402 3511 1535 3559 hunt.
1570 3510 1650 3559 liv.
1684 3528 1727 3560 {v
1747 3548 1761 3573 ‚
1790 3513 1928 3578 chap.
1963 3529 2040 3578 ¹9·
