2502 4134
312 163 470 205 PAR'r.
517 167 603 204 111.
651 166 799 204 SECT.
844 168 887 203 1.
936 163 1059 205 GAP.
1110 164 1149 201 1.
1197 165 1264 201 DE
1307 164 1441 202 ΕΔΤ.
1488 163 1617 201 ΔΝΤ.
1666 162 1777 199 Fu).
1823 160 2006 198 SPECT.
2104 138 2227 198 459

105 306 285 366 sarius
327 327 595 366 assensus
638 305 733 365 ille
772 306 1148 388 perficiturne
1192 325 1264 364 ex
1306 325 1453 364 coeco
1490 301 1750 386 impulsu
1783 313 1844 363 et
1884 301 2226 361 instinctiva

103 401 228 480 lege
247 445 262 474 ,
296 422 370 458 an
411 421 550 459 vero
579 422 609 458 a
637 401 965 481 cognitione
998 400 1277 460 veritatis.
1308 399 1364 457 Si
1395 399 1652 480 primum
1674 398 1817 457 dicit
1851 396 2186 456 Hermesius
2205 440 2221 468 ,

102 517 238 576 ergo
271 494 416 554 illud
445 506 634 555 tenere
659 518 841 555 suum
864 517 984 554 non
1017 506 1105 554 est
1135 494 1247 552 nisi
1268 515 1490 552 coecum
1521 513 1587 551 ac
1613 495 2039 571 subjectivum,
2065 490 2224 572 quod

100 589 327 648 nullam
380 589 791 649 certitudinem
835 589 1156 670 legitimam
1211 588 1389 646 tutari
1438 598 1665 669 potest,
1722 587 2016 668 planeque
2063 586 2225 645 caecis

99 685 288 744 Reidii
331 687 720 744 instinctibus
743 683 1086 766 aequivalet,
1122 684 1166 742 si
1193 681 1444 742 alterum
1465 727 1481 756 ,
1517 703 1652 761 ergo
1680 682 1930 761 cognitio
1955 686 2231 740 veritatis

100 791 188 839 est
215 801 384 840 causa
413 779 741 861 generatrix
785 780 977 838 omnis
1004 799 1272 839 assensus
1291 823 1308 858 ,
1350 777 1541 836 omnis
1580 777 1968 858 persuasionis
2002 797 2067 835 ac
2094 797 2223 835 cer-

99 875 367 933 titudinis
395 898 407 932 :
434 875 642 956 ecquid
674 895 876 956 reapse
906 874 1019 933 nisi
1050 878 1267 932 veritas
1297 883 1559 932 mentem
1591 883 1785 953 potest
1817 872 1893 931 ad
1920 893 2221 930 assensum

97 970 415 1029 necessario
444 969 876 1029 determinare?
906 969 1282 1028 Admittimus
1311 967 1666 1049 erg0,quod
1702 965 1989 1027 certitudo
2011 988 2082 1026 ex
2111 967 2223 1025 tri-

96 1066 206 1125 bus
244 1066 547 1125 elementis
576 1068 755 1145 loqice
786 1065 1072 1124 distinctis
1094 1075 1322 1123 constet
1343 1109 1359 1138 ,
1387 1063 1711 1143 cujusmodi
1739 1075 1879 1122 sunt
1916 1051 2222 1125 lo'veritas

97 1161 157 1218 in
188 1159 412 1238 objecto
434 1205 450 1234 ,
478 1163 545 1220 20
572 1162 868 1240 persuasio
893 1160 1061 1218 firma
1089 1159 1151 1216 in
1169 1157 1431 1237 subjecto
1454 1205 1468 1232 ,
1496 1158 1561 1217 3⁰
1588 1159 1876 1218 motivum
1901 1204 1916 1232 .,
1942 1180 2044 1217 seu
2063 1164 2222 1217 ratio

99 1254 337 1314 evidens
358 1299 374 1328 ,
406 1274 532 1336 quae
575 1254 736 1324 illam
773 1255 1206 1334 persuasionem
1237 1254 1313 1313 de
1343 1254 1590 1314 veritate
1629 1254 1809 1332 gignit
1828 1254 1938 1334 (l).
1972 1255 2086 1313 Sed
2119 1276 2227 1314 cur

86 1351 490 1430 psycholoqice
535 1369 626 1408 res
662 1349 876 1408 scindit
915 1348 1301 1410 Hermesius?
1338 1350 1483 1422 Quia
1514 1370 1730 1431 nempe
1753 1395 1768 1423 ,
1808 1351 2023 1429 regerit
2056 1351 2217 1432 ipse,

94 1443 143 1502 si
171 1447 500 1502 necessario
532 1446 863 1522 coyitamus
912 1454 1178 1517 tantum,
1208 1464 1440 1524 semper
1481 1451 1790 1526 possumus
1825 1456 2017 1505 tenere
2042 1467 2225 1527 oppo-

93 1539 271 1597 situm
292 1537 498 1597 saltem
514 1538 743 1615 reflea'e.
779 1538 953 1619 Atqui
970 1559 1248 1617 negamus
1273 1537 1486 1619 plane3
1518 1540 1739 1599 etenim
1759 1586 1776 1615 ,
1802 1541 1849 1598 si
1875 1562 2009 1601 vere
2033 1563 2223 1600 neces·

90 1639 261 1693 saria
300 1644 385 1693 est
427 1634 676 1713 cognitio
706 1654 772 1692 ac
797 1633 1120 1711 judicium,
1167 1633 1299 1693 talis
1344 1634 1454 1693 erit
1495 1635 1673 1693 etiam
1714 1636 1776 1699 in
1809 1646 1940 1695 actu
1976 1636 2223 1712 restem&

88 1730 221 1811 quia
248 1729 529 1787 nimirum
561 1729 819 1789 veritatis
853 1729 1101 1788 intuitus
1130 1750 1366 1810 semper
1387 1751 1554 1811 aeque
1584 1730 2004 1790 invincibiliter
2034 1730 2222 1790 deter-

86 1823 339 1883 minabit
355 1845 653 1883 assensum
676 1834 943 1882 nostrum
963 1868 979 1896 ,
1006 1824 1116 1882 nisi
1133 1823 1303 1882 nobis
1327 1825 1467 1906 ipsis
1491 1825 1612 1884 vim
1636 1827 1957 1886 maximam
1982 1826 2222 1902 inferre,

90 1939 155 1978 ac
178 1919 286 2001 ipsi
312 1917 683 2000 possibilitati
715 1917 1007 1998 cogitandi
1030 1918 1353 1979 valedicere
1379 1918 1628 1980 velimus
1649 1918 1761 2002 (2).
1833 1952 1837 1953 ff

157 2097 228 2163 (l)
266 2098 353 2146 Hic
365 2115 470 2147 vero
484 2082 803 2146 adnotandum
817 2097 942 2163 quod
958 2134 972 2157 ,
999 2114 1108 2146 cum

88 2183 250 2230 veritas
284 2180 336 2228 in
368 2183 704 2246 propositione,
741 2198 821 2229 seu
853 2182 1107 2230 intuitione

90 2262 246 2328 aliqua
269 2263 535 2311 immediate
564 2262 738 2327 fulget,
774 2273 888 2311 tunc
909 2265 1006 2328 ipsa
1027 2281 1108 2311 ve-

89 2346 195 2393 ritas
220 2343 394 2410 objecti
418 2355 462 2393 et
487 2346 715 2392 motivum
738 2381 753 2406 ,
791 2346 915 2410 quod
949 2348 999 2393 in
1024 2363 1110 2394 no-

89 2425 161 2475 bis
205 2429 547 2492 persuasionem
590 2427 905 2475 firmissimam
959 2430 1110 2495 gignit

91 2506 150 2556 de
180 2509 258 2556 illa
277 2545 291 2567 ,
322 2510 702 2572 identificantur3
743 2511 851 2574 quia
885 2520 996 2557 tunc
1026 2527 1109 2559 ve·

88 2592 196 2637 ritas
230 2593 325 2655 ipsa
367 2601 431 2638 est
471 2591 633 2638 ultima
675 2593 794 2639 ratio
835 2591 1015 2655 logica,
1055 2594 1108 2640 in

88 2669 222 2737 cujus
249 2673 519 2721 immediato
539 2675 709 2720 intuitu
737 2690 832 2721 non
857 2680 1105 2738 possumus

88 2770 183 2801 non
216 2755 352 2818 plene
377 2757 700 2820 conquiescere
732 2754 980 2822 eidemque
1008 2773 1105 2804 non

85 2835 278 2884 firmiter
306 2836 556 2884 adhaerere.

157 2918 222 2982 (2)
260 2918 380 2967 Sane
402 2920 516 2985 quid
546 2919 634 2967 sibi
659 2919 758 2967 vult
783 2919 1103 2986 psychologica

89 3017 168 3049 sua
195 3002 488 3050 distinctione
514 3001 778 3050 Hermesius
796 3005 821 3050 Τ
852 3001 926 3050 An
945 3003 1101 3069 quod,

91 3081 201 3130 dum
232 3087 335 3149 quis
362 3087 617 3132 necessario
650 3078 893 3149 cogitatae
929 3101 1102 3150 cogno-

92 3166 176 3211 scit
191 3175 392 3226 tantum,
411 3167 693 3233 impossibile
710 3168 834 3216 idem
853 3168 993 3216 simul
1009 3185 1104 3217 esse

93 3255 137 3294 et
172 3265 267 3295 non
303 3238 394 3298 esse
415 3289 427 3309 ,
471 3261 551 3299 aut
591 3251 808 3300 effectum
840 3269 938 3299 non
973 3270 1103 3316 posse

92 3329 188 3375 sine
214 3345 348 3378 causa
379 3335 598 3392 existere,
641 3335 906 3398 oppositum
945 3341 1102 3382 tenere

92 3411 274 3472 possit?
309 3412 382 3458 An
418 3414 572 3479 quod,
610 3415 723 3462 dum
755 3432 809 3463 ex
838 3417 1101 3464 testimonio

90 3493 358 3540 immediato
374 3496 525 3543 intimi
551 3514 711 3546 sensus
731 3500 995 3563 cognoscit,
1016 3515 1100 3547 ne-

89 3576 276 3621 cessario
314 3591 360 3623 se
383 3578 573 3641 cogitare
591 3614 605 3640 ,
635 3581 836 3640 sentire,
872 3571 1013 3639 velle,
1047 3596 1100 3628 ac

91 3656 283 3718 proinde
302 3661 518 3719 existere,
548 3662 688 3724 possit
704 3671 863 3711 tamen
879 3662 968 3711 sibi
986 3679 1099 3712 con-

1189 2100 1385 2147 trarium
1418 2099 1726 2164 persuadere3
1758 2108 1838 2147 aut
1878 2099 1995 2148 dum
2030 2118 2079 2150 se
2100 2117 2223 2166 pas-

1187 2181 1288 2228 sive
1318 2180 1535 2230 affectum
1565 2184 1733 2242 sentit,
1765 2199 1814 2230 se
1842 2199 1937 2230 non
1968 2180 2028 2231 ab
2059 2183 2219 2249 aliquo

1188 2264 1369 2330 objecto
1391 2302 1411 2324 ,c
1438 2266 1773 2331 quodcumque
1795 2267 1993 2315 'tandem
2018 2269 2100 2326 sit,
2121 2286 2148 2316 a
2170 2285 2220 2316 se

1189 2344 1411 2394 distincto
1461 2345 1682 2395 affectum
1726 2351 1923 2396 tenere?
1971 2347 2086 2413 Quis
2128 2349 2220 2398 hoc

1187 2424 1471 2476 affirmabit?
1512 2426 1722 2488 Nullus,
1762 2429 1917 2478 aiebat
1952 2430 2044 2478 hoc
2079 2448 2218 2479 sensu

1187 2507 1237 2560 S.
1271 2509 1506 2570 Thomas,
1531 2519 1688 2576 potest
1721 2514 1933 2576 coqitare
1968 2516 2218 2562 veritatem

1186 2609 1285 2641 non
1315 2610 1432 2643 esse.
1469 2594 1551 2643 De
1587 2593 1642 2643 V
1639 2598 1743 2643 erit.
1779 2614 1830 2662 q.
1866 2612 1960 2656 10,
2000 2608 2086 2646 art.
2133 2613 2213 2647 ια.

1187 2673 1303 2737 Ea,
1341 2693 1450 2741 quw
1475 2676 1767 2725 naturaliter
1789 2680 1974 2727 rationi
2002 2689 2115 2727 sunt
2138 2682 2218 2728 in-

1183 2759 1310 2815 sita,
1350 2758 1605 2806 verissima
1645 2776 1743 2807 esse
1773 2769 1956 2809 constat
1974 2797 1989 2820 ,
2026 2764 2084 2809 in
2107 2770 2217 2810 tan-

1183 2847 1285 2887 tum
1317 2848 1373 2888 ut
1407 2857 1494 2888 nec
1524 2857 1580 2888 ea
1612 2857 1710 2888 esse
1739 2841 1870 2906 salsa
1903 2844 1970 2891 sit
1982 2843 2215 2908 possibile

1183 2924 1405 2987 coqitare.
1427 2923 1607 2972 Contra
1636 2923 1785 2975 Gent.
1821 2942 1867 2986 ι,
1908 2942 1957 2991 7.
1994 2926 2130 2974 Scire
2146 2935 2216 2977 est

1184 3021 1384 3053 causam
1428 3007 1503 3053 rei
1540 3016 1853 3069 coqnoscere,
1893 3016 1938 3056 et
1978 3011 2216 3072 quoniam

1184 3088 1479 3153 impossibile
1503 3099 1573 3136 est
1604 3089 1746 3138 aliter
1776 3108 1824 3138 se
1858 3089 2043 3139 habere.
2073 3091 2211 3141 Ibid.

1185 3170 1267 3218 De
1296 3173 1439 3221 verit.
1467 3191 1517 3238 q.
1548 3175 1627 3222 cit.
1651 3183 1737 3222 art.
1777 3189 1851 3222 10.
1880 3174 2127 3235 Fatemur,
2162 3178 2212 3222 in

1181 3255 1457 3303 certitudine
1489 3256 1689 3315 morali,
1721 3267 1773 3303 ut
1801 3258 1899 3322 jam
1936 3260 2211 3305 monuimus

1180 3338 1231 3384 in
1261 3335 1636 3398 Praenotandis,
1670 3355 1715 3385 n.
1749 3353 1811 3402 27
1834 3375 1847 3399 ,
1879 3356 2007 3402 posse
2038 3339 2209 3387 volun-

1180 3428 1318 3467 tatem
1362 3422 1582 3486 majorem
1626 3420 1797 3469 habere
1833 3421 2101 3481 infimum,
2143 3424 2208 3468 ita

1180 3509 1334 3547 tamen
1355 3506 1407 3547 ut
1431 3501 1715 3566 quandoque
1743 3518 1876 3568 aeque
1911 3496 2206 3550 rationabilis

1180 3598 1235 3630 ac
1267 3581 1578 3630 ineluctabilis
1602 3583 1712 3633 inde
1735 3586 1965 3649 persuasio
1983 3592 2200 3648 exurgat.

1178 3662 1269 3713 Sed
1295 3664 1410 3730 quid
1439 3674 1653 3729 praeterea
1678 3666 1907 3730 significat
1932 3665 2052 3714 illud
2079 3663 2199 3713 Her-
