2502 4134
367 171 525 207 mar.
575 169 641 205 11.
690 167 811 205 cn.
856 166 921 204 11.
973 166 1040 202 nn
1068 164 1261 209 >nunu.
1310 160 1440 203 CAN.
1496 163 1632 201 una.
1682 161 1884 200 msrm.
2101 139 2174 200 91

77 311 275 373 confici
287 308 609 391 inspiratio,
625 329 757 367 cum
777 328 964 366 canon
983 317 1042 366 et
1060 304 1358 388 inspiratio
1370 304 1432 362 in
1446 305 1739 377 subtrahe,
1755 323 1930 384 quam
1946 312 2179 376 vocant,

76 409 331 469 materia
366 424 599 486 prorsus
638 402 880 462 relativa
910 403 1048 461 sint.
1081 401 1310 461 Etenim
1339 420 1644 479 nunquam
1682 398 1886 480 aliquis
1915 397 1976 455 in
2014 417 2182 455 cano-

76 525 213 562 nem
240 500 594 559 adscitus'est
614 497 760 557 liber
781 544 795 571 ,
817 499 959 579 quin
981 498 1135 556 idem
1160 496 1474 576 inspiratus
1499 493 1674 553 fuerit
1695 493 1968 552 creditus.
1998 490 2185 551 Multo

78 618 216 658 vero
252 596 447 653 minus
486 615 556 652 ex
595 592 959 672 generalibus
988 592 1100 651 illis
1143 589 1405 651 formulis
1438 600 1700 647 constare
1732 586 1898 648 nobis
1935 588 2186 669 poterit,

78 690 330 773 singulas
353 690 802 770 uniuscujusque
833 688 967 747 libri
997 699 1190 770 partes
1218 687 1389 770 fuisse
1419 685 1744 766 inspiratas.

165 787 298 846 142.
347 784 430 845 Ad
457 785 561 857 3¹¹¹,
589 787 748 844 Dist.
780 786 960 842 Prout
979 783 1050 842 ab
1079 781 1546 863 Ecclesiapeorum‘
1568 777 1975 838 authenticitas
2001 788 2063 837 et
2088 799 2193 839 ve-

82 884 287 943 racitas
322 891 691 956 asseruntur,
744 900 951 949 conc.‚·
991 890 1166 961 prout
1216 899 1288 938 ex
1312 876 1464 936 'solis
1498 874 1796 947 >historicis
1836 872 2196 934 documentis

86 979 310 1040 critices
334 998 445 1059 ope
474 974 834 1057 deprehendi
864 984 1110 1056 possunt
1129 1017 1144 1047 ,
1173 994 1302 1052 neq.
1343 974 1559 1031 Verum
1586 981 1673 1030 est
1695 1015 1711 1044 ‚
1741 970 1827 1028 uti
1852 967 2024 1027 modo
2046 966 2200 1025 dixi-

86 1096 251 1148 mus7
288 1074 741 1133 canom'citatem
763 1113 779 1142 ‚
817 1079 884 1126 ut
918 1076 1166 1139 vocant,
1211 1076 1386 1146 atque
1426 1065 1870 1146 inspirationem
1907 1084 2201 1123 sacrorum

90 1171 404 1232 Bibliorum
427 1178 635 1226 mutua
659 1185 853 1224 secum
877 1163 1159 1222 relatione
1181 1161 1620 1242 arctissimeque
1637 1155 1873 1221 vinculo
1897 1159 2198 1219 devinciri.

92 1268 167 1327 At
191 1265 348 1324 enim
373 1284 504 1322 cum
530 1261 603 1320 de
629 1258 726 1318 illa
744 1304 761 1336 ‚
792 1270 917 1317 tum
952 1257 1199 1341 proinde
1222 1257 1397 1316 etiam
1435 1257 1509 1316 de
1538 1256 1644 1315 ista
1663 1300 1680 1330 ,
1708 1278 1777 1316 ex
1804 1255 1921 1315 sola
1948 1254 2205 1323 Ecclesiae

93 1360 434 1420 auctoritate
456 1378 521 1416 ac
546 1355 880 1416 testimonio
903 1365 1168 1414 constare
1188 1352 1356 1411 nobis
1381 1352 1557 1412 debet
1577 1398 1592 1428 .,
1613 1364 1678 1412 ut
1702 1351 2053 1413 certitudine
2073 1350 2207 1411 fidei

91 1465 401 1534 utramque
430 1463 754 1512 teneamus·
795 1449 1067 1531 Alioquin
1093 1494 1109 1524 .,
1155 1447 1653 1531 quemadmodum
1693 1447 1765 1507 de
1796 1446 2078 1506 librorum
2122 1467 2208 1505 ca-

95 1549 410 1608 nonicitate
429 1592 445 1622 ,
474 1568 603 1628 quae
627 1546 1131 1606 authenticitatem
1157 1554 1216 1604 et
1253 1544 1626 1604 veracitatem
1651 1542 2057 1625 complectitur
2076 1588 2092 1617 .,
2130 1542 2209 1600 ita

95 1645 314 1727 pariter
336 1643 408 1703 de
433 1664 633 1701 eorum
658 1641 1041 1724 inspiratione
1065 1640 1220 1699 anxii
1242 1639 1566 1722 incertique
1591 1639 1813 1699 haerere
1834 1638 2205 1698 deberemus,

98 1741 477 1799 Monumenta
525 1737 792 1796 historica
843 1759 952 1817 ope
985 1736 1224 1795 criticesv
1245 1735 1623 1816 quantumvis
1663 1746 1925 1794 accurate
1975 1754 2210 1793 excussa

101 1857 221 1894 non
245 1855 476 1893 omnem
503 1854 738 1915 prorsus
765 1831 1194 1891 dubitationem
1223 1843 1500 1891 amovent
1518 1876 1533 1905 ‚
1568 1852 1674 1890 nec
1702 1851 1962 1911 unquam
1991 1838 2214 1911 queunt

104 1929 238 1989 fidei
274 1940 487 1988 nostrae
518 1928 969 1987 fundamentum
998 1926 1392 2009 suppeditare.
1421 1926 1589 2000 Quod
1617 1938 1677 1986 et
1705 1925 2059 2008 experientia
2089 1924 2216 2006 ipsa

106 2024 392 2099 ostendit3
421 2047 492 2085 ex
517 2047 628 2106 qua
652 2024 927 2083 discimus
943 2070 958 2099 ,
985 2024 1188 2106 quavis
1213 2033 1380 2083 aetate
1402 2022 1475 2082 ab
1498 2022 1781 2082 haereticis
1807 2021 2025 2103 aliquot
2046 2020 2218 2079 fuisse

106 2119 282 2180 libros
310 2125 580 2198 rejectos,
610 2122 871 2203 quamvis
899 2131 959 2179 et
986 2120 1097 2201 ipsi
1124 2142 1184 2179 se
1214 2119 1610 2179 monumentis
1643 2118 1929 2177 historicis
1954 2116 2064 2175 niti
2089 2136 2221 2198 pro-

111 2214 435 2274 fiterentur.
483 2215 549 2273 Id
592 2216 781 2296 ipsum
819 2215 1094 2294 contigit,
1138 2226 1204 2272 ut
1243 2213 1533 2289 vidimuS.,
1580 2211 2080 2286 Protestantibus7
2121 2210 2222 2292 qui

111 2331 413 2390 nunquam
445 2309 506 2366 in
538 2331 605 2367 eo
637 2310 792 2369 inter
816 2331 879 2369 se
907 2318 1359 2380 consenserunt3
1400 2330 1592 2389 neque
1624 2307 1798 2366 modo
1823 2309 2217 2365 consentiunt.

197 2403 331 2462 143.
382 2405 496 2462 Nec
530 2403 848 2485 quidquam
878 2405 1104 2484 proficit
1131 2402 1424 2461 Michaelis
1449 2447 1464 2477 7
1491 2402 1635 2460 dum
1670 2403 1875 2460 nititur
1896 2400 2226 2482 inspiratio-

112 2518 251 2556 nem
282 2496 562 2556 librorum
601 2498 750 2555 Novi
779 2499 932 2557 Test.
966 2497 1234 2556 evincere
1266 2518 1336 2555 ex
1365 2497 1745 2578 inspiratione
1770 2494 2222 2578 Apostolorum3

111 2605 236 2651 tum
269 2593 330 2650 1ο
362 2593 497 2674 quia
528 2593 705 2674 ipsius
740 2604 1078 2672 argumenta
1111 2590 1303 2650 labilia
1344 2604 1483 2650 sunt
1503 2638 1518 2667 a
1558 2603 1763 2674 utpote
1792 2594 2017 2673 privata
2039 2603 2098 2651 et
2124 2592 2230 2651 in-

114 2699 265 2747 certa
293 2688 773 2769 interpretatione
809 2686 1120 2746 verborum
1151 2686 1364 2745 Christi
1398 2686 1632 2746 suffulta
1661 2688 1786 2769 (l);
1822 2699 1952 2746 tum
1982 2688 2053 2745 20
2094 2687 2229 2769 quia

115 2781 391 2864 pleraque
415 2783 744 2842 testimonia
770 2780 842 2841 ab
866 2804 934 2841 eo
963 2794 1230 2862 congesta
1254 2782 1514 2841 afficiunt
1542 2781 1946 2842 collectionem
1971 2804 2072 2843 seu
2095 2783 2231 2842 uni·

187 2985 253 3049 (1)
292 2985 399 3046 Sic,
434 3005 506 3036 ex.
540 3002 612 3052 gr.
637 2987 807 3036 Matth.
838 3007 884 3049 x,
915 3005 991 3055 19,
1030 3004 1120 3048 20,

117 3067 320 3132 loquitur
345 3068 553 3118 Christus
572 3071 628 3118 de
648 3070 918 3118 fortitudine
935 3108 947 3130 ‚
983 3089 1125 3136 quam

122 3148 331 3214 discipuli
373 3153 442 3198 sui
484 3170 637 3200 coram
681 3152 959 3200 Praesidibus
994 3155 1126 3217 positi

124 3241 268 3278 essent
291 3233 557 3295 patefacturi
574 3270 586 3291 ‚
619 3245 757 3300 atque
787 3231 846 3282 de
871 3233 1093 3298 sapientia
1111 3271 1125 3293 ‚

129 3325 218 3372 qua
246 3329 326 3360 sua
357 3321 508 3363 essent
541 3316 695 3364 daturi
726 3334 960 3382 responsa.
994 3316 1124 3364 Idem

131 3387 202 3436 dic
218 3391 272 3439 de
289 3393 397 3442 Luc.
415 3413 506 3460 xn,
532 3414 609 3458 11,
638 3414 725 3460 123
751 3398 896 3446 Marc.
915 3415 1016 3459 xm,
1047 3414 1062 3445 1
1081 3414 1123 3458 1,

133 3479 178 3517 et
208 3472 369 3522 iterum
389 3476 503 3526 Luc.
534 3497 638 3539 xxi,
677 3477 765 3543 14,
813 3477 888 3528 15.
910 3478 1127 3545 Quamvis

1207 2999 1362 3036 tamen
1381 3027 1394 3050 ‚
1428 2991 1465 3036 si
1496 2991 1676 3037 insistas
1696 2989 1881 3049 litteroe,
1914 2986 2125 3038 videntur
2142 2988 2233 3039 sibi

1209 3070 1462 3135 denegare,
1494 3081 1544 3119 ut
1565 3088 1580 3119 1
1614 3070 1720 3119 Cor.
1752 3088 1846 3132 vu,
1876 3087 1962 3133 12,
1997 3069 2094 3135 403
2123 3089 2232 3134 xiv,

1212 3153 1272 3218 37
1291 3189 1303 3212 ,
1342 3149 1407 3201 38
1428 3170 1442 3215 3
1471 3171 1570 3219 quae
1595 3155 1744 3218 reipsa
1769 3153 1868 3201 loca
1887 3172 1980 3202 una
2000 3172 2111 3203 cum
2131 3154 2237 3220 plu-

1211 3234 1338 3282 ribus
1386 3236 1487 3283 aliis
1517 3235 1651 3283 nobis
1692 3234 1980 3301 objiciuntur
2026 3255 2051 3285 a
2095 3239 2238 3285 ratio-

1207 3316 1385 3363 nalistis
1444 3317 1502 3365 ad
1560 3317 1895 3365 excludendam
1970 3318 2238 3366 divinorum
2307 3318 2310 3321 ’

1208 3396 1467 3447 Bibliorum
1482 3400 2152 3467 inspirationem.Quapropter,
2169 3418 2239 3449 se-

1210 3479 1337 3528 cluso
1351 3480 1570 3529 Ecclesiae
1583 3482 1845 3547 magisterio
1870 3500 1923 3531 ac
1944 3483 2205 3532 testimonio
2220 3518 2235 3542 ,

136 3569 268 3616 porro
301 3555 541 3606 videantur
574 3561 780 3626 Apostoli
811 3562 1105 3627 privilegium
1125 3598 1140 3623 ‚
1225 3579 1281 3610 ex
1312 3563 1522 3612 adductis
1552 3566 1823 3614 testimoniis
1856 3582 1927 3615 res
1960 3566 2127 3614 confici
2158 3579 2245 3613 nc-

144 3633 200 3680 de
236 3651 330 3699 quo
353 3645 419 3683 est
446 3653 593 3688 sermo
612 3676 626 3701 ‚
659 3642 745 3690 sibi
771 3642 977 3692 tribuere
993 3681 1007 3705 ‚
1034 3643 1144 3692 alibi
1228 3646 1362 3709 quit,
1391 3647 1453 3694 ita
1488 3655 1538 3694 ut
1564 3645 1763 3695 dubium
1782 3665 1920 3697 omne
1942 3646 2151 3697 tollatur.
