2502 4134
283 119 403 180 200

878 138 1091 177 TRAGT.
1138 141 1207 176 DE
1251 139 1403 178 Locls
1445 142 1817 180 THEOLOGICIS.

365 285 508 344 290.
558 283 648 342 Ad
684 282 788 350 8¹¹²,
829 280 978 361 Ney.
1019 282 1140 340 Hoc
1183 282 1343 340 enim
1383 282 1654 362 putidum
1691 283 2059 343 mendacium
2095 294 2212 356 θεῖς
2261 305 2403 343 nus-

287 402 462 462 quam
506 378 566 436 id
605 376 942 458 praecipitur
969 399 998 436 a
1022 378 1123 435 Pio
1147 377 1277 451 VII,
1318 376 1419 457 qui
1454 377 1641 436 solum
1668 379 1925 460 praecipit
1968 378 2403 460 Archiepiscopo

288 473 611 535 Gnesnensi
642 495 655 531 ε
698 473 772 532 Ut
797 494 981 551 quam
1004 476 1283 551 primum
1309 474 1515 531 mittas
1532 517 1548 546 a
1581 474 1771 554 inquit
1791 519 1807 546 n
1834 475 2070 542 Biblia,
2092 495 2227 550 quoe
2244 494 2405 531 com-

286 573 606 630 montariis
646 570 925 647 subjectis
972 569 1161 626 edidit
1189 569 1463 646 polonica
1516 569 1732 647 linqua
1778 570 2040 628 Jacobus
2091 569 2404 640 Wickius,

286 678 692 745 recentemque
723 668 991 744 ipsorum
1019 664 1041 743 (
1067 662 1384 721 Bibliorum
1413 672 1434 740 )
1463 663 1775 721 editionem
1794 710 1809 731 ,
1839 685 1974 742 quoe
1997 665 2250 722 sublatis
2286 663 2406 720 ad-

286 763 742 833 notationibus,
797 782 931 840 quoe
955 781 1026 818 ecc
1078 761 1303 817 sanctis
1338 758 1618 818 Ecclesioe
1655 759 1951 818 Patribus
1992 761 2078 818 vel
2112 780 2182 818 ex
2225 759 2408 817 doctis

288 960 340 991 ex
362 939 612 1005 Encyclica
635 938 802 987 Leonis
820 956 900 987 xu.
918 938 1077 1003 Itaque
1098 938 1200 985 haec
1219 938 1303 985 ha-

284 1024 364 1072 bet
391 1023 499 1071 Pius
519 1040 584 1072 vu
606 1059 620 1081 ‚
651 1025 701 1070 in
731 1022 866 1070 Brevi
895 1022 951 1069 ad
974 1021 1202 1084 Ignatium
1223 1020 1306 1067 Ar-

287 1107 442 1170 chiep.
476 1104 787 1154 Gnesnensem
818 1121 831 1152 :
866 1102 1162 1152 Horruimus
1191 1119 1307 1150 sane

288 1188 606 1252 vaferrimum
649 1187 929 1244 inventum,
964 1203 1055 1249 quo
1092 1184 1167 1243 pel
1198 1187 1307 1250 ipsa

293 1270 558 1333 Reliqionis
573 1267 898 1333 fundamenta
926 1267 1306 1330 labefactantur,

290 1352 613 1415 adhibitisque
629 1351 683 1397 in
696 1349 959 1397 consilium
972 1387 984 1403 ,
1008 1366 1098 1414 pro
1117 1351 1186 1396 rei
1201 1365 1312 1412 qra-

288 1436 468 1491 vitate,
495 1431 848 1480 venerabilibus
885 1430 1148 1478 Fratribus
1184 1430 1309 1478 Nos·

290 1518 380 1563 tris
411 1514 464 1564 S.
494 1514 554 1563 R.
584 1512 653 1561 E.
683 1511 1059 1572 Car-dinalibus‚
1088 1529 1311 1577 quamam

293 1595 567 1660 Pontificioe
586 1603 760 1642 nostrae
779 1595 1082 1641 auctoritatis
1101 1594 1311 1642 remedia

291 1679 356 1728 ad
395 1696 500 1726 eam
532 1686 742 1744 pestem,
788 1676 948 1741 quoad
981 1676 1093 1739 fieri
1124 1679 1306 1741 possit,

290 1762 559 1811 curandam
598 1759 936 1824 delendamque
965 1762 1310 1825 opportuniora

286 1844 459 1908 futura
496 1843 627 1906 sint,
666 1844 801 1889 omni
834 1842 1051 1890 adhibito
1083 1842 1241 1891 studio
1268 1851 1314 1890 et

292 1924 617 1974 sollicitudine
634 1923 1023 1972 deliberavimus.
1043 1924 1101 1971 Et
1115 1927 1164 1971 in
1179 1925 1311 1973 Brevi

293 2006 404 2056 dato
447 2009 503 2055 ad
539 2007 819 2054 Stanislaum
854 2005 1073 2070 Archiep.
1110 2006 1310 2054 Mobile·

293 2091 425 2139 viens
454 2106 468 2136 ε
494 2090 684 2152 Maqno
699 2123 714 2148 ‚
745 2090 926 2153 inquit,
968 2095 1013 2134 et
1039 2088 1205 2136 acerbo
1230 2087 1312 2135 do-

293 2169 390 2218 lore
428 2170 631 2233 consecti
676 2186 872 2228 sumus,
918 2168 1003 2215 ubi
1039 2172 1311 2235 accepimus

294 2254 551 2302 exitiosum
577 2251 834 2299 consilium
858 2250 991 2298 haud
1009 2253 1075 2299 ita
1094 2253 1311 2317 primum

293 2343 597 2399 susceptum,
634 2350 726 2398 quo
759 2334 1082 2380 sacratissimi
1118 2332 1311 2381 Biblio-

293 2436 404 2467 rum
440 2418 556 2465 libri
584 2420 723 2466 novis
757 2434 814 2465 ac
845 2426 1020 2483 proeter
1050 2416 1312 2465 saluberri-

296 2518 401 2549 mas
427 2499 662 2550 Ecclesiae
690 2499 878 2564 reyulas
914 2500 1057 2548 editis
1085 2502 1316 2566 interpre-

297 2582 599 2639 tationibus,
643 2583 797 2646 iisque
836 2581 1006 2630 callide
1050 2585 1107 2630 in
1141 2598 1317 2648 pravos

298 2680 465 2712 sensus
506 2664 733 2711 contortis
755 2703 766 2723 ‚
788 2711 790 2713 ,
813 2664 1075 2712 vernacula
1111 2664 1320 2728 qualibet

300 2746 470 2810 linqua
492 2748 677 2810 passim
708 2744 1077 2812 pervulqantur.
1102 2746 1322 2810 Namque

301 2828 362 2875 ab
393 2827 559 2892 aliqua
572 2830 686 2893 jam
710 2845 768 2876 ex
791 2828 993 2893 perlatis
1013 2829 1077 2876 ad
1105 2828 1207 2877 Nos
1231 2828 1322 2875 hu·

287 2910 514 2975 jusmodi
538 2910 842 2958 versionibus
861 2911 1319 2968 animadvertimus,

303 3010 407 3040 eam
433 2996 489 3041 in
510 2996 732 3059 purioris
769 2994 997 3041 doctrinm
1021 2996 1324 3040 sanctitatem

296 3079 478 3141 parari
493 3079 760 3142 perniciem
777 3114 793 3139 ,
830 3085 884 3125 ut
904 3076 1050 3142 facile
1076 3076 1238 3140 fideles
1267 3093 1325 3124 ea·

304 3159 373 3205 iis
391 3159 610 3222 sontibus
639 3158 805 3206 lethale
834 3159 1026 3208 ebibant
1059 3175 1320 3220 venenum,

306 3256 365 3287 ex
407 3240 580 3304 quibus
617 3239 813 3289 haurire
863 3242 1134 3289 debuissent
1175 3258 1325 3305 aquas

307 3322 557 3386 sapientise
596 3321 889 3373 salutaris...
934 3323 1003 3371 In
1040 3323 1095 3371 id
1121 3323 1326 3388 proinde

300 3419 484 3470 pravas
532 3402 901 3469 deterrimusque
948 3405 1325 3453 machinationes

309 3503 421 3533 suas
439 3485 650 3549 conferre
680 3487 738 3533 in
768 3504 896 3535 more
926 3487 1193 3536 habuerunt
1224 3488 1323 3536 hae-

309 3568 487 3628 retici,
544 3576 597 3614 ut
638 3567 781 3615 editis
824 3568 1099 3618 vernaculis
1139 3569 1323 3619 Bibliis

312 3649 398 3711 (de
414 3665 615 3714 quorum
638 3658 796 3698 tamen
823 3654 1050 3702 varietate
1071 3669 1128 3701 ac
1150 3652 1325 3702 discre-

1388 953 1455 1002 pa
1464 938 1564 985 ntia
1584 938 1686 1002 ipsi
1700 953 1749 985 se
1766 938 1977 984 invicem
2001 947 2230 985 accusant
2244 946 2287 985 et
2304 954 2412 985 car-

1386 1023 1564 1085 punt),
1599 1036 1708 1067 suos
1739 1021 1913 1084 quique
1940 1036 2148 1079 errores,
2181 1021 2414 1068 sanctiori

1394 1103 1557 1149 divini
1586 1100 1768 1166 eloquii
1785 1110 2023 1168 apparatu
2053 1101 2310 1159 obvolutos,
2322 1118 2415 1167 per

1395 1184 1607 1231 insidias
1650 1184 1972 1233 obtruderent.
2012 1184 2104 1232 Leo
2146 1202 2253 1233 vero
2291 1201 2354 1232 ιιι
2395 1201 2410 1231 =

1397 1265 1509 1314 Non
1543 1282 1623 1314 vos
1653 1265 1791 1325 latet,
1829 1264 1885 1312 V
1886 1264 1935 1312 V
1939 1302 1954 1319 .
1974 1266 2113 1327 FF„
2135 1267 2315 1325 scribit,
2343 1283 2416 1314 so-

1396 1349 1609 1396 cietatem
1632 1348 1921 1413 quamdam,
1954 1349 2133 1396 dicta-m
2156 1349 2293 1414 vulqo
2322 1349 2419 1397 Bi-

1398 1431 1602 1487 blicam,
1636 1448 1728 1496 per
1769 1439 1917 1478 totum
1967 1431 2147 1479 Orbem
2188 1431 2418 1479 audacter

1396 1515 1569 1577 taqari
1586 1548 1598 1570 ,
1635 1530 1741 1577 quoe
1765 1515 1935 1578 spretis
1960 1512 2053 1562 SS.
2081 1513 2292 1560 Patrum
2316 1522 2416 1560 tra-

1396 1595 1663 1643 ditionibus
1676 1633 1688 1652 ,
1708 1604 1753 1643 et
1773 1603 1940 1643 contra
1964 1596 2268 1643 notissimum
2299 1595 2417 1642 Tri·

1397 1676 1586 1725 dentini
1620 1677 1838 1725 Concilii
1869 1677 2105 1725 decretum
2123 1711 2139 1737 ,
2170 1678 2226 1724 in
2250 1676 2305 1724 id
2324 1675 2418 1724 col-

1397 1758 1509 1807 latis
1535 1758 1724 1806 viribus
1742 1775 1799 1807 ac
1827 1759 1983 1807 modis
2009 1758 2231 1807 omnibus
2260 1760 2418 1806 inten-

1400 1841 1509 1902 dit,
1540 1851 1592 1889 ut
1612 1843 1667 1889 in
1693 1840 1912 1906 vulgares
1938 1841 2132 1906 linquas
2163 1842 2419 1888 nationum

1400 1925 1620 1971 omnium
1660 1941 1799 1972 sacra
1844 1932 2118 1979 vertantur,
2159 1922 2234 1972 vel
2253 1925 2422 1989 potius

1391 2013 1730 2072 pervertantur
1775 2005 1969 2054 Biblia.
2020 2004 2105 2053 Ea:
2149 2022 2240 2070 quo
2286 2004 2421 2053 valde

1390 2088 1822 2154 pertimescendum
1860 2098 1959 2143 est,
1993 2103 2053 2135 ne
2084 2089 2209 2135 sicut
2235 2088 2292 2134 in
2323 2085 2418 2134 ali·
2497 2134 2500 2137 .

1396 2170 1570 2234 quibus
1579 2172 1692 2235 jam
1720 2172 1847 2218 notis
1875 2173 1946 2217 ita
1972 2178 2017 2217 et
2040 2171 2094 2217 in
2122 2171 2307 2217 coeteris
2333 2171 2415 2217 in-

1397 2254 1726 2317 terpretatione
1764 2268 1993 2318 perversa
2040 2251 2097 2299 de
2147 2250 2418 2316 Evanqelio

1403 2333 1587 2381 Christi
1614 2335 1823 2382 hominis
1846 2335 1933 2396 fiat
1950 2331 2305 2396 Evanquum,
2332 2343 2422 2382 aut

1398 2417 1523 2482 quod
1557 2419 1698 2484 pejus
1734 2427 1831 2477 est,
1892 2416 2073 2465 diaboli
2105 2417 2186 2481 (S.
2225 2417 2419 2466 Hieron.

1401 2505 1450 2548 in
1477 2518 1577 2565 cap.
1611 2518 1624 2547 ι
1652 2503 1783 2566 epist.
1801 2500 1860 2548 ad
1877 2499 2026 2548 Galat.
2047 2503 2125 2564 )...
2149 2497 2259 2560 En,
2292 2497 2420 2548 VV.
2500 2486 2502 2488 Ι

1403 2581 1520 2630 FF.
1530 2617 1546 2642 ,
1590 2600 1679 2646 quo
1711 2582 1813 2631 haec
1845 2590 2014 2647 spectet
2044 2583 2245 2629 societas
2267 2619 2280 2641 ‚
2317 2598 2424 2646 quoe

1404 2666 1640 2730 insuper,
1677 2672 1733 2711 ut
1766 2665 1915 2729 impii
1948 2665 2046 2711 voti
2073 2664 2164 2727 fiat
2196 2681 2384 2730 compos
2406 2701 2422 2721 ,

1408 2746 1487 2794 nil
1519 2749 1809 2794 intentatum
1844 2745 2089 2810 relinquit.
2138 2746 2247 2794 Non
2295 2748 2427 2794 enim

1406 2829 1730 2876 tantummodo
1744 2830 1979 2875 versiones
1993 2845 2106 2876 suas
2120 2829 2249 2894 typis
2265 2828 2400 2876 edere
2410 2866 2425 2884 ,

1407 2926 1570 2957 verum
1608 2910 1752 2956 etiam
1783 2926 1876 2974 per
1908 2926 2070 2957 omnes
2110 2910 2249 2958 urbes
2276 2911 2430 2958 cursi-

1409 2992 1553 3039 tando
1585 2992 1643 3038 in
1675 2990 1844 3056 vulqus
1871 3009 1964 3057 per
1994 3009 2042 3039 se
2074 3008 2295 3057 sparqere
2333 2991 2432 3038 sibi

1401 3073 1614 3142 plaudit.
1638 3073 1777 3139 Quin
1797 3077 1894 3123 imo
1909 3109 1926 3135 ,
1961 3080 2018 3122 ut
2036 3073 2220 3122 alliciat
2240 3074 2430 3140 simpli-

1410 3160 1537 3205 cium
1579 3158 1805 3218 animos,
1850 3173 1946 3221 qua
1984 3156 2227 3204 venditare
2260 3165 2428 3218 curat,

1409 3256 1504 3305 qua
1547 3238 1666 3288 dono
1707 3239 1822 3287 dare
1867 3238 2104 3286 insidiosa
2149 3238 2434 3287 liberalitate

1405 3323 1563 3388 qestit.
1600 3321 1682 3370 llis
1714 3321 2123 3387 praedecessoribus
2163 3325 2257 3371 suis
2289 3322 2430 3372 Rom.

1410 3406 1710 3456 Pontificibus
1744 3423 1792 3454 se
1831 3404 2034 3471 adjecit,
2074 3408 2125 3453 in
2170 3405 2435 3455 damnanda

1410 3490 1585 3549 Biblica
1603 3490 2055 3547 societate‚im1n0rt.
2070 3488 2316 3538 Gntcomus
2341 3505 2434 3550 xvu,

1406 3574 1539 3638 cujus
1553 3570 1854 3638 Encyclicam
1870 3571 2007 3619 refert
2020 3569 2143 3618 Ami
2154 3569 2211 3619 de
2223 3569 2271 3617 la
2283 3568 2433 3635 Reliq,

1406 3653 1457 3703 in
1486 3652 1599 3703 fasc.
1625 3650 1688 3716 24
1719 3652 1886 3703 Octob.
1921 3650 2077 3716 1840,
2114 3671 2171 3702 n.
2207 3650 2362 3702 3350.
