2502 4134
2099 154 2215 216 339

310 179 471 215 Pn'u.
520 149 804 212 Iussncw.
853 175 890 211 l.
939 173 1060 212 CAP.
1110 176 1148 212 1.
1195 176 1263 212 DE
1306 176 1434 212 RAT.
1480 175 1608 211 Au'r.
1664 176 1773 212 Fu).
1822 175 2005 214 SPEC'r.

106 320 476 379 diversorum·
496 316 769 375 ordinum
807 337 907 375 seu
940 315 1366 375 elementorum
1403 317 1811 398 conjunctione
1839 338 2119 397 exurgere
2145 341 2211 379 ac

105 413 457 473 efflorescere
507 411 707 492 possit.
754 410 872 470 Nec
921 432 1056 470 vero
1104 421 1193 470 tot
1240 410 1341 470 illa
1391 409 1642 470 absurda
1689 420 2037 491 systemata,
2086 434 2216 495 quae

104 508 486 568 recentiorem
538 505 964 587 philosophiam
1013 506 1382 578 infecerunt,
1435 505 1674 566 aliunde
1726 508 1905 587 magis
1959 509 2216 589 profecta

103 614 271 676 sunt7
318 624 494 682 quam
534 624 606 659 ex
650 601 906 662 violenta
946 612 1122 681 atque
1167 598 1470 658 arbitraria
1509 621 1744 680 prorsus
1782 602 2002 661 ordinis
2034 605 2256 663 sensit

103 697 234 756 bilis
269 697 660 774 disjunctione
696 696 771 755 ab
813 694 1178 776 ideali.,·per
1218 715 1396 774 quam
1439 715 1655 775 nempe
1697 717 1799 769 ea,
1842 718 1970 778 quae
2008 710 2215 758 natura

103 795 311 852 intime
353 793 617 875 copulata
659 805 834 865 sunt,
876 790 949 849 ab
986 792 1241 850 invicem
1275 789 1641 864 divellend0‚
1682 791 1777 850 vel
1815 792 1888 850 ad
1927 791 2217 871 abjectum

105 890 523 970 empyrismum
554 900 728 968 atque
761 886 905 945 adeo
941 884 1423 944 materialismum
1451 928 1466 957 ,
1509 882 1604 942 vel
1634 883 1710 942 ad
1732 907 1948 965 purum
1981 887 2217 947 idealis-

106 1006 270 1041 mum
307 983 626 1043 deventum
660 993 767 1039 est.

189 1079 285 1137 18.
335 1079 415 1135 Ex
441 1075 655 1158 duplici
675 1074 784 1132 hoc
806 1074 1205 1152 cognitionum
1227 1071 1431 1142 ordine
1456 1070 1756 1130 nonnullae
1775 1072 1989 1134 diversi
2008 1075 2215 1136 itidem

104 1172 320 1231 ordinis
367 1169 697 1230 essentiales
746 1189 811 1226 ac
831 1212 847 1238 ,
901 1179 965 1226 ut
1010 1169 1088 1226 ita
1136 1167 1326 1233 dicam
1354 1211 1370 1240 ,
1417 1166 1887 1227 fundamentales
1938 1171 2210 1232 veritates

104 1268 439 1339 dimanant,
463 1285 592 1344 quae
613 1262 887 1322 humanae
911 1262 1277 1322 certitudinis
1303 1283 1367 1320 ac
1389 1262 1642 1320 scientiae
1667 1260 1854 1321 basim
1880 1263 2209 1326 efformant.

104 1362 186 1418 Ex
235 1359 438 1418 ordine
488 1359 647 1417 enim
702 1358 996 1438 empyrico
1046 1358 1168 1415 sive
1218 1378 1289 1415 ex
1333 1356 1494 1414 factis
1547 1358 1795 1417 internae
1846 1362 2216 1440 experientiae

103 1453 279 1513 habet
305 1453 560 1511 humana
588 1473 753 1511 mens
774 1452 1052 1510 intimum
1075 1473 1140 1510 ac
1166 1450 1608 1511 substantialem
1633 1473 1869 1511 sensum
1892 1454 1981 1512 sui
2002 1454 2179 1536 ipsius
2196 1501 2214 1530 ,

102 1571 203 1608 seu
240 1547 396 1630 quod
429 1548 779 1606 recentiores
825 1557 1034 1606 vocant
1056 1591 1071 1621 7
1113 1547 1336 1628 proprii
1377 1547 1543 1626 E90,·
1578 1548 1798 1629 quippe
1825 1568 1958 1606 cum
1988 1551 2217 1610 animus

101 1643 209 1703 sibi
235 1644 346 1722 ipsi
374 1644 581 1703 intime
609 1641 930 1725 applicatus
959 1642 1034 1700 sit
1054 1687 1070 1716 ,
1105 1644 1360 1724 seipsum
1393 1653 1678 1724 perpetuo
1707 1647 1924 1702 sentiat
1949 1657 2213 1727 oportet,

101 1739 180 1797 sic
215 1749 279 1797 ut
305 1760 610 1819 nunquam
641 1759 747 1796 nos
781 1738 905 1796 sine
941 1736 1110 1796 nobis
1147 1758 1272 1796 esse
1301 1758 1368 1797 ac
1394 1738 1588 1800 vivere
1613 1739 1900 1820 possimus
1923 1738 2033 1819 (1).
2061 1740 2213 1801 Hinc

171 1929 236 1992 (l)
272 1928 321 1976 Si
348 1931 530 1976 animus
553 1945 600 1976 se
624 1930 778 1993 ipsum
806 1946 903 1976 non
932 1945 1113 1992 semper

99 2014 308 2068 sentiret,
337 2013 374 2058 si
394 2027 479 2058 nos
500 2012 599 2058 sine
618 2011 753 2057 nobis
778 2026 992 2074 unquam
1016 2027 1112 2058 esse

99 2110 355 2156 possemus,
383 2091 440 2139 de
463 2091 702 2139 identitate
721 2109 774 2140 ac
791 2092 1111 2157 personalitate

102 2185 253 2222 nostra
285 2177 393 2222 certi
421 2191 479 2221 ne
511 2174 701 2239 quidem
730 2191 824 2222 esse
852 2190 1108 2238 possemus.

103 2254 371 2320 Opportune
394 2255 452 2302 cl.
479 2252 725 2317 Gallupius
749 2291 762 2312 ‚
791 2252 968 2319 Saqqio
990 2255 1115 2302 sulla

103 2338 273 2384 critica
295 2335 417 2384 della
433 2352 745 2393 conoscenza,
770 2328 934 2399 Napoli
958 2333 1083 2401 1819
1098 2373 1111 2394 ‚

103 2428 215 2465 tom.
238 2435 280 2477 1,
309 2433 410 2481 pag.
451 2433 505 2481 ¹7
541 2434 553 2465 ε
583 2415 645 2463 Se
670 2417 719 2464 la
744 2419 1019 2477 coscienza,
1042 2421 1114 2465 in-

103 2503 238 2565 quit,
282 2499 365 2546 che
396 2502 444 2547 io
482 2499 540 2547 ho
583 2499 700 2547 delle
739 2502 832 2547 mie
868 2500 1116 2563 modifica·

104 2584 243 2630 aioni
274 2599 370 2630 mm
395 2583 523 2646 fosse
561 2586 704 2629 mn'ta
744 2580 794 2629 al
838 2585 1114 2630 sentimenta

103 2665 178 2714 del
210 2667 306 2712 mio
343 2681 518 2723 essere,
558 2667 605 2712 io
640 2682 737 2712 non
772 2667 933 2729 saprei
963 2672 1115 2713 certa-

102 2755 255 2794 mente
287 2748 606 2806 riconoscere,
642 2747 725 2794 che
760 2749 835 2793 cio
870 2745 954 2794 che
984 2748 1055 2794 mi
1090 2746 1114 2792 ὀ

102 2828 437 2893 accadutojeri
446 2863 459 2884 ,
480 2829 553 2874 sia
570 2827 798 2875 accaduto
815 2845 845 2874 a
858 2845 931 2875 me
949 2837 1086 2875 stesso
1097 2846 1113 2875 .·

103 2913 151 2958 io
177 2926 275 2957 non
299 2911 454 2974 petrei
481 2917 765 2957 certameme
785 2909 1116 2972 riquardarmi

105 2990 147 3038 Io
187 3001 325 3039 stesso
362 3007 509 3038 essere
543 2989 657 3037 nell'
689 3000 783 3038 atto
819 2989 903 3037 che
945 2990 985 3038 le
1019 2993 1113 3038 mie

100 3074 398 3135 pertensium,
436 3075 459 3119 i
499 3074 616 3119 mie-i
649 3074 867 3137 pensieri
882 3108 898 3132 ‚
944 3071 986 3119 le
1018 3075 1113 3119 mie

107 3152 461 3214 modificazioni
482 3159 529 3200 si
545 3152 899 3218 molcipticano,
921 3169 1111 3200 cassano

110 3231 162 3278 di
186 3247 362 3294 essere,
401 3252 426 3282 e
454 3238 501 3282 si
531 3235 791 3283 succedono
822 3238 1109 3283 incessante-

112 3319 278 3360 meme.
312 3313 466 3364 Versio
504 3318 644 3365 latina
677 3320 899 3382 reperitur
931 3319 988 3365 ad
1020 3317 1113 3364 cal-

111 3408 212 3439 cem
232 3393 494 3446 voluminis.
513 3398 693 3447 Exinde
712 3409 835 3464 patet
852 3398 1111 3446 absurditas

110 3484 354 3536 conceptus
397 3475 566 3528 Ficlitei
584 3515 598 3537 ‚
637 3479 770 3545 juxta
814 3498 954 3546 quein
1002 3479 1053 3527 E
1051 3496 1110 3542 9⁰

102 3555 245 3617 ponit
261 3589 276 3608 ,
306 3564 432 3602 creat
459 3561 664 3623 seipsum
693 3579 746 3610 eo
769 3567 876 3627 ipso
903 3562 1110 3610 idemico

107 3644 220 3683 acta
235 3671 252 3696 ,
278 3654 367 3700 quo
386 3642 554 3703 ponit,
576 3659 660 3691 sen
686 3656 815 3694 creat
837 3644 1106 3710 Non-qu,

1193 1927 1377 1976 scilicet
1394 1929 1652 1979 mundum.
1673 1930 1815 1996 Quasi
1845 1950 2013 1998 nempe
2039 1935 2054 1997 (
2072 1945 2122 1984 ut
2138 1954 2214 1986 ce·-

1195 2020 1311 2059 teras
1329 2010 1631 2060 absurditates
1651 2010 1720 2062 de'
1738 2012 1818 2062 illa
1850 2017 2079 2066 creatione
2104 2035 2216 2082 prai-

1195 2102 1362 2140 teream
1385 2092 1432 2155 )‚
1479 2103 1529 2141 ut
1571 2091 1679 2158 qu
1729 2095 1987 2146 sentiatse
2025 2097 2211 2164 ipsum,

1194 2186 1344 2238 egeret
1361 2179 1579 2236 omuino,
1607 2187 1660 2225 ut
1678 2179 1820 2230 simul
1852 2182 2038 2229 sentiret
2066 2182 2210 2243 illud,

1198 2257 1326 2321 quod
1358 2256 1606 2321 Non-qu
1640 2270 1724 2308 est.
1755 2260 1813 2307 Et
1841 2279 2046 2325 quonam
2080 2274 2212 2326 pacto

1198 2335 1307 2399 qu
1331 2337 1533 2401 seipsum
1563 2347 1609 2387 et
1634 2341 1864 2388 mundum
1902 2360 2072 2405 ponere
2102 2361 2211 2408 pos-

1200 2428 1293 2475 set,
1319 2421 1407 2465 nisi
1426 2424 1522 2482 J'am
1549 2422 1674 2483 prius
1699 2421 1888 2472 haberet
1907 2440 2092 2471 sensum
2110 2421 2212 2472 sui?

1200 2500 1322 2548 Hinc
1347 2504 1484 2548 etiam
1517 2501 1771 2550 absurditas
1801 2504 2021 2553 doctrinae
2047 2505 2212 2557 Schel-

1197 2585 1406 2649 lingianae
1438 2581 1654 2650 21·ssqu
1691 2587 1889 2652 (nempe
1908 2588 2211 2653 *primitivum

1198 2665 1338 2728 qu)
1382 2683 1479 2714 non
1515 2674 1584 2713 est
1620 2683 1734 2724 ens,
1777 2685 1877 2717 non
1917 2677 1985 2717 est
2024 2669 2214 2736 aliquid

1196 2747 1320 2796 reale
1337 2782 1352 2806 2
1390 2747 1574 2795 nullam
1606 2747 1744 2796 habet
1769 2748 1918 2798 aliam
1945 2753 2211 2817 proprieta-

1198 2840 1287 2877 tem
1327 2830 1429 2876 nisi
1462 2828 1588 2876 hanc
1625 2831 1898 2894 neqativam
1933 2832 2131 2898 (nempe
2157 2844 2211 2882 ut

1195 2910 1316 2959 nihil
1349 2911 1456 2972 sit).
1491 2909 1722 2958 Primum
1750 2911 2070 2978 philosophias
2097 2930 2210 2978 pra-

1195 2994 1346 3042 blema
1374 3003 1443 3042 est
1469 2995 1687 3043 invenire
1713 2994 1768 3041 id
1783 3030 1801 3056 ,
1850 2995 1976 3060 quod
2009 3005 2211 3061 nequeat

1195 3076 1400 3124 absolute
1416 3077 1636 3140 coquosci
1649 3085 1891 3140 tamquam
1907 3093 2009 3126 em.
2020 3077 2207 3143 System

1194 3157 1275 3204 des
1317 3154 1726 3204 trascendentalen
1764 3154 2089 3219 Idealinmue,
2125 3176 2205 3207 seu

1195 3240 1410 3305 Systema
1459 3237 1699 3288 ideal-imi
1742 3239 2162 3289 tramcendentalis
2185 3277 2200 3301 ,

1195 3323 1397 3387 Tubing.
1435 3319 1559 3370 1800
1580 3357 1594 3379 ‚
1630 3322 1723 3370 vol.
1759 3338 1845 3382 ιιι,
1884 3340 1985 3388 pag.
2019 3320 2202 3389 43-49.

1193 3403 1318 3452 Hinc
1350 3404 1539 3452 demum
1574 3402 1845 3467 perabsurdi
1886 3414 2075 3453 conatus
2101 3423 2203 3453 om-

1193 3501 1276 3533 nes
1301 3481 1700 3532 nco-Germanicia
1731 3481 2032 3549 philosophiae
2048 3521 2061 3544 ,
2096 3500 2199 3549 quae

1194 3566 1287 3614 duo
1325 3563 1428 3629 qu
1448 3599 1464 3626 ‚
1502 3564 1702 3612 alterum
1733 3563 1908 3614 scilicet
1929 3563 2202 3630 phoenome-

1194 3647 1390 3708 nicam,
1426 3645 1622 3695 alterum
1665 3644 2010 3710 substantiale,
2051 3663 2201 3696 uuum

1778 3724 1877 3782 22.
