<?xml version="1.0" encoding="UTF-8"?>
<!DOCTYPE html PUBLIC "-//W3C//DTD XHTML 1.0 Transitional//EN"
    "http://www.w3.org/TR/xhtml1/DTD/xhtml1-transitional.dtd">
<html xmlns="http://www.w3.org/1999/xhtml" xml:lang="en" lang="en">
 <head>
  <title>
</title>
<meta http-equiv="Content-Type" content="text/html;charset=utf-8" />
  <meta name='ocr-system' content='tesseract 3.04.00' />
  <meta name='ocr-capabilities' content='ocr_page ocr_carea ocr_par ocr_line ocrx_word'/>
</head>
<body>
  <div class='ocr_page' id='page_1' title='image "a603693809perruoft_0420.png"; bbox 0 0 2502 4134; ppageno 0'>
   <div class='ocr_carea' id='block_1_1' title="bbox 274 65 393 125">
    <p class='ocr_par' dir='ltr' id='par_1_1' title="bbox 274 65 393 125">
     <span class='ocr_line' id='line_1_1' title="bbox 274 65 393 125; baseline 0 -1"><span class='ocrx_word' id='word_1_1' title='bbox 274 65 393 125; x_wconf 71' lang='lat'><strong>412</strong></span> 
     </span>
    </p>
   </div>
   <div class='ocr_carea' id='block_1_2' title="bbox 902 95 1819 145">
    <p class='ocr_par' dir='ltr' id='par_1_2' title="bbox 902 95 1819 145">
     <span class='ocr_line' id='line_1_2' title="bbox 902 95 1819 145; baseline 0.016 -14"><span class='ocrx_word' id='word_1_2' title='bbox 902 95 1097 134; x_wconf 77' lang='lat' dir='ltr'><strong>TRAGT.</strong></span> <span class='ocrx_word' id='word_1_3' title='bbox 1147 98 1215 135; x_wconf 72' lang='lat' dir='ltr'><strong>DE</strong></span> <span class='ocrx_word' id='word_1_4' title='bbox 1259 97 1406 139; x_wconf 78' lang='lat' dir='ltr'><strong>mels</strong></span> <span class='ocrx_word' id='word_1_5' title='bbox 1448 102 1819 145; x_wconf 67' lang='lat' dir='ltr'><strong>rnssozoalcls.</strong></span> 
     </span>
    </p>
   </div>
   <div class='ocr_carea' id='block_1_3' title="bbox 1015 252 1653 319">
    <p class='ocr_par' dir='ltr' id='par_1_3' title="bbox 1015 252 1653 319">
     <span class='ocr_line' id='line_1_3' title="bbox 1015 252 1653 319; baseline 0.016 -9"><span class='ocrx_word' id='word_1_6' title='bbox 1015 252 1058 310; x_wconf 88' lang='lat' dir='ltr'><strong>l.</strong></span> <span class='ocrx_word' id='word_1_7' title='bbox 1107 253 1207 313; x_wconf 63' lang='lat' dir='ltr'><strong>De&gt;</strong></span> <span class='ocrx_word' id='word_1_8' title='bbox 1245 254 1653 319; x_wconf 76' lang='lat' dir='ltr'><strong>PantheismO.</strong></span> 
     </span>
    </p>
   </div>
   <div class='ocr_carea' id='block_1_4' title="bbox 271 449 2393 748">
    <p class='ocr_par' dir='ltr' id='par_1_4' title="bbox 271 449 2393 748">
     <span class='ocr_line' id='line_1_4' title="bbox 358 449 2393 556; baseline 0.015 -49"><span class='ocrx_word' id='word_1_9' title='bbox 358 449 493 509; x_wconf 81' lang='lat'><strong>123.</strong></span> <span class='ocrx_word' id='word_1_10' title='bbox 544 450 949 513; x_wconf 89' lang='lat' dir='ltr'><strong>Pantheismus</strong></span> <span class='ocrx_word' id='word_1_11' title='bbox 973 500 988 529; x_wconf 62' lang='lat'>7</span> <span class='ocrx_word' id='word_1_12' title='bbox 1035 456 1134 538; x_wconf 90' lang='lat' dir='ltr'><strong>qui</strong></span> <span class='ocrx_word' id='word_1_13' title='bbox 1170 457 1378 539; x_wconf 91' lang='lat' dir='ltr'><strong>quovis</strong></span> <span class='ocrx_word' id='word_1_14' title='bbox 1423 470 1691 543; x_wconf 88' lang='lat' dir='ltr'><strong>tempore</strong></span> <span class='ocrx_word' id='word_1_15' title='bbox 1730 463 1862 545; x_wconf 92' lang='lat' dir='ltr'><strong>plus</strong></span> <span class='ocrx_word' id='word_1_16' title='bbox 1900 469 2094 532; x_wconf 87' lang='lat' dir='ltr'><strong>minus</strong></span> <span class='ocrx_word' id='word_1_17' title='bbox 2132 474 2393 556; x_wconf 87' lang='lat' dir='ltr'><strong>philoso-</strong></span> 
     </span>
     <span class='ocr_line' id='line_1_5' title="bbox 272 545 2391 646; baseline 0.014 -44"><span class='ocrx_word' id='word_1_18' title='bbox 272 545 474 628; x_wconf 87' lang='lat' dir='ltr'><strong>phiam</strong></span> <span class='ocrx_word' id='word_1_19' title='bbox 506 546 740 622; x_wconf 74' lang='lat' dir='ltr'><strong>infecit,</strong></span> <span class='ocrx_word' id='word_1_20' title='bbox 782 559 946 609; x_wconf 86' lang='lat' dir='ltr'><strong>aetate</strong></span> <span class='ocrx_word' id='word_1_21' title='bbox 979 549 1089 610; x_wconf 85' lang='lat' dir='ltr'><strong>hac</strong></span> <span class='ocrx_word' id='word_1_22' title='bbox 1127 565 1327 612; x_wconf 87' lang='lat' dir='ltr'><strong>nostra</strong></span> <span class='ocrx_word' id='word_1_23' title='bbox 1376 554 1546 637; x_wconf 84' lang='lat' dir='ltr'><strong>longe</strong></span> <span class='ocrx_word' id='word_1_24' title='bbox 1588 557 1820 641; x_wconf 89' lang='lat' dir='ltr'><strong>lateque</strong></span> <span class='ocrx_word' id='word_1_25' title='bbox 1862 560 2103 626; x_wconf 86' lang='lat' dir='ltr'><strong>diffusus</strong></span> <span class='ocrx_word' id='word_1_26' title='bbox 2145 581 2266 646; x_wconf 67' lang='lat' dir='ltr'><strong>est,</strong></span> <span class='ocrx_word' id='word_1_27' title='bbox 2311 572 2391 630; x_wconf 89' lang='lat' dir='ltr'><strong>ita</strong></span> 
     </span>
     <span class='ocr_line' id='line_1_6' title="bbox 271 644 2392 748; baseline 0.012 -49"><span class='ocrx_word' id='word_1_28' title='bbox 271 652 339 701; x_wconf 90' lang='lat' dir='ltr'><strong>ut</strong></span> <span class='ocrx_word' id='word_1_29' title='bbox 380 662 511 703; x_wconf 88' lang='lat' dir='ltr'><strong>vere</strong></span> <span class='ocrx_word' id='word_1_30' title='bbox 551 644 791 705; x_wconf 72' lang='lat' dir='ltr'><strong>haereaeis</strong></span> <span class='ocrx_word' id='word_1_31' title='bbox 830 649 1016 707; x_wconf 78' lang='lat' dir='ltr'><strong>seculi</strong></span> <span class='ocrx_word' id='word_1_32' title='bbox 1058 649 1215 709; x_wconf 86' lang='lat' dir='ltr'><strong>XIX</strong></span> <span class='ocrx_word' id='word_1_33' title='bbox 1262 650 1437 710; x_wconf 87' lang='lat' dir='ltr'><strong>fuerit</strong></span> <span class='ocrx_word' id='word_1_34' title='bbox 1471 667 1846 737; x_wconf 89' lang='lat' dir='ltr'><strong>nuncupatus</strong></span> <span class='ocrx_word' id='word_1_35' title='bbox 1885 658 2000 740; x_wconf 88' lang='lat' dir='ltr'><strong>(l).</strong></span> <span class='ocrx_word' id='word_1_36' title='bbox 2048 661 2392 748; x_wconf 86' lang='lat' dir='ltr'><strong>Multiplices</strong></span> 
     </span>
    </p>
   </div>
   <div class='ocr_carea' id='block_1_5' title="bbox 265 890 1291 1461">
    <p class='ocr_par' dir='ltr' id='par_1_5' title="bbox 265 890 1291 1461">
     <span class='ocr_line' id='line_1_7' title="bbox 269 890 1288 962; baseline 0.005 -23"><span class='ocrx_word' id='word_1_37' title='bbox 269 908 384 956; x_wconf 90' lang='lat' dir='ltr'><strong>pure</strong></span> <span class='ocrx_word' id='word_1_38' title='bbox 411 890 815 959; x_wconf 77' lang='lat' dir='ltr'><strong>philosophicum.</strong></span> <span class='ocrx_word' id='word_1_39' title='bbox 853 892 1063 943; x_wconf 89' lang='lat' dir='ltr'><strong>Primum</strong></span> <span class='ocrx_word' id='word_1_40' title='bbox 1104 898 1288 962; x_wconf 86' lang='lat' dir='ltr'><strong>impetit</strong></span> 
     </span>
     <span class='ocr_line' id='line_1_8' title="bbox 269 975 1291 1044; baseline 0.006 -22"><span class='ocrx_word' id='word_1_41' title='bbox 269 975 572 1024; x_wconf 79' lang='lat' dir='ltr'><strong>fundamenta</strong></span> <span class='ocrx_word' id='word_1_42' title='bbox 589 977 879 1026; x_wconf 87' lang='lat' dir='ltr'><strong>revelationis</strong></span> <span class='ocrx_word' id='word_1_43' title='bbox 891 1015 903 1038; x_wconf 85' lang='lat'>‚</span> <span class='ocrx_word' id='word_1_44' title='bbox 924 979 1165 1039; x_wconf 86' lang='lat' dir='ltr'><strong>miracula,</strong></span> <span class='ocrx_word' id='word_1_45' title='bbox 1183 996 1291 1044; x_wconf 87' lang='lat' dir='ltr'><strong>pro-</strong></span> 
     </span>
     <span class='ocr_line' id='line_1_9' title="bbox 268 1057 1285 1124; baseline 0.004 -18"><span class='ocrx_word' id='word_1_46' title='bbox 268 1057 476 1123; x_wconf 83' lang='lat' dir='ltr'><strong>phetias,</strong></span> <span class='ocrx_word' id='word_1_47' title='bbox 501 1061 850 1124; x_wconf 82' lang='lat' dir='ltr'>inspirationem</span> <span class='ocrx_word' id='word_1_48' title='bbox 877 1079 992 1110; x_wconf 89' lang='lat' dir='ltr'><strong>sacr.</strong></span> <span class='ocrx_word' id='word_1_49' title='bbox 1013 1060 1285 1123; x_wconf 76' lang='lat' dir='ltr'><strong>Librorum,</strong></span> 
     </span>
     <span class='ocr_line' id='line_1_10' title="bbox 267 1141 1288 1207; baseline 0.004 -19"><span class='ocrx_word' id='word_1_50' title='bbox 267 1157 323 1189; x_wconf 89' lang='lat' dir='ltr'><strong>ac</strong></span> <span class='ocrx_word' id='word_1_51' title='bbox 347 1141 525 1207; x_wconf 87' lang='lat' dir='ltr'><strong>singula</strong></span> <span class='ocrx_word' id='word_1_52' title='bbox 549 1142 758 1207; x_wconf 84' lang='lat' dir='ltr'><strong>dogmata</strong></span> <span class='ocrx_word' id='word_1_53' title='bbox 774 1143 1032 1192; x_wconf 64' lang='lat' dir='ltr'><strong>christianae</strong></span> <span class='ocrx_word' id='word_1_54' title='bbox 1061 1144 1188 1193; x_wconf 81' lang='lat' dir='ltr'><strong>fidei.</strong></span> <span class='ocrx_word' id='word_1_55' title='bbox 1206 1143 1288 1192; x_wconf 75' lang='lat' dir='ltr'><strong>Al-</strong></span> 
     </span>
     <span class='ocr_line' id='line_1_11' title="bbox 265 1225 1287 1294; baseline 0.004 -20"><span class='ocrx_word' id='word_1_56' title='bbox 265 1228 648 1291; x_wconf 84' lang='lat' dir='ltr'><strong>terumpertinet</strong></span> <span class='ocrx_word' id='word_1_57' title='bbox 683 1225 741 1275; x_wconf 91' lang='lat' dir='ltr'><strong>ad</strong></span> <span class='ocrx_word' id='word_1_58' title='bbox 776 1227 892 1276; x_wconf 89' lang='lat' dir='ltr'><strong>illud</strong></span> <span class='ocrx_word' id='word_1_59' title='bbox 925 1228 1287 1294; x_wconf 86' lang='lat' dir='ltr'><strong>philosophandi</strong></span> 
     </span>
     <span class='ocr_line' id='line_1_12' title="bbox 266 1309 1290 1376; baseline 0.004 -19"><span class='ocrx_word' id='word_1_60' title='bbox 266 1326 409 1374; x_wconf 87' lang='lat' dir='ltr'><strong>genus</strong></span> <span class='ocrx_word' id='word_1_61' title='bbox 427 1345 441 1370; x_wconf 89' lang='lat'><em>‚</em></span> <span class='ocrx_word' id='word_1_62' title='bbox 470 1309 598 1376; x_wconf 90' lang='lat' dir='ltr'><strong>quod</strong></span> <span class='ocrx_word' id='word_1_63' title='bbox 628 1310 916 1376; x_wconf 78' lang='lat' dir='ltr'><strong>progreditur</strong></span> <span class='ocrx_word' id='word_1_64' title='bbox 941 1328 994 1359; x_wconf 85' lang='lat' dir='ltr'><strong>ex</strong></span> <span class='ocrx_word' id='word_1_65' title='bbox 1021 1314 1147 1376; x_wconf 90' lang='lat' dir='ltr'><strong>puris</strong></span> <span class='ocrx_word' id='word_1_66' title='bbox 1175 1330 1290 1361; x_wconf 90' lang='lat' dir='ltr'><strong>con—</strong></span> 
     </span>
     <span class='ocr_line' id='line_1_13' title="bbox 266 1391 1290 1461; baseline 0.005 -22"><span class='ocrx_word' id='word_1_67' title='bbox 266 1391 475 1458; x_wconf 88' lang='lat' dir='ltr'><strong>ceptibus</strong></span> <span class='ocrx_word' id='word_1_68' title='bbox 518 1392 762 1442; x_wconf 78' lang='lat' dir='ltr'><strong>abstractis</strong></span> <span class='ocrx_word' id='word_1_69' title='bbox 809 1393 1072 1442; x_wconf 86' lang='lat' dir='ltr'><strong>intellectus</strong></span> <span class='ocrx_word' id='word_1_70' title='bbox 1092 1431 1106 1455; x_wconf 84' lang='lat'>‚</span> <span class='ocrx_word' id='word_1_71' title='bbox 1152 1404 1290 1461; x_wconf 86' lang='lat' dir='ltr'><strong>atque</strong></span> 
     </span>
    </p>
   </div>
   <div class='ocr_carea' id='block_1_6' title="bbox 265 1463 1309 1543">
    <p class='ocr_par' dir='ltr' id='par_1_6' title="bbox 265 1463 1309 1543">
     <span class='ocr_line' id='line_1_14' title="bbox 265 1463 1309 1543; baseline 0.006 -21"><span class='ocrx_word' id='word_1_72' title='bbox 265 1474 326 1523; x_wconf 85' lang='lat' dir='ltr'><strong>ab</strong></span> <span class='ocrx_word' id='word_1_73' title='bbox 357 1474 413 1523; x_wconf 84' lang='lat' dir='ltr'><strong>iis</strong></span> <span class='ocrx_word' id='word_1_74' title='bbox 442 1474 706 1525; x_wconf 76' lang='lat' dir='ltr'><strong>realitatem</strong></span> <span class='ocrx_word' id='word_1_75' title='bbox 739 1477 1019 1543; x_wconf 80' lang='lat' dir='ltr'><strong>objectivam</strong></span> <span class='ocrx_word' id='word_1_76' title='bbox 1062 1494 1221 1526; x_wconf 76' lang='lat' dir='ltr'><strong>rerum</strong></span> <span class='ocrx_word' id='word_1_77' title='bbox 1262 1463 1309 1528; x_wconf 38' lang='lat' dir='ltr'><strong>a*</strong></span> 
     </span>
    </p>
   </div>
   <div class='ocr_carea' id='block_1_7' title="bbox 263 1559 1298 3690">
    <p class='ocr_par' dir='ltr' id='par_1_7' title="bbox 263 1559 1298 3527">
     <span class='ocr_line' id='line_1_15' title="bbox 264 1559 1283 1625; baseline 0.004 -20"><span class='ocrx_word' id='word_1_78' title='bbox 264 1559 408 1622; x_wconf 85' lang='lat' dir='ltr'>priori</span> <span class='ocrx_word' id='word_1_79' title='bbox 448 1559 620 1608; x_wconf 84' lang='lat' dir='ltr'><strong>educit.</strong></span> <span class='ocrx_word' id='word_1_80' title='bbox 659 1559 783 1609; x_wconf 88' lang='lat' dir='ltr'><strong>Hinc</strong></span> <span class='ocrx_word' id='word_1_81' title='bbox 816 1560 1283 1625; x_wconf 76' lang='lat' dir='ltr'><strong><em>comprehensionem</em></strong></span> 
     </span>
     <span class='ocr_line' id='line_1_16' title="bbox 265 1642 1283 1708; baseline 0.004 -20"><span class='ocrx_word' id='word_1_82' title='bbox 265 1642 492 1708; x_wconf 91' lang='lat' dir='ltr'><strong>cujusque</strong></span> <span class='ocrx_word' id='word_1_83' title='bbox 533 1644 600 1691; x_wconf 90' lang='lat' dir='ltr'><strong>rei</strong></span> <span class='ocrx_word' id='word_1_84' title='bbox 644 1645 975 1708; x_wconf 79' lang='lat' dir='ltr'><strong>scientiamque</strong></span> <span class='ocrx_word' id='word_1_85' title='bbox 1018 1642 1283 1692; x_wconf 77' lang='lat' dir='ltr'><strong>absolutam</strong></span> 
     </span>
     <span class='ocr_line' id='line_1_17' title="bbox 265 1723 1283 1790; baseline 0.002 -18"><span class='ocrx_word' id='word_1_86' title='bbox 265 1724 440 1788; x_wconf 82' lang='lat' dir='ltr'><strong>exigit3</strong></span> <span class='ocrx_word' id='word_1_87' title='bbox 493 1723 697 1790; x_wconf 77' lang='lat' dir='ltr'><strong>loqicam</strong></span> <span class='ocrx_word' id='word_1_88' title='bbox 743 1725 1185 1774; x_wconf 79' lang='lat' dir='ltr'><strong>demonstrationem</strong></span> <span class='ocrx_word' id='word_1_89' title='bbox 1233 1729 1283 1774; x_wconf 90' lang='lat' dir='ltr'><strong>in</strong></span> 
     </span>
     <span class='ocr_line' id='line_1_18' title="bbox 264 1807 1285 1872; baseline 0.004 -20"><span class='ocrx_word' id='word_1_90' title='bbox 264 1807 426 1870; x_wconf 87' lang='lat' dir='ltr'><strong>primis</strong></span> <span class='ocrx_word' id='word_1_91' title='bbox 444 1809 554 1871; x_wconf 90' lang='lat' dir='ltr'><strong>ipsis</strong></span> <span class='ocrx_word' id='word_1_92' title='bbox 577 1809 815 1872; x_wconf 82' lang='lat' dir='ltr'><strong>principiis</strong></span> <span class='ocrx_word' id='word_1_93' title='bbox 843 1824 898 1856; x_wconf 91' lang='lat' dir='ltr'><strong>ac</strong></span> <span class='ocrx_word' id='word_1_94' title='bbox 924 1810 1121 1856; x_wconf 84' lang='lat' dir='ltr'><strong>internis</strong></span> <span class='ocrx_word' id='word_1_95' title='bbox 1147 1807 1285 1857; x_wconf 87' lang='lat' dir='ltr'><strong>factis</strong></span> 
     </span>
     <span class='ocr_line' id='line_1_19' title="bbox 264 1889 1285 1956; baseline 0.005 -22"><span class='ocrx_word' id='word_1_96' title='bbox 264 1889 459 1953; x_wconf 82' lang='lat' dir='ltr'><strong>requirit</strong></span> <span class='ocrx_word' id='word_1_97' title='bbox 477 1906 492 1951; x_wconf 86' lang='lat'>;</span> <span class='ocrx_word' id='word_1_98' title='bbox 535 1890 861 1938; x_wconf 82' lang='lat' dir='ltr'><strong>certitudinem</strong></span> <span class='ocrx_word' id='word_1_99' title='bbox 882 1908 1089 1939; x_wconf 70' lang='lat' dir='ltr'><strong>omnem</strong></span> <span class='ocrx_word' id='word_1_100' title='bbox 1129 1901 1285 1956; x_wconf 83' lang='lat' dir='ltr'><strong>praeter</strong></span> 
     </span>
     <span class='ocr_line' id='line_1_20' title="bbox 263 1971 1287 2040; baseline 0.004 -22"><span class='ocrx_word' id='word_1_101' title='bbox 263 1971 646 2020; x_wconf 77' lang='lat' dir='ltr'><strong>mathematicam</strong></span> <span class='ocrx_word' id='word_1_102' title='bbox 674 1975 845 2040; x_wconf 87' lang='lat' dir='ltr'><strong>rejicit;</strong></span> <span class='ocrx_word' id='word_1_103' title='bbox 875 1974 1107 2040; x_wconf 89' lang='lat' dir='ltr'><strong>quidquid</strong></span> <span class='ocrx_word' id='word_1_104' title='bbox 1128 1975 1287 2038; x_wconf 88' lang='lat' dir='ltr'><strong>positi-</strong></span> 
     </span>
     <span class='ocr_line' id='line_1_21' title="bbox 264 2053 1284 2121; baseline 0.002 -18"><span class='ocrx_word' id='word_1_105' title='bbox 264 2071 377 2103; x_wconf 84' lang='lat' dir='ltr'><strong>vum</strong></span> <span class='ocrx_word' id='word_1_106' title='bbox 410 2073 462 2104; x_wconf 91' lang='lat' dir='ltr'><strong>ac</strong></span> <span class='ocrx_word' id='word_1_107' title='bbox 484 2055 755 2104; x_wconf 89' lang='lat' dir='ltr'><strong>historicum</strong></span> <span class='ocrx_word' id='word_1_108' title='bbox 786 2066 853 2104; x_wconf 86' lang='lat' dir='ltr'><strong>est</strong></span> <span class='ocrx_word' id='word_1_109' title='bbox 872 2092 886 2115; x_wconf 88' lang='lat'>‚</span> <span class='ocrx_word' id='word_1_110' title='bbox 914 2057 1141 2121; x_wconf 87' lang='lat' dir='ltr'><strong>repudiat.</strong></span> <span class='ocrx_word' id='word_1_111' title='bbox 1162 2053 1284 2105; x_wconf 83' lang='lat' dir='ltr'><strong>Phi-</strong></span> 
     </span>
     <span class='ocr_line' id='line_1_22' title="bbox 266 2136 1288 2206; baseline 0.003 -20"><span class='ocrx_word' id='word_1_112' title='bbox 266 2136 533 2204; x_wconf 82' lang='lat' dir='ltr'><strong>losophicus</strong></span> <span class='ocrx_word' id='word_1_113' title='bbox 565 2141 650 2188; x_wconf 89' lang='lat' dir='ltr'><strong>iste</strong></span> <span class='ocrx_word' id='word_1_114' title='bbox 679 2139 1055 2201; x_wconf 82' lang='lat' dir='ltr'><strong>rationalismus‚</strong></span> <span class='ocrx_word' id='word_1_115' title='bbox 1099 2143 1180 2206; x_wconf 92' lang='lat' dir='ltr'><strong>qui</strong></span> <span class='ocrx_word' id='word_1_116' title='bbox 1215 2141 1288 2190; x_wconf 89' lang='lat' dir='ltr'><strong>vel</strong></span> 
     </span>
     <span class='ocr_line' id='line_1_23' title="bbox 266 2220 1286 2288; baseline 0.003 -19"><span class='ocrx_word' id='word_1_117' title='bbox 266 2220 328 2270; x_wconf 91' lang='lat' dir='ltr'><strong>ad</strong></span> <span class='ocrx_word' id='word_1_118' title='bbox 354 2222 648 2271; x_wconf 87' lang='lat' dir='ltr'><strong>idealismum</strong></span> <span class='ocrx_word' id='word_1_119' title='bbox 667 2223 740 2271; x_wconf 85' lang='lat' dir='ltr'><strong>vel</strong></span> <span class='ocrx_word' id='word_1_120' title='bbox 762 2223 818 2272; x_wconf 90' lang='lat' dir='ltr'><strong>ad</strong></span> <span class='ocrx_word' id='word_1_121' title='bbox 836 2226 1179 2288; x_wconf 88' lang='lat' dir='ltr'><strong>pantheismum</strong></span> <span class='ocrx_word' id='word_1_122' title='bbox 1197 2224 1286 2272; x_wconf 87' lang='lat' dir='ltr'><strong>du·</strong></span> 
     </span>
     <span class='ocr_line' id='line_1_24' title="bbox 266 2304 1289 2370; baseline 0.002 -18"><span class='ocrx_word' id='word_1_123' title='bbox 266 2305 357 2362; x_wconf 85' lang='lat' dir='ltr'><strong>cit,</strong></span> <span class='ocrx_word' id='word_1_124' title='bbox 391 2321 498 2352; x_wconf 87' lang='lat' dir='ltr'><strong>cum</strong></span> <span class='ocrx_word' id='word_1_125' title='bbox 516 2304 833 2353; x_wconf 87' lang='lat' dir='ltr'><strong>rationalismo</strong></span> <span class='ocrx_word' id='word_1_126' title='bbox 850 2304 1103 2370; x_wconf 64' lang='lat' dir='ltr'><strong>theologico</strong></span> <span class='ocrx_word' id='word_1_127' title='bbox 1124 2308 1289 2355; x_wconf 87' lang='lat' dir='ltr'><strong>intime</strong></span> 
     </span>
     <span class='ocr_line' id='line_1_25' title="bbox 268 2389 1291 2457; baseline 0.003 -21"><span class='ocrx_word' id='word_1_128' title='bbox 268 2403 506 2437; x_wconf 84' lang='lat' dir='ltr'><strong>connexus</strong></span> <span class='ocrx_word' id='word_1_129' title='bbox 544 2399 640 2453; x_wconf 87' lang='lat' dir='ltr'><strong>est,</strong></span> <span class='ocrx_word' id='word_1_130' title='bbox 684 2399 736 2438; x_wconf 90' lang='lat' dir='ltr'><strong>ut</strong></span> <span class='ocrx_word' id='word_1_131' title='bbox 770 2407 850 2455; x_wconf 89' lang='lat' dir='ltr'><strong>per</strong></span> <span class='ocrx_word' id='word_1_132' title='bbox 879 2405 928 2439; x_wconf 88' lang='lat' dir='ltr'><strong>se</strong></span> <span class='ocrx_word' id='word_1_133' title='bbox 955 2398 1105 2456; x_wconf 84' lang='lat' dir='ltr'><strong>patet.</strong></span> <span class='ocrx_word' id='word_1_134' title='bbox 1136 2389 1291 2457; x_wconf 78' lang='lat' dir='ltr'><strong>Atque</strong></span> 
     </span>
     <span class='ocr_line' id='line_1_26' title="bbox 265 2468 1290 2522; baseline 0.003 -5"><span class='ocrx_word' id='word_1_135' title='bbox 265 2468 363 2518; x_wconf 86' lang='lat' dir='ltr'><strong>haec</strong></span> <span class='ocrx_word' id='word_1_136' title='bbox 400 2470 458 2519; x_wconf 93' lang='lat' dir='ltr'><strong>de</strong></span> <span class='ocrx_word' id='word_1_137' title='bbox 495 2488 600 2520; x_wconf 86' lang='lat' dir='ltr'><strong>vero</strong></span> <span class='ocrx_word' id='word_1_138' title='bbox 646 2471 993 2522; x_wconf 80' lang='lat' dir='ltr'><strong>rationalismo.</strong></span> <span class='ocrx_word' id='word_1_139' title='bbox 1040 2471 1118 2520; x_wconf 85' lang='lat' dir='ltr'><strong>Nil</strong></span> <span class='ocrx_word' id='word_1_140' title='bbox 1162 2475 1290 2521; x_wconf 89' lang='lat' dir='ltr'><strong>enim</strong></span> 
     </span>
     <span class='ocr_line' id='line_1_27' title="bbox 267 2552 1284 2619; baseline 0.003 -20"><span class='ocrx_word' id='word_1_141' title='bbox 267 2568 382 2616; x_wconf 91' lang='lat' dir='ltr'><strong>opus</strong></span> <span class='ocrx_word' id='word_1_142' title='bbox 421 2562 490 2601; x_wconf 87' lang='lat' dir='ltr'><strong>est</strong></span> <span class='ocrx_word' id='word_1_143' title='bbox 522 2553 675 2602; x_wconf 88' lang='lat' dir='ltr'><strong>dicere</strong></span> <span class='ocrx_word' id='word_1_144' title='bbox 712 2552 771 2602; x_wconf 89' lang='lat' dir='ltr'><strong>de</strong></span> <span class='ocrx_word' id='word_1_145' title='bbox 805 2556 1000 2619; x_wconf 89' lang='lat' dir='ltr'><strong>pessimo</strong></span> <span class='ocrx_word' id='word_1_146' title='bbox 1033 2554 1113 2603; x_wconf 91' lang='lat' dir='ltr'><strong>illo</strong></span> <span class='ocrx_word' id='word_1_147' title='bbox 1142 2556 1284 2602; x_wconf 82' lang='lat' dir='ltr'><strong>maxi-</strong></span> 
     </span>
     <span class='ocr_line' id='line_1_28' title="bbox 266 2634 1292 2703; baseline 0.004 -22"><span class='ocrx_word' id='word_1_148' title='bbox 266 2650 440 2700; x_wconf 90' lang='lat' dir='ltr'><strong>meque</strong></span> <span class='ocrx_word' id='word_1_149' title='bbox 475 2634 890 2698; x_wconf 76' lang='lat' dir='ltr'><strong>dolendo‚abusu‚</strong></span> <span class='ocrx_word' id='word_1_150' title='bbox 932 2654 1026 2702; x_wconf 92' lang='lat' dir='ltr'><strong>quo</strong></span> <span class='ocrx_word' id='word_1_151' title='bbox 1063 2636 1292 2703; x_wconf 89' lang='lat' dir='ltr'><strong>ejusmodi</strong></span> 
     </span>
     <span class='ocr_line' id='line_1_29' title="bbox 266 2717 1291 2783; baseline 0.001 -18"><span class='ocrx_word' id='word_1_152' title='bbox 266 2733 352 2765; x_wconf 86' lang='lat' dir='ltr'><strong>vox</strong></span> <span class='ocrx_word' id='word_1_153' title='bbox 383 2726 518 2766; x_wconf 83' lang='lat' dir='ltr'><strong>aetate</strong></span> <span class='ocrx_word' id='word_1_154' title='bbox 553 2717 644 2766; x_wconf 89' lang='lat' dir='ltr'><strong>hac</strong></span> <span class='ocrx_word' id='word_1_155' title='bbox 685 2728 840 2767; x_wconf 86' lang='lat' dir='ltr'><strong>nostra</strong></span> <span class='ocrx_word' id='word_1_156' title='bbox 877 2729 1097 2783; x_wconf 88' lang='lat' dir='ltr'><strong>usurpata</strong></span> <span class='ocrx_word' id='word_1_157' title='bbox 1138 2729 1206 2766; x_wconf 87' lang='lat' dir='ltr'><strong>est</strong></span> <span class='ocrx_word' id='word_1_158' title='bbox 1239 2720 1291 2767; x_wconf 88' lang='lat' dir='ltr'><strong>in</strong></span> 
     </span>
     <span class='ocr_line' id='line_1_30' title="bbox 266 2797 1290 2868; baseline 0.004 -22"><span class='ocrx_word' id='word_1_159' title='bbox 266 2797 396 2859; x_wconf 89' lang='lat' dir='ltr'><strong>illos,</strong></span> <span class='ocrx_word' id='word_1_160' title='bbox 438 2802 519 2866; x_wconf 87' lang='lat' dir='ltr'><strong>qui</strong></span> <span class='ocrx_word' id='word_1_161' title='bbox 555 2798 770 2864; x_wconf 79' lang='lat' dir='ltr'><strong>leqitima</strong></span> <span class='ocrx_word' id='word_1_162' title='bbox 807 2803 997 2850; x_wconf 86' lang='lat' dir='ltr'><strong>rationis</strong></span> <span class='ocrx_word' id='word_1_163' title='bbox 1031 2804 1134 2868; x_wconf 82' lang='lat' dir='ltr'><strong>jura</strong></span> <span class='ocrx_word' id='word_1_164' title='bbox 1170 2803 1290 2850; x_wconf 90' lang='lat' dir='ltr'><strong>circa</strong></span> 
     </span>
     <span class='ocr_line' id='line_1_31' title="bbox 269 2885 1293 2952; baseline 0.003 -21"><span class='ocrx_word' id='word_1_165' title='bbox 269 2886 480 2934; x_wconf 81' lang='lat' dir='ltr'><strong>veritates</strong></span> <span class='ocrx_word' id='word_1_166' title='bbox 508 2885 847 2952; x_wconf 84' lang='lat' dir='ltr'><strong>metaphysicas</strong></span> <span class='ocrx_word' id='word_1_167' title='bbox 879 2903 934 2934; x_wconf 88' lang='lat' dir='ltr'><strong>ac</strong></span> <span class='ocrx_word' id='word_1_168' title='bbox 955 2885 1180 2945; x_wconf 89' lang='lat' dir='ltr'><strong>morales,</strong></span> <span class='ocrx_word' id='word_1_169' title='bbox 1205 2902 1293 2934; x_wconf 90' lang='lat' dir='ltr'><strong>nec</strong></span> 
     </span>
     <span class='ocr_line' id='line_1_32' title="bbox 267 2969 1294 3018; baseline 0.003 -3"><span class='ocrx_word' id='word_1_170' title='bbox 267 2985 365 3015; x_wconf 90' lang='lat' dir='ltr'><strong>non</strong></span> <span class='ocrx_word' id='word_1_171' title='bbox 395 2970 515 3016; x_wconf 89' lang='lat' dir='ltr'><strong>circa</strong></span> <span class='ocrx_word' id='word_1_172' title='bbox 546 2969 766 3017; x_wconf 89' lang='lat' dir='ltr'><strong>credendi</strong></span> <span class='ocrx_word' id='word_1_173' title='bbox 798 2970 970 3017; x_wconf 86' lang='lat' dir='ltr'><strong>motiva</strong></span> <span class='ocrx_word' id='word_1_174' title='bbox 1003 2969 1294 3018; x_wconf 86' lang='lat' dir='ltr'><strong>revelationis</strong></span> 
     </span>
     <span class='ocr_line' id='line_1_33' title="bbox 271 3049 1292 3118; baseline 0.004 -21"><span class='ocrx_word' id='word_1_175' title='bbox 271 3049 527 3101; x_wconf 84' lang='lat' dir='ltr'><strong>vindicant.</strong></span> <span class='ocrx_word' id='word_1_176' title='bbox 560 3050 629 3100; x_wconf 88' lang='lat' dir='ltr'><strong>Ex</strong></span> <span class='ocrx_word' id='word_1_177' title='bbox 661 3068 759 3118; x_wconf 90' lang='lat' dir='ltr'><strong>quo</strong></span> <span class='ocrx_word' id='word_1_178' title='bbox 787 3060 1174 3118; x_wconf 86' lang='lat' dir='ltr'><strong>consequeretur,</strong></span> <span class='ocrx_word' id='word_1_179' title='bbox 1201 3052 1292 3101; x_wconf 87' lang='lat' dir='ltr'><strong>Pa-</strong></span> 
     </span>
     <span class='ocr_line' id='line_1_34' title="bbox 271 3133 1296 3184; baseline 0.002 -4"><span class='ocrx_word' id='word_1_180' title='bbox 271 3139 365 3181; x_wconf 88' lang='lat' dir='ltr'><strong>tres</strong></span> <span class='ocrx_word' id='word_1_181' title='bbox 396 3151 450 3182; x_wconf 91' lang='lat' dir='ltr'><strong>ac</strong></span> <span class='ocrx_word' id='word_1_182' title='bbox 484 3134 692 3184; x_wconf 87' lang='lat' dir='ltr'><strong>doctores</strong></span> <span class='ocrx_word' id='word_1_183' title='bbox 719 3134 937 3184; x_wconf 84' lang='lat' dir='ltr'><strong>Ecclesiae</strong></span> <span class='ocrx_word' id='word_1_184' title='bbox 964 3133 1296 3183; x_wconf 78' lang='lat' dir='ltr'><strong>rationalistas</strong></span> 
     </span>
     <span class='ocr_line' id='line_1_35' title="bbox 269 3215 1295 3283; baseline 0.003 -21"><span class='ocrx_word' id='word_1_185' title='bbox 269 3215 447 3275; x_wconf 87' lang='lat' dir='ltr'><strong>fuisse,</strong></span> <span class='ocrx_word' id='word_1_186' title='bbox 489 3234 543 3265; x_wconf 88' lang='lat' dir='ltr'><strong>ac</strong></span> <span class='ocrx_word' id='word_1_187' title='bbox 580 3217 832 3267; x_wconf 86' lang='lat' dir='ltr'><strong>Ecclesiam</strong></span> <span class='ocrx_word' id='word_1_188' title='bbox 866 3221 1014 3283; x_wconf 87' lang='lat' dir='ltr'><strong>ipsam</strong></span> <span class='ocrx_word' id='word_1_189' title='bbox 1051 3236 1130 3283; x_wconf 87' lang='lat' dir='ltr'><strong>per</strong></span> <span class='ocrx_word' id='word_1_190' title='bbox 1164 3217 1295 3282; x_wconf 88' lang='lat' dir='ltr'><strong>plura</strong></span> 
     </span>
     <span class='ocr_line' id='line_1_36' title="bbox 271 3299 1298 3366; baseline 0 -19"><span class='ocrx_word' id='word_1_191' title='bbox 271 3299 427 3347; x_wconf 88' lang='lat' dir='ltr'><strong>secula</strong></span> <span class='ocrx_word' id='word_1_192' title='bbox 460 3300 511 3346; x_wconf 88' lang='lat' dir='ltr'><strong>in</strong></span> <span class='ocrx_word' id='word_1_193' title='bbox 548 3300 715 3348; x_wconf 88' lang='lat' dir='ltr'><strong>scholis</strong></span> <span class='ocrx_word' id='word_1_194' title='bbox 753 3303 847 3349; x_wconf 86' lang='lat' dir='ltr'><strong>suis</strong></span> <span class='ocrx_word' id='word_1_195' title='bbox 886 3300 1213 3366; x_wconf 89' lang='lat' dir='ltr'><strong>philosophicis</strong></span> <span class='ocrx_word' id='word_1_196' title='bbox 1243 3316 1298 3348; x_wconf 89' lang='lat' dir='ltr'><strong>ac</strong></span> 
     </span>
     <span class='ocr_line' id='line_1_37' title="bbox 273 3380 1297 3449; baseline 0.002 -20"><span class='ocrx_word' id='word_1_197' title='bbox 273 3380 542 3446; x_wconf 84' lang='lat' dir='ltr'><strong>theologicis</strong></span> <span class='ocrx_word' id='word_1_198' title='bbox 577 3382 1177 3449; x_wconf 77' lang='lat' dir='ltr'><strong>rationalismmwubique</strong></span> <span class='ocrx_word' id='word_1_199' title='bbox 1211 3382 1297 3431; x_wconf 89' lang='lat' dir='ltr'><strong>do-</strong></span> 
     </span>
     <span class='ocr_line' id='line_1_38' title="bbox 271 3463 870 3527; baseline 0 -15"><span class='ocrx_word' id='word_1_200' title='bbox 271 3464 367 3512; x_wconf 90' lang='lat' dir='ltr'><strong>ceri</strong></span> <span class='ocrx_word' id='word_1_201' title='bbox 398 3464 593 3527; x_wconf 88' lang='lat' dir='ltr'><strong>impune</strong></span> <span class='ocrx_word' id='word_1_202' title='bbox 624 3463 870 3513; x_wconf 79' lang='lat' dir='ltr'><strong>tolerasse!</strong></span> 
     </span>
    </p>

    <p class='ocr_par' dir='ltr' id='par_1_8' title="bbox 263 3544 1298 3690">
     <span class='ocr_line' id='line_1_39' title="bbox 342 3544 1298 3611; baseline -0.001 -17"><span class='ocrx_word' id='word_1_203' title='bbox 342 3545 406 3610; x_wconf 86' lang='lat'><strong>(1)</strong></span> <span class='ocrx_word' id='word_1_204' title='bbox 444 3545 544 3595; x_wconf 83' lang='lat' dir='ltr'><strong>cfr.</strong></span> <span class='ocrx_word' id='word_1_205' title='bbox 589 3545 765 3605; x_wconf 70' lang='lat' dir='ltr'><strong>maret,</strong></span> <span class='ocrx_word' id='word_1_206' title='bbox 808 3544 959 3595; x_wconf 76' lang='lat' dir='ltr'><strong>Essai</strong></span> <span class='ocrx_word' id='word_1_207' title='bbox 987 3562 1074 3595; x_wconf 80' lang='lat' dir='ltr'><strong>sur</strong></span> <span class='ocrx_word' id='word_1_208' title='bbox 1104 3544 1145 3594; x_wconf 82' lang='lat' dir='ltr'><strong>Ie</strong></span> <span class='ocrx_word' id='word_1_209' title='bbox 1167 3561 1298 3611; x_wconf 73' lang='lat' dir='ltr'><strong>pan-</strong></span> 
     </span>
     <span class='ocr_line' id='line_1_40' title="bbox 263 3627 1291 3690; baseline 0.001 -14"><span class='ocrx_word' id='word_1_210' title='bbox 263 3628 470 3678; x_wconf 70' lang='lat' dir='ltr'><strong>‘theisme</strong></span> <span class='ocrx_word' id='word_1_211' title='bbox 510 3628 632 3677; x_wconf 73' lang='lat' dir='ltr'><strong>dans</strong></span> <span class='ocrx_word' id='word_1_212' title='bbox 674 3627 740 3676; x_wconf 81' lang='lat' dir='ltr'><strong>les</strong></span> <span class='ocrx_word' id='word_1_213' title='bbox 779 3629 969 3678; x_wconf 58' lang='lat' dir='ltr'><strong>societas</strong></span> <span class='ocrx_word' id='word_1_214' title='bbox 1009 3627 1255 3677; x_wconf 64' lang='lat' dir='ltr'><strong>moderates</strong></span> <span class='ocrx_word' id='word_1_215' title='bbox 1275 3662 1291 3690; x_wconf 85' lang='lat'><em>,</em></span> 
     </span>
    </p>
   </div>
   <div class='ocr_carea' id='block_1_8' title="bbox 1362 897 2405 3693">
    <p class='ocr_par' dir='ltr' id='par_1_9' title="bbox 1362 897 2405 3693">
     <span class='ocr_line' id='line_1_41' title="bbox 1372 897 2394 974; baseline 0.014 -29"><span class='ocrx_word' id='word_1_216' title='bbox 1372 897 1497 947; x_wconf 86' lang='lat' dir='ltr'><strong>Paris</strong></span> <span class='ocrx_word' id='word_1_217' title='bbox 1547 897 1705 965; x_wconf 67' lang='lat'>1841,</span> <span class='ocrx_word' id='word_1_218' title='bbox 1753 902 1876 952; x_wconf 75' lang='lat' dir='ltr'><strong>Pref.</strong></span> <span class='ocrx_word' id='word_1_219' title='bbox 1918 920 2024 970; x_wconf 85' lang='lat' dir='ltr'><strong>pag.</strong></span> <span class='ocrx_word' id='word_1_220' title='bbox 2071 903 2164 963; x_wconf 83' lang='lat'><strong>16,</strong></span> <span class='ocrx_word' id='word_1_221' title='bbox 2206 909 2256 955; x_wconf 85' lang='lat' dir='ltr'><strong>in</strong></span> <span class='ocrx_word' id='word_1_222' title='bbox 2291 925 2394 974; x_wconf 84' lang='lat' dir='ltr'><strong>quo</strong></span> 
     </span>
     <span class='ocr_line' id='line_1_42' title="bbox 1373 982 2398 1050; baseline 0.012 -22"><span class='ocrx_word' id='word_1_223' title='bbox 1373 982 1565 1047; x_wconf 88' lang='lat' dir='ltr'><strong>quidem</strong></span> <span class='ocrx_word' id='word_1_224' title='bbox 1587 1000 1722 1049; x_wconf 77' lang='lat' dir='ltr'><strong>opere</strong></span> <span class='ocrx_word' id='word_1_225' title='bbox 1741 985 1872 1050; x_wconf 87' lang='lat' dir='ltr'><strong>plura</strong></span> <span class='ocrx_word' id='word_1_226' title='bbox 1901 998 2010 1035; x_wconf 87' lang='lat' dir='ltr'><strong>sunt</strong></span> <span class='ocrx_word' id='word_1_227' title='bbox 2044 989 2176 1038; x_wconf 87' lang='lat' dir='ltr'><strong>valde</strong></span> <span class='ocrx_word' id='word_1_228' title='bbox 2204 991 2333 1039; x_wconf 84' lang='lat' dir='ltr'><strong>utilia</strong></span> <span class='ocrx_word' id='word_1_229' title='bbox 2352 1002 2398 1040; x_wconf 87' lang='lat' dir='ltr'><strong>et</strong></span> 
     </span>
     <span class='ocr_line' id='line_1_43' title="bbox 1373 1066 2397 1126; baseline 0.009 -14"><span class='ocrx_word' id='word_1_230' title='bbox 1373 1066 1770 1126; x_wconf 86' lang='lat' dir='ltr'><strong>commendanda,</strong></span> <span class='ocrx_word' id='word_1_231' title='bbox 1814 1068 1920 1118; x_wconf 87' lang='lat' dir='ltr'><strong>licet</strong></span> <span class='ocrx_word' id='word_1_232' title='bbox 1946 1087 2042 1118; x_wconf 90' lang='lat' dir='ltr'><strong>non</strong></span> <span class='ocrx_word' id='word_1_233' title='bbox 2078 1073 2233 1120; x_wconf 85' lang='lat' dir='ltr'><strong>omnia</strong></span> <span class='ocrx_word' id='word_1_234' title='bbox 2261 1071 2397 1121; x_wconf 89' lang='lat' dir='ltr'><strong>nobis</strong></span> 
     </span>
     <span class='ocr_line' id='line_1_44' title="bbox 1373 1147 2395 1219; baseline 0.009 -25"><span class='ocrx_word' id='word_1_235' title='bbox 1373 1147 1640 1212; x_wconf 84' lang='lat' dir='ltr'><strong>probentur.</strong></span> <span class='ocrx_word' id='word_1_236' title='bbox 1684 1149 1943 1199; x_wconf 84' lang='lat' dir='ltr'><strong>Maximum</strong></span> <span class='ocrx_word' id='word_1_237' title='bbox 1982 1169 2117 1217; x_wconf 89' lang='lat' dir='ltr'><strong>porro</strong></span> <span class='ocrx_word' id='word_1_238' title='bbox 2150 1170 2395 1219; x_wconf 84' lang='lat' dir='ltr'><strong>argumen-</strong></span> 
     </span>
     <span class='ocr_line' id='line_1_45' title="bbox 1373 1231 2396 1294; baseline 0.008 -17"><span class='ocrx_word' id='word_1_239' title='bbox 1373 1239 1475 1278; x_wconf 91' lang='lat' dir='ltr'><strong>tum</strong></span> <span class='ocrx_word' id='word_1_240' title='bbox 1505 1231 1781 1294; x_wconf 86' lang='lat' dir='ltr'><strong>pantheismi</strong></span> <span class='ocrx_word' id='word_1_241' title='bbox 1817 1243 1946 1282; x_wconf 85' lang='lat' dir='ltr'><strong>aetate</strong></span> <span class='ocrx_word' id='word_1_242' title='bbox 1974 1234 2061 1283; x_wconf 87' lang='lat' dir='ltr'><strong>hac</strong></span> <span class='ocrx_word' id='word_1_243' title='bbox 2081 1246 2235 1284; x_wconf 88' lang='lat' dir='ltr'><strong>nostra</strong></span> <span class='ocrx_word' id='word_1_244' title='bbox 2265 1237 2396 1285; x_wconf 83' lang='lat' dir='ltr'><strong>inva-</strong></span> 
     </span>
     <span class='ocr_line' id='line_1_46' title="bbox 1374 1312 2397 1383; baseline 0.008 -24"><span class='ocrx_word' id='word_1_245' title='bbox 1374 1312 1584 1361; x_wconf 85' lang='lat' dir='ltr'><strong>lescentis</strong></span> <span class='ocrx_word' id='word_1_246' title='bbox 1615 1325 1722 1362; x_wconf 87' lang='lat' dir='ltr'><strong>sunt</strong></span> <span class='ocrx_word' id='word_1_247' title='bbox 1760 1318 2022 1379; x_wconf 68' lang='lat' dir='ltr'><strong>praeconia,</strong></span> <span class='ocrx_word' id='word_1_248' title='bbox 2059 1321 2191 1383; x_wconf 86' lang='lat' dir='ltr'><strong>queis</strong></span> <span class='ocrx_word' id='word_1_249' title='bbox 2227 1320 2397 1383; x_wconf 75' lang='lat' dir='ltr'><strong>impius</strong></span> 
     </span>
     <span class='ocr_line' id='line_1_47' title="bbox 1375 1389 2395 1464; baseline 0.008 -24"><span class='ocrx_word' id='word_1_250' title='bbox 1375 1389 1578 1458; x_wconf 86' lang='lat' dir='ltr'><strong>Spinoza</strong></span> <span class='ocrx_word' id='word_1_251' title='bbox 1610 1397 1806 1462; x_wconf 86' lang='lat' dir='ltr'><strong>ejusque</strong></span> <span class='ocrx_word' id='word_1_252' title='bbox 1832 1397 2084 1446; x_wconf 85' lang='lat' dir='ltr'><strong>atheismus</strong></span> <span class='ocrx_word' id='word_1_253' title='bbox 2111 1400 2395 1464; x_wconf 84' lang='lat' dir='ltr'><strong>philosophi-</strong></span> 
     </span>
     <span class='ocr_line' id='line_1_48' title="bbox 1375 1476 2396 1530; baseline 0.008 -8"><span class='ocrx_word' id='word_1_254' title='bbox 1375 1493 1457 1523; x_wconf 87' lang='lat' dir='ltr'><strong>cus</strong></span> <span class='ocrx_word' id='word_1_255' title='bbox 1499 1486 1600 1524; x_wconf 90' lang='lat' dir='ltr'><strong>tum</strong></span> <span class='ocrx_word' id='word_1_256' title='bbox 1642 1480 1693 1526; x_wconf 92' lang='lat' dir='ltr'><strong>in</strong></span> <span class='ocrx_word' id='word_1_257' title='bbox 1733 1476 1980 1528; x_wconf 87' lang='lat' dir='ltr'><strong>Germania</strong></span> <span class='ocrx_word' id='word_1_258' title='bbox 2016 1490 2117 1528; x_wconf 89' lang='lat' dir='ltr'><strong>tum</strong></span> <span class='ocrx_word' id='word_1_259' title='bbox 2153 1484 2203 1529; x_wconf 91' lang='lat' dir='ltr'><strong>in</strong></span> <span class='ocrx_word' id='word_1_260' title='bbox 2239 1480 2396 1530; x_wconf 81' lang='lat' dir='ltr'><strong>Galliis</strong></span> 
     </span>
     <span class='ocr_line' id='line_1_49' title="bbox 1377 1557 2397 1623; baseline 0.007 -18"><span class='ocrx_word' id='word_1_261' title='bbox 1377 1557 1626 1607; x_wconf 83' lang='lat' dir='ltr'><strong>extollitur.</strong></span> <span class='ocrx_word' id='word_1_262' title='bbox 1649 1559 1791 1609; x_wconf 87' lang='lat' dir='ltr'><strong>Recte</strong></span> <span class='ocrx_word' id='word_1_263' title='bbox 1821 1562 1986 1611; x_wconf 82' lang='lat' dir='ltr'><strong>dixeris</strong></span> <span class='ocrx_word' id='word_1_264' title='bbox 2003 1599 2017 1623; x_wconf 89' lang='lat'>,</span> <span class='ocrx_word' id='word_1_265' title='bbox 2049 1562 2172 1612; x_wconf 90' lang='lat' dir='ltr'><strong>hanc</strong></span> <span class='ocrx_word' id='word_1_266' title='bbox 2198 1580 2294 1612; x_wconf 91' lang='lat' dir='ltr'><strong>esse</strong></span> <span class='ocrx_word' id='word_1_267' title='bbox 2318 1581 2397 1612; x_wconf 86' lang='lat' dir='ltr'><strong>ve-</strong></span> 
     </span>
     <span class='ocr_line' id='line_1_50' title="bbox 1374 1641 2392 1710; baseline 0.006 -22"><span class='ocrx_word' id='word_1_268' title='bbox 1374 1641 1462 1689; x_wconf 91' lang='lat' dir='ltr'><strong>luti</strong></span> <span class='ocrx_word' id='word_1_269' title='bbox 1505 1660 1717 1692; x_wconf 88' lang='lat' dir='ltr'><strong>normam</strong></span> <span class='ocrx_word' id='word_1_270' title='bbox 1765 1645 2016 1710; x_wconf 82' lang='lat' dir='ltr'><strong>quamdam</strong></span> <span class='ocrx_word' id='word_1_271' title='bbox 2062 1645 2392 1707; x_wconf 89' lang='lat' dir='ltr'><strong>infallibilem,</strong></span> 
     </span>
     <span class='ocr_line' id='line_1_51' title="bbox 1368 1724 2393 1796; baseline 0.006 -25"><span class='ocrx_word' id='word_1_272' title='bbox 1368 1741 1459 1789; x_wconf 84' lang='lat' dir='ltr'><strong>qua</strong></span> <span class='ocrx_word' id='word_1_273' title='bbox 1501 1724 1559 1773; x_wconf 90' lang='lat' dir='ltr'><strong>de</strong></span> <span class='ocrx_word' id='word_1_274' title='bbox 1587 1725 1892 1791; x_wconf 84' lang='lat' dir='ltr'><strong>pantheistica</strong></span> <span class='ocrx_word' id='word_1_275' title='bbox 1925 1728 2163 1796; x_wconf 84' lang='lat' dir='ltr'><strong>tendentia</strong></span> <span class='ocrx_word' id='word_1_276' title='bbox 2199 1732 2393 1794; x_wconf 87' lang='lat' dir='ltr'><strong>scripto-</strong></span> 
     </span>
     <span class='ocr_line' id='line_1_52' title="bbox 1369 1799 2394 1874; baseline 0.004 -20"><span class='ocrx_word' id='word_1_277' title='bbox 1369 1824 1475 1855; x_wconf 89' lang='lat' dir='ltr'><strong>rum</strong></span> <span class='ocrx_word' id='word_1_278' title='bbox 1503 1807 1712 1871; x_wconf 85' lang='lat' dir='ltr'><strong>judicare</strong></span> <span class='ocrx_word' id='word_1_279' title='bbox 1742 1826 2007 1874; x_wconf 87' lang='lat' dir='ltr'><strong>possumus.</strong></span> <span class='ocrx_word' id='word_1_280' title='bbox 2035 1799 2154 1859; x_wconf 83' lang='lat' dir='ltr'><strong>Sane</strong></span> <span class='ocrx_word' id='word_1_281' title='bbox 2169 1809 2394 1860; x_wconf 87' lang='lat' dir='ltr'><strong>Schleier-</strong></span> 
     </span>
     <span class='ocr_line' id='line_1_53' title="bbox 1371 1890 2394 1958; baseline 0.007 -21"><span class='ocrx_word' id='word_1_282' title='bbox 1371 1890 1560 1939; x_wconf 87' lang='lat' dir='ltr'><strong>macher</strong></span> <span class='ocrx_word' id='word_1_283' title='bbox 1593 1902 1727 1941; x_wconf 86' lang='lat' dir='ltr'><strong>vocat</strong></span> <span class='ocrx_word' id='word_1_284' title='bbox 1761 1890 2005 1958; x_wconf 86' lang='lat' dir='ltr'><strong>Spinozam</strong></span> <span class='ocrx_word' id='word_1_285' title='bbox 2037 1892 2278 1943; x_wconf 74' lang='lat' dir='ltr'><strong>Sanctum</strong></span> <span class='ocrx_word' id='word_1_286' title='bbox 2318 1912 2394 1944; x_wconf 85' lang='lat' dir='ltr'><strong>re-</strong></span> 
     </span>
     <span class='ocr_line' id='line_1_54' title="bbox 1362 1971 2400 2039; baseline 0.008 -21"><span class='ocrx_word' id='word_1_287' title='bbox 1362 1971 1688 2038; x_wconf 78' lang='lat' dir='ltr'><strong>pudiatum...</strong></span> <span class='ocrx_word' id='word_1_288' title='bbox 1707 1975 1796 2039; x_wconf 76' lang='lat' dir='ltr'><strong>qui</strong></span> <span class='ocrx_word' id='word_1_289' title='bbox 1819 1974 1926 2023; x_wconf 77' lang='lat' dir='ltr'><strong>ideo</strong></span> <span class='ocrx_word' id='word_1_290' title='bbox 1943 1974 2070 2023; x_wconf 82' lang='lat' dir='ltr'><strong>solus</strong></span> <span class='ocrx_word' id='word_1_291' title='bbox 2087 1976 2285 2024; x_wconf 75' lang='lat' dir='ltr'><strong>relictus</strong></span> <span class='ocrx_word' id='word_1_292' title='bbox 2301 1985 2370 2025; x_wconf 77' lang='lat' dir='ltr'><strong>est</strong></span> <span class='ocrx_word' id='word_1_293' title='bbox 2385 2007 2400 2027; x_wconf 83' lang='lat'>‚</span> 
     </span>
     <span class='ocr_line' id='line_1_55' title="bbox 1369 2054 2398 2124; baseline 0.007 -24"><span class='ocrx_word' id='word_1_294' title='bbox 1369 2055 1487 2119; x_wconf 76' lang='lat' dir='ltr'><strong>quia</strong></span> <span class='ocrx_word' id='word_1_295' title='bbox 1513 2054 1692 2120; x_wconf 81' lang='lat' dir='ltr'><strong>plenus</strong></span> <span class='ocrx_word' id='word_1_296' title='bbox 1719 2065 1822 2103; x_wconf 79' lang='lat' dir='ltr'><strong>erat</strong></span> <span class='ocrx_word' id='word_1_297' title='bbox 1852 2056 2087 2121; x_wconf 79' lang='lat' dir='ltr'><strong>reliqione</strong></span> <span class='ocrx_word' id='word_1_298' title='bbox 2114 2074 2172 2105; x_wconf 87' lang='lat' dir='ltr'><strong>ac</strong></span> <span class='ocrx_word' id='word_1_299' title='bbox 2202 2055 2398 2124; x_wconf 76' lang='lat' dir='ltr'><strong>Spiritu</strong></span> 
     </span>
     <span class='ocr_line' id='line_1_56' title="bbox 1363 2126 2395 2206; baseline 0.005 -22"><span class='ocrx_word' id='word_1_300' title='bbox 1363 2126 1573 2198; x_wconf 77' lang='lat' dir='ltr'><strong>Sancto,</strong></span> <span class='ocrx_word' id='word_1_301' title='bbox 1600 2148 1686 2186; x_wconf 89' lang='lat' dir='ltr'><strong>etc.</strong></span> <span class='ocrx_word' id='word_1_302' title='bbox 1714 2130 1823 2187; x_wconf 76' lang='lat' dir='ltr'><strong>Haec</strong></span> <span class='ocrx_word' id='word_1_303' title='bbox 1850 2140 2032 2206; x_wconf 86' lang='lat' dir='ltr'><strong>aliaque</strong></span> <span class='ocrx_word' id='word_1_304' title='bbox 2058 2138 2286 2205; x_wconf 83' lang='lat' dir='ltr'><strong>ejusmodi</strong></span> <span class='ocrx_word' id='word_1_305' title='bbox 2310 2141 2395 2189; x_wconf 88' lang='lat' dir='ltr'><strong>ha·</strong></span> 
     </span>
     <span class='ocr_line' id='line_1_57' title="bbox 1370 2219 2397 2287; baseline 0.003 -19"><span class='ocrx_word' id='word_1_306' title='bbox 1370 2219 1449 2269; x_wconf 87' lang='lat' dir='ltr'><strong>bet</strong></span> <span class='ocrx_word' id='word_1_307' title='bbox 1477 2222 1529 2268; x_wconf 88' lang='lat' dir='ltr'><strong>in</strong></span> <span class='ocrx_word' id='word_1_308' title='bbox 1558 2220 1722 2269; x_wconf 84' lang='lat' dir='ltr'><strong>Reden</strong></span> <span class='ocrx_word' id='word_1_309' title='bbox 1748 2221 1865 2270; x_wconf 65' lang='lat' dir='ltr'><strong>iiber</strong></span> <span class='ocrx_word' id='word_1_310' title='bbox 1893 2222 2144 2287; x_wconf 53' lang='lat' dir='ltr'><strong>Reliquus,</strong></span> <span class='ocrx_word' id='word_1_311' title='bbox 2175 2241 2254 2272; x_wconf 89' lang='lat' dir='ltr'><strong>seu</strong></span> <span class='ocrx_word' id='word_1_312' title='bbox 2284 2219 2397 2274; x_wconf 80' lang='lat' dir='ltr'><strong>Ser·</strong></span> 
     </span>
     <span class='ocr_line' id='line_1_58' title="bbox 1372 2303 2398 2370; baseline 0.006 -20"><span class='ocrx_word' id='word_1_313' title='bbox 1372 2320 1535 2351; x_wconf 78' lang='lat' dir='ltr'><strong>mones</strong></span> <span class='ocrx_word' id='word_1_314' title='bbox 1566 2303 1623 2352; x_wconf 84' lang='lat' dir='ltr'><strong>de</strong></span> <span class='ocrx_word' id='word_1_315' title='bbox 1650 2303 1903 2370; x_wconf 75' lang='lat' dir='ltr'><strong>reliqione,</strong></span> <span class='ocrx_word' id='word_1_316' title='bbox 1937 2303 2055 2369; x_wconf 66' lang='lat'>1841</span> <span class='ocrx_word' id='word_1_317' title='bbox 2075 2344 2088 2363; x_wconf 83' lang='lat'><strong>‚</strong></span> <span class='ocrx_word' id='word_1_318' title='bbox 2116 2324 2163 2355; x_wconf 80' lang='lat' dir='ltr'><strong>lv</strong></span> <span class='ocrx_word' id='word_1_319' title='bbox 2189 2307 2301 2356; x_wconf 87' lang='lat' dir='ltr'><strong>edit.</strong></span> <span class='ocrx_word' id='word_1_320' title='bbox 2322 2306 2398 2356; x_wconf 90' lang='lat' dir='ltr'><strong>Sic</strong></span> 
     </span>
     <span class='ocr_line' id='line_1_59' title="bbox 1375 2384 2397 2454; baseline 0.005 -21"><span class='ocrx_word' id='word_1_321' title='bbox 1375 2384 1585 2447; x_wconf 86' lang='lat' dir='ltr'><strong>Ahrens,</strong></span> <span class='ocrx_word' id='word_1_322' title='bbox 1637 2388 1789 2436; x_wconf 80' lang='lat' dir='ltr'><strong>Coars</strong></span> <span class='ocrx_word' id='word_1_323' title='bbox 1837 2388 1895 2436; x_wconf 84' lang='lat' dir='ltr'><strong>de</strong></span> <span class='ocrx_word' id='word_1_324' title='bbox 1926 2387 2262 2454; x_wconf 73' lang='lat' dir='ltr'><strong>philosophie,</strong></span> <span class='ocrx_word' id='word_1_325' title='bbox 2311 2388 2397 2438; x_wconf 88' lang='lat' dir='ltr'><strong>Pa·</strong></span> 
     </span>
     <span class='ocr_line' id='line_1_60' title="bbox 1375 2465 2398 2536; baseline 0.003 -19"><span class='ocrx_word' id='word_1_326' title='bbox 1375 2472 1438 2517; x_wconf 89' lang='lat' dir='ltr'><strong>ris</strong></span> <span class='ocrx_word' id='word_1_327' title='bbox 1481 2465 1642 2530; x_wconf 77' lang='lat'>1838,</span> <span class='ocrx_word' id='word_1_328' title='bbox 1683 2469 1935 2536; x_wconf 88' lang='lat' dir='ltr'><strong>Spinozam</strong></span> <span class='ocrx_word' id='word_1_329' title='bbox 1982 2472 2042 2520; x_wconf 88' lang='lat' dir='ltr'><strong>ab</strong></span> <span class='ocrx_word' id='word_1_330' title='bbox 2078 2472 2304 2520; x_wconf 86' lang='lat' dir='ltr'><strong>atheismo</strong></span> <span class='ocrx_word' id='word_1_331' title='bbox 2343 2489 2398 2521; x_wconf 91' lang='lat' dir='ltr'><strong>ac</strong></span> 
     </span>
     <span class='ocr_line' id='line_1_61' title="bbox 1373 2552 2398 2618; baseline 0.001 -17"><span class='ocrx_word' id='word_1_332' title='bbox 1373 2552 1670 2618; x_wconf 85' lang='lat' dir='ltr'><strong>pantheismo</strong></span> <span class='ocrx_word' id='word_1_333' title='bbox 1698 2553 1931 2602; x_wconf 87' lang='lat' dir='ltr'><strong>mordicus</strong></span> <span class='ocrx_word' id='word_1_334' title='bbox 1957 2553 2241 2615; x_wconf 83' lang='lat' dir='ltr'><strong>defendens,</strong></span> <span class='ocrx_word' id='word_1_335' title='bbox 2276 2554 2398 2602; x_wconf 89' lang='lat' dir='ltr'><strong>hanc</strong></span> 
     </span>
     <span class='ocr_line' id='line_1_62' title="bbox 1375 2624 2396 2701; baseline -0.001 -17"><span class='ocrx_word' id='word_1_336' title='bbox 1375 2637 1714 2684; x_wconf 86' lang='lat' dir='ltr'><strong>accusationem</strong></span> <span class='ocrx_word' id='word_1_337' title='bbox 1733 2635 1792 2684; x_wconf 88' lang='lat' dir='ltr'><strong>ab</strong></span> <span class='ocrx_word' id='word_1_338' title='bbox 1815 2638 1869 2684; x_wconf 90' lang='lat' dir='ltr'><strong>iis</strong></span> <span class='ocrx_word' id='word_1_339' title='bbox 1893 2635 2124 2701; x_wconf 87' lang='lat' dir='ltr'><strong>proficisci</strong></span> <span class='ocrx_word' id='word_1_340' title='bbox 2151 2624 2288 2697; x_wconf 72' lang='lat' dir='ltr'><strong>dicit,</strong></span> <span class='ocrx_word' id='word_1_341' title='bbox 2315 2637 2396 2701; x_wconf 91' lang='lat' dir='ltr'><strong>qui</strong></span> 
     </span>
     <span class='ocr_line' id='line_1_63' title="bbox 1376 2716 2395 2784; baseline -0.001 -19"><span class='ocrx_word' id='word_1_342' title='bbox 1376 2716 1676 2782; x_wconf 73' lang='lat' dir='ltr'><strong>s’ensbneent</strong></span> <span class='ocrx_word' id='word_1_343' title='bbox 1703 2717 1827 2766; x_wconf 79' lang='lat' dir='ltr'><strong>dans</strong></span> <span class='ocrx_word' id='word_1_344' title='bbox 1865 2735 1961 2767; x_wconf 77' lang='lat' dir='ltr'><strong>ane</strong></span> <span class='ocrx_word' id='word_1_345' title='bbox 1986 2721 2248 2784; x_wconf 67' lang='lat' dir='ltr'><strong>iquorance</strong></span> <span class='ocrx_word' id='word_1_346' title='bbox 2270 2732 2395 2766; x_wconf 85' lang='lat' dir='ltr'><strong>eom·-</strong></span> 
     </span>
     <span class='ocr_line' id='line_1_64' title="bbox 1369 2799 2396 2869; baseline -0.002 -21"><span class='ocrx_word' id='word_1_347' title='bbox 1369 2800 1494 2869; x_wconf 66' lang='lat' dir='ltr'><strong>plete</strong></span> <span class='ocrx_word' id='word_1_348' title='bbox 1531 2817 1617 2848; x_wconf 79' lang='lat' dir='ltr'><strong>sur</strong></span> <span class='ocrx_word' id='word_1_349' title='bbox 1650 2799 1698 2848; x_wconf 89' lang='lat' dir='ltr'><strong>la</strong></span> <span class='ocrx_word' id='word_1_350' title='bbox 1739 2810 1916 2850; x_wconf 78' lang='lat' dir='ltr'><strong>nature</strong></span> <span class='ocrx_word' id='word_1_351' title='bbox 1948 2802 2006 2849; x_wconf 85' lang='lat' dir='ltr'><strong>de</strong></span> <span class='ocrx_word' id='word_1_352' title='bbox 2031 2799 2194 2862; x_wconf 66' lang='grc' dir='ltr'><strong><em>Βίου,</em></strong></span> <span class='ocrx_word' id='word_1_353' title='bbox 2232 2807 2276 2847; x_wconf 70' lang='lat' dir='ltr'><strong>ee</strong></span> <span class='ocrx_word' id='word_1_354' title='bbox 2307 2800 2396 2863; x_wconf 80' lang='lat' dir='ltr'><strong>qui</strong></span> 
     </span>
     <span class='ocr_line' id='line_1_65' title="bbox 1376 2882 2395 2950; baseline -0.003 -17"><span class='ocrx_word' id='word_1_355' title='bbox 1376 2882 1564 2933; x_wconf 70' lang='lat' dir='ltr'><strong>aculem</strong></span> <span class='ocrx_word' id='word_1_356' title='bbox 1604 2885 1740 2932; x_wconf 83' lang='lat' dir='ltr'><strong>ainsi</strong></span> <span class='ocrx_word' id='word_1_357' title='bbox 1771 2893 1994 2950; x_wconf 77' lang='lat' dir='ltr'><strong>altaquer</strong></span> <span class='ocrx_word' id='word_1_358' title='bbox 2017 2884 2074 2932; x_wconf 86' lang='lat' dir='ltr'><strong>de</strong></span> <span class='ocrx_word' id='word_1_359' title='bbox 2098 2882 2395 2948; x_wconf 74' lang='lat' dir='ltr'><strong>l&#39;iqnorance</strong></span> 
     </span>
     <span class='ocr_line' id='line_1_66' title="bbox 1377 2964 2396 3016; baseline -0.005 0"><span class='ocrx_word' id='word_1_360' title='bbox 1377 2967 1500 3016; x_wconf 79' lang='lat' dir='ltr'><strong>dans</strong></span> <span class='ocrx_word' id='word_1_361' title='bbox 1540 2965 1605 3014; x_wconf 75' lang='lat' dir='ltr'><strong>les</strong></span> <span class='ocrx_word' id='word_1_362' title='bbox 1639 2965 1805 3015; x_wconf 79' lang='lat' dir='ltr'><strong>choses</strong></span> <span class='ocrx_word' id='word_1_363' title='bbox 1838 2966 2028 3016; x_wconf 75' lang='lat' dir='ltr'><strong>divinas</strong></span> <span class='ocrx_word' id='word_1_364' title='bbox 2062 2964 2104 3014; x_wconf 86' lang='lat' dir='ltr'><strong>le</strong></span> <span class='ocrx_word' id='word_1_365' title='bbox 2139 2966 2301 3014; x_wconf 83' lang='lat' dir='ltr'><strong>saveir</strong></span> <span class='ocrx_word' id='word_1_366' title='bbox 2340 2964 2396 3012; x_wconf 82' lang='lat' dir='ltr'><strong>de</strong></span> 
     </span>
     <span class='ocr_line' id='line_1_67' title="bbox 1379 3046 2399 3118; baseline -0.009 -16"><span class='ocrx_word' id='word_1_367' title='bbox 1379 3048 1598 3118; x_wconf 81' lang='lat' dir='ltr'><strong>Spinoza</strong></span> <span class='ocrx_word' id='word_1_368' title='bbox 1617 3085 1633 3110; x_wconf 90' lang='lat'><strong><em>,</em></strong></span> <span class='ocrx_word' id='word_1_369' title='bbox 1676 3066 1737 3097; x_wconf 80' lang='lat' dir='ltr'><strong>oa</strong></span> <span class='ocrx_word' id='word_1_370' title='bbox 1772 3051 1886 3114; x_wconf 79' lang='lat' dir='ltr'><strong>qai,</strong></span> <span class='ocrx_word' id='word_1_371' title='bbox 1929 3064 2105 3097; x_wconf 86' lang='lat' dir='ltr'><strong>comme</strong></span> <span class='ocrx_word' id='word_1_372' title='bbox 2143 3046 2300 3112; x_wconf 73' lang='lat' dir='ltr'><strong>Heqel</strong></span> <span class='ocrx_word' id='word_1_373' title='bbox 2325 3046 2399 3094; x_wconf 79' lang='lat' dir='ltr'><strong>dit</strong></span> 
     </span>
     <span class='ocr_line' id='line_1_68' title="bbox 1378 3128 2399 3192; baseline -0.004 -11"><span class='ocrx_word' id='word_1_374' title='bbox 1378 3132 1607 3182; x_wconf 71' lang='lat' dir='ltr'><strong>tres-bien</strong></span> <span class='ocrx_word' id='word_1_375' title='bbox 1620 3167 1638 3192; x_wconf 86' lang='lat'><em>‚</em></span> <span class='ocrx_word' id='word_1_376' title='bbox 1669 3130 1856 3179; x_wconf 66' lang='lat' dir='ltr'><strong>venalem</strong></span> <span class='ocrx_word' id='word_1_377' title='bbox 1881 3130 2134 3179; x_wconf 73' lang='lat' dir='ltr'><strong>combanre</strong></span> <span class='ocrx_word' id='word_1_378' title='bbox 2157 3146 2268 3178; x_wconf 84' lang='lat' dir='ltr'><strong>avec</strong></span> <span class='ocrx_word' id='word_1_379' title='bbox 2294 3128 2399 3178; x_wconf 79' lang='lat' dir='ltr'><strong>leur</strong></span> 
     </span>
     <span class='ocr_line' id='line_1_69' title="bbox 1379 3209 2397 3279; baseline -0.003 -15"><span class='ocrx_word' id='word_1_380' title='bbox 1379 3217 1485 3264; x_wconf 63' lang='lat' dir='ltr'><strong>reve</strong></span> <span class='ocrx_word' id='word_1_381' title='bbox 1515 3213 1573 3262; x_wconf 84' lang='lat' dir='ltr'><strong>de</strong></span> <span class='ocrx_word' id='word_1_382' title='bbox 1596 3211 1725 3262; x_wconf 78' lang='lat' dir='ltr'><strong>Dieu</strong></span> <span class='ocrx_word' id='word_1_383' title='bbox 1742 3212 1957 3279; x_wconf 74' lang='lat' dir='ltr'><strong>Spinoza</strong></span> <span class='ocrx_word' id='word_1_384' title='bbox 1989 3211 2147 3260; x_wconf 61' lang='lat' dir='ltr'><strong>&amp;voille</strong></span> <span class='ocrx_word' id='word_1_385' title='bbox 2162 3229 2222 3259; x_wconf 80' lang='lat' dir='ltr'><strong>en</strong></span> <span class='ocrx_word' id='word_1_386' title='bbox 2241 3209 2397 3262; x_wconf 76' lang='lat' dir='ltr'><strong>Dieu.</strong></span> 
     </span>
     <span class='ocr_line' id='line_1_70' title="bbox 1380 3294 2402 3362; baseline -0.006 -15"><span class='ocrx_word' id='word_1_387' title='bbox 1380 3308 1496 3347; x_wconf 89' lang='lat' dir='ltr'><strong>tom.</strong></span> <span class='ocrx_word' id='word_1_388' title='bbox 1526 3314 1541 3344; x_wconf 90' lang='lat'><strong>1</strong></span> <span class='ocrx_word' id='word_1_389' title='bbox 1559 3333 1573 3358; x_wconf 90' lang='lat'>‚</span> <span class='ocrx_word' id='word_1_390' title='bbox 1604 3313 1708 3362; x_wconf 87' lang='lat' dir='ltr'><strong>pag.</strong></span> <span class='ocrx_word' id='word_1_391' title='bbox 1736 3294 1852 3361; x_wconf 79' lang='lat'><strong>237.</strong></span> <span class='ocrx_word' id='word_1_392' title='bbox 1869 3294 2124 3343; x_wconf 86' lang='lat' dir='ltr'><strong>Lerminier</strong></span> <span class='ocrx_word' id='word_1_393' title='bbox 2143 3296 2333 3360; x_wconf 87' lang='lat' dir='ltr'><strong>suspicit</strong></span> <span class='ocrx_word' id='word_1_394' title='bbox 2351 3295 2402 3341; x_wconf 91' lang='lat' dir='ltr'><strong>in</strong></span> 
     </span>
     <span class='ocr_line' id='line_1_71' title="bbox 1381 3377 2402 3445; baseline -0.006 -16"><span class='ocrx_word' id='word_1_395' title='bbox 1381 3379 1581 3445; x_wconf 89' lang='lat' dir='ltr'><strong>Spinoza</strong></span> <span class='ocrx_word' id='word_1_396' title='bbox 1609 3377 1858 3427; x_wconf 87' lang='lat' dir='ltr'><strong>sublimem</strong></span> <span class='ocrx_word' id='word_1_397' title='bbox 1897 3377 2157 3426; x_wconf 87' lang='lat' dir='ltr'><strong>divinitatis</strong></span> <span class='ocrx_word' id='word_1_398' title='bbox 2192 3377 2402 3425; x_wconf 86' lang='lat' dir='ltr'><strong>adorato-</strong></span> 
     </span>
     <span class='ocr_line' id='line_1_72' title="bbox 1381 3459 2402 3526; baseline -0.005 -15"><span class='ocrx_word' id='word_1_399' title='bbox 1381 3480 1498 3511; x_wconf 86' lang='lat' dir='ltr'><strong>rem.</strong></span> <span class='ocrx_word' id='word_1_400' title='bbox 1531 3460 1644 3526; x_wconf 86' lang='lat' dir='ltr'><strong>Quis</strong></span> <span class='ocrx_word' id='word_1_401' title='bbox 1678 3459 1868 3508; x_wconf 89' lang='lat' dir='ltr'><strong>demum</strong></span> <span class='ocrx_word' id='word_1_402' title='bbox 1896 3477 1993 3507; x_wconf 89' lang='lat' dir='ltr'><strong>non</strong></span> <span class='ocrx_word' id='word_1_403' title='bbox 2030 3462 2249 3518; x_wconf 87' lang='lat' dir='ltr'><strong>miretur,</strong></span> <span class='ocrx_word' id='word_1_404' title='bbox 2293 3475 2402 3507; x_wconf 87' lang='lat' dir='ltr'><strong>cum</strong></span> 
     </span>
     <span class='ocr_line' id='line_1_73' title="bbox 1383 3540 2405 3607; baseline -0.005 -15"><span class='ocrx_word' id='word_1_405' title='bbox 1383 3543 1541 3593; x_wconf 86' lang='lat' dir='ltr'><strong>audiat</strong></span> <span class='ocrx_word' id='word_1_406' title='bbox 1574 3541 1750 3591; x_wconf 90' lang='lat' dir='ltr'><strong>Cousin</strong></span> <span class='ocrx_word' id='word_1_407' title='bbox 1774 3544 1925 3607; x_wconf 88' lang='lat' dir='ltr'><strong>ipsum</strong></span> <span class='ocrx_word' id='word_1_408' title='bbox 1956 3542 2042 3606; x_wconf 89' lang='lat' dir='ltr'><strong>(de</strong></span> <span class='ocrx_word' id='word_1_409' title='bbox 2073 3540 2207 3607; x_wconf 88' lang='lat' dir='ltr'><strong>cujus</strong></span> <span class='ocrx_word' id='word_1_410' title='bbox 2237 3541 2405 3589; x_wconf 88' lang='lat' dir='ltr'><strong>doctri-</strong></span> 
     </span>
     <span class='ocr_line' id='line_1_74' title="bbox 1382 3624 2401 3693; baseline -0.004 -16"><span class='ocrx_word' id='word_1_411' title='bbox 1382 3630 1455 3677; x_wconf 86' lang='lat' dir='ltr'><strong>nis</strong></span> <span class='ocrx_word' id='word_1_412' title='bbox 1493 3626 1676 3678; x_wconf 88' lang='lat' dir='ltr'><strong>nullum</strong></span> <span class='ocrx_word' id='word_1_413' title='bbox 1717 3625 1833 3676; x_wconf 85' lang='lat' dir='ltr'><strong>ferre</strong></span> <span class='ocrx_word' id='word_1_414' title='bbox 1869 3626 2083 3676; x_wconf 88' lang='lat' dir='ltr'><strong>volumus</strong></span> <span class='ocrx_word' id='word_1_415' title='bbox 2111 3624 2401 3693; x_wconf 81' lang='lat' dir='ltr'><strong>judicium),</strong></span> 
     </span>
    </p>
   </div>
  </div>
 </body>
</html>
