2502 4134
901 136 1104 197 raac'r.
1153 161 1222 196 na
1267 159 1415 199 Locis
1459 162 1837 202 rnaoromms,

283 133 361 192 48

276 297 632 373 Sardianus,
679 298 862 358 alium
909 301 1182 381 Synodus
1235 301 1600 379 Laodicena,
1650 304 1831 365 alium
1885 326 2024 366 vero
2071 327 2322 368 canones
2364 321 2426 369 et

286 395 733 453 constitutiones
782 398 1134 476 Apostolieoe
1184 410 1574 481 nuncupatae,
1635 401 1817 460 alium
1873 403 2188 483 Origene5‚
2243 403 2425 465 alium

283 502 488 549 auctor
516 492 847 573 Synopseos
883 493 1291 553 Athanasianae
1327 494 1440 576 (l).
1473 495 1654 556 alium
1682 499 1740 557 S.
1770 499 2081 579 Gregorius
2108 499 2426 561 Nazianze-

282 609 393 645 nus
417 587 537 667 (2),
574 599 635 648 et
662 590 741 647 ita
769 612 948 672 porro
984 591 1096 671 (3).
1133 594 1358 651 Omnes
1395 594 1614 676 quippe
1649 594 1744 657 vel
1770 596 2053 657 deficiunt
2078 596 2173 660 vel
2200 597 2423 658 redun-

349 852 413 916 (l)
452 852 641 902 Etenim
661 891 674 914 ‚
712 863 762 901 ut
796 853 1032 913 vidimu3‚
1065 853 1224 902 Melite
1255 856 1306 903 in

276 951 455 984 canone
495 954 578 984 suo
619 938 790 984 omittit
823 936 966 984 libros
1000 953 1160 985 omnes
1186 936 1305 985 Novi

276 1014 425 1080 Test.‚
453 1027 495 1066 et
522 1020 572 1065 in
598 1035 705 1067 can.
729 1017 892 1066 libror.
911 1018 1018 1066 Vet.
1034 1019 1160 1067 Test.
1184 1035 1303 1084 prae—

273 1102 483 1149 termittit
517 1100 699 1149 Baruch
722 1118 736 1163 3
766 1111 930 1149 contra
952 1118 1061 1150 vero
1085 1099 1303 1166 Synodus

272 1182 534 1234 Laodicena
556 1187 607 1232 in
626 1201 709 1232 suo
729 1202 838 1233 can.
859 1194 1064 1232 recenset
1080 1183 1266 1233 Baruch
1282 1221 1295 1243 ,

272 1269 443 1316 omittit
465 1286 571 1316 vero
590 1266 939 1333 Apocalypsim.
954 1266 1012 1314 In
1030 1284 1136 1315 can.
1152 1284 1300 1315 rxxxv

271 1351 523 1416 apostolico
542 1354 666 1399 inter
693 1351 836 1398 libros
854 1353 1103 1399 canonicos
1130 1367 1299 1399 recen-

269 1444 430 1482 sentur
455 1434 565 1482 libri
590 1432 755 1481 Judith
793 1443 836 1481 et
876 1442 971 1480 tres
1003 1432 1301 1481 Machabaeo-

267 1533 373 1564 rum
396 1533 411 1580 ;
450 1519 732 1565 omittuntur
778 1532 880 1564 vero
924 1513 1034 1563 libri
1078 1515 1259 1563 Baruch
1281 1554 1294 1575 ,

268 1597 456 1659 Tobiae,
487 1597 731 1663 Sapientiae
775 1607 820 1645 et
858 1596 1201 1660 Ecclesiastici3
1238 1615 1295 1646 ex

264 1681 396 1729 libris
425 1698 531 1730 vero
559 1680 679 1729 Novi
708 1679 831 1728 Test.
862 1681 1092 1727 omittitur
1118 1681 1296 1745 Apoca-

262 1764 434 1830 lypsis;
463 1764 543 1812 sed
561 1781 586 1812 e
603 1773 763 1811 contra
786 1765 906 1811 inter
929 1764 1178 1810 canonicos
1208 1762 1293 1811 ad·

263 1855 575 1895 numerantur
589 1845 843 1894 Clementis
860 1844 1067 1910 epistolae
1093 1845 1194 1893 duae
1211 1883 1223 1906 ,
1249 1857 1295 1895 et

263 1939 366 1977 octo
394 1927 503 1977 libri
527 1928 927 1977 Constitutionum
949 1929 1161 1994 ejusdcm
1184 1928 1291 1976 Cle-

262 2014 449 2061 mentis.
481 2011 701 2078 Origenes
727 2012 918 2061 exhibet
939 2029 1045 2060 can.
1069 2011 1290 2061 Hebraeo·

262 2113 367 2143 rum
385 2110 399 2158 3
422 2105 579 2143 auctor
594 2095 854 2160 Synopseos
872 2095 1184 2142 Athanasiana
1202 2113 1291 2142 nu-

261 2188 410 2226 merat
469 2176 555 2226 151
611 2177 819 2225 Psalmos
846 2215 858 2237 ‚
917 2178 1216 2243 excluditque
1264 2195 1289 2226 e

259 2277 439 2309 canone
463 2260 607 2308 libros
635 2260 955 2308 deutero-can.
989 2258 1096 2308 Vet.
1124 2259 1250 2308 Test-

329 2343 401 2407 (2)
437 2342 495 2390 Et
534 2345 632 2408 ipse
675 2346 881 2409 sequitur
917 2359 1145 2403 canonem
1193 2342 1289 2391 He·-

257 2427 494 2476 braeorum
535 2427 693 2493 quoad
730 2426 873 2475 libros
910 2426 1020 2476 Vet.
1060 2426 1207 2486 Test.,
1244 2437 1288 2475 et

258 2512 435 2559 omittit
450 2509 654 2577 Apocaly
664 2511 779 2575 psim
796 2527 849 2558 ex
866 2509 999 2557 libris
1015 2508 1135 2568 Novi
1156 2509 1194 2556 T
1197 2521 1283 2559 est.

256 2594 308 2640 in
332 2610 416 2640 suo
445 2610 593 2641 carm.
626 2610 765 2640 xxxin
785 2630 798 2651 ,
844 2592 926 2640 De
959 2594 1085 2641 veris
1112 2601 1157 2640 et
1179 2610 1286 2656 yer—

254 2679 422 2721 mam's
431 2670 702 2739 Scripta-rte
715 2674 871 2734 libris,
887 2692 994 2740 opp.
1008 2675 1120 2725 edit.
1137 2690 1153 2721 1
1165 2671 1284 2733 630,

254 2767 375 2806 tom.
409 2775 444 2804 ιι
464 2794 477 2817 ,
511 2775 616 2822 pag.
641 2753 728 2823 98.

323 2838 390 2903 (3)
430 2838 517 2887 Ex.
537 2838 825 2906 gr.Cyrillus
855 2838 1163 2902 Hierosolym.
1186 2836 1283 2885 Ca-

251 2922 371 2972 tech.
412 2940 488 2983 iv,
528 2940 579 2971 n.
626 2919 724 2980 35,
764 2921 874 2970 licet
911 2931 956 2969 et
991 2922 1089 2985 ipse
1132 2921 1283 2968 tradat

251 3023 481 3054 canonem
506 3004 811 3053 Hebraeorum
827 3042 840 3063 ‚
861 3013 1064 3056 attamen
1081 3003 1284 3051 includit

250 3090 302 3135 in
325 3087 414 3135 hoc
442 3105 623 3135 canone
653 3086 944 3155 prophetiam
964 3083 1149 3133 Baruch
1169 3123 1182 3144 ‚
1207 3103 1284 3133 ex-

249 3169 396 3218 cludit
415 3186 521 3217 vero
541 3185 597 3216 ex
623 3166 752 3215 libris
768 3168 1007 3215 canonicis
1022 3164 1138 3213 Novi
1154 3165 1279 3214 Test-

248 3250 613 3319 Apocalypsim3
645 3249 697 3298 S.
729 3249 1009 3297 Athanasius
1037 3250 1207 3314 pariter
1230 3251 1278 3297 in

246 3332 412 3401 Epist.
424 3332 613 3398 festali,
634 3334 837 3381 admittit
864 3332 1015 3381 solum
1043 3348 1273 3380 canonem

247 3415 553 3466 Hebraeorum
582 3416 737 3481 quoad
761 3415 902 3463 libros
917 3414 1026 3464 Vet.
1044 3414 1169 3463 Test.
1195 3415 1275 3462 ad-

246 3500 343 3548 dita
367 3498 606 3565 prophetia
636 3497 818 3545 Baruch
842 3509 886 3546 et
918 3497 1111 3563 epistola
1146 3495 1274 3546 Jere-

247 3586 352 3630 miae
368 3621 381 3642 ‚
415 3598 517 3649 quae
534 3583 768 3629 constituit
798 3590 938 3646 caput
964 3578 998 3628 6
1018 3580 1200 3629 Baruch
1222 3583 1271 3628 in

244 3663 461 3730 Vulgata.
506 3664 774 3713 philastrius
818 3662 945 3713 Brix.
989 3661 1059 3713 De
1104 3663 1270 3713 haeres.

1391 871 1495 920 cap.
1542 850 1647 914 88,
1690 854 1902 906 excludit
1941 875 1968 906 e
2010 858 2140 908 libris
2184 863 2418 910 canonicis

1390 935 1645 1001 Epistolam
1683 938 1742 986 ad
1778 936 1931 987 Hebr.¹
1966 948 2012 987 et
2050 939 2379 1009 Apocalypsim
2401 982 2414 1003 ,

1388 1020 1500 1068 edit.
1534 1018 1663 1068 Brix.
1705 1018 1851 1086 1738.
1888 1019 2106 1070 Attamen
2137 1024 2186 1070 in
2213 1024 2304 1073 hoc
2329 1027 2419 1075 sibi

1387 1118 1484 1148 non
1503 1111 1702 1150 constat.
1726 1101 1824 1149 Cfr.
1853 1119 1958 1166 cap.
1982 1101 2051 1151 60
2078 1113 2122 1151 et
2147 1100 2233 1171 89.
2253 1099 2419 1156 Canon

1387 1184 1558 1246 pariter
1589 1183 1794 1232 ecclesiae
1824 1182 2030 1251 Syriacae
2060 1186 2264 1235 excludit
2293 1187 2417 1254 Apo·-

1385 1265 1631 1332 calypsim.
1664 1265 1837 1314 Contra
1867 1283 1975 1314 vero
1994 1265 2228 1316 Barnabas
2247 1270 2415 1334 allegat

1385 1351 1704 1396 testimonium
1733 1367 1787 1398 ex
1824 1349 1910 1398 lib.
1955 1364 2000 1397 ιν
2034 1349 2192 1399 Esdrae
2215 1389 2229 1411 ,
2260 1371 2308 1401 v.
2342 1352 2372 1402 5
2394 1392 2407 1415 ,

1383 1432 1432 1478 in
1460 1434 1595 1496 epist.
1629 1448 1731 1496 cap.
1771 1448 1787 1479 1
1807 1448 1822 1479 1
1848 1468 1866 1491 ‚A
1895 1433 2020 1497 apud
2047 1433 2246 1483 Coteler.
2265 1433 2342 1483 Sic
2361 1438 2411 1484 in

1387 1514 1730 1563 Constitution.
1761 1514 1978 1581 Apostol.
2009 1515 2099 1565 lib.
2126 1534 2222 1570 vn,
2252 1533 2356 1582 cap.
2379 1535 2408 1566 2

1381 1606 1425 1644 et
1453 1612 1551 1663 seq.
1581 1600 1650 1645 uti
1676 1615 1729 1646 ex
1749 1600 1911 1645 ceteris
1928 1596 2176 1662 Scripturis
2202 1601 2410 1648 testimo-

1380 1681 1459 1727 nia
1475 1680 1775 1728 adducuntur
1789 1697 1843 1728 ex
1858 1681 1995 1744 epist.
2014 1679 2262 1730 Barnabae.
2285 1681 2409 1731 lbid.

1381 1772 1500 1812 tom.
1521 1779 1539 1809 1
1559 1799 1573 1823 ‚
1608 1779 1712 1827 pag.
1735 1761 1833 1811 363
1859 1799 1870 1822 ,
1904 1772 1951 1810 et
1978 1761 2061 1811 lib.
2085 1779 2118 1811 11
2138 1801 2150 1823 ‚
2179 1781 2284 1829 cap.
2309 1779 2408 1828 223

1380 1843 1536 1892 Oratio
1570 1844 1803 1899 Manasses
1824 1883 1836 1904 ‚
1867 1845 1985 1893 ibid.
2019 1863 2124 1911 pag.
2152 1845 2271 1896 232.
2295 1847 2413 1896 Ter·

1379 1928 1606 1976 tullianus
1637 1928 1781 1976 veluti
1810 1945 1867 1976 ex
1897 1927 2134 1993 Scriptura
2164 1946 2290 1977 sacra
2325 1930 2409 1977 ad-

1378 2009 1541 2068 ducit,
1575 2010 1662 2058 lib.
1701 2011 1986 2075 Praescript.
2027 2027 2135 2075 cap.
2171 2011 2201 2059 3
2226 2048 2239 2071 ,
2282 2014 2411 2060 testi-

1379 2093 1591 2139 monium
1622 2110 1675 2140 ex
1706 2092 1792 2140 lib.
1824 2091 2047 2154 ivisdr.
2080 2108 2164 2140 vm
2185 2130 2199 2153 ,
2232 2107 2330 2153 203
2366 2104 2413 2142 et

1375 2175 1545 2222 iterum
1563 2173 1706 2223 Com.
1727 2174 1982 2222 Marcion.
1997 2174 2084 2223 lib.
2104 2190 2171 2234 lv,
2189 2193 2235 2224 c.
2258 2173 2334 2233 16,
2352 2193 2408 2224 ex

1376 2257 1484 2306 eod.
1518 2257 1644 2305 libro
1665 2257 1830 2321 allegat
1851 2274 1896 2306 c.
1925 2276 1983 2305 xv
2001 2295 2015 2318 ‚
2043 2274 2058 2304 1
2075 2292 2087 2305 .
2106 2257 2204 2307 Cfr.
2230 2257 2404 2324 Rigalt.

1374 2350 1420 2388 et
1445 2340 1625 2389 Pamel.
1659 2337 1735 2388 Sic
1753 2340 2039 2406 Cyprianus,
2071 2343 2204 2406 epist.
2229 2358 2367 2389 mxxiv
2387 2379 2402 2402 ‚

1372 2441 1478 2488 pag.
1529 2419 1653 2485 141,
1692 2423 1803 2471 edit.
1852 2422 2005 2472 Maur.
2040 2423 2201 2472 laudat
2227 2420 2317 2471 lib.
2354 2438 2407 2470 111

1373 2505 1485 2554 Esd.
1527 2523 1608 2565 iv,
1659 2502 1759 2566 38,
1804 2508 1940 2572 cujus
1984 2515 2165 2554 textum
2206 2505 2401 2570 profert.

1371 2587 1422 2636 S.
1469 2588 1676 2637 Irenaeus
1707 2627 1719 2647 ‚
1767 2588 1938 2636 Coner.
1979 2586 2151 2637 lueres-
2196 2586 2282 2635 lib.
2318 2605 2399 2649 lv,

1370 2688 1413 2719 c.
1445 2689 1532 2730 xx,
1569 2689 1619 2719 n.
1652 2686 1681 2717 2
1702 2706 1718 2729 ‚
1746 2670 1854 2718 edit.
1876 2669 2018 2718 Mass·
2039 2672 2152 2718 citat
2173 2680 2402 2738 tanquam

1369 2751 1662 2816 Scripturam
1684 2755 1958 2801 canonicam
1983 2753 2159 2802 librum
2185 2754 2396 2817 Hermae,

1368 2853 1537 2899 nempe
1555 2831 1800 2883 Pastorem
1817 2874 1835 2895 ,
1866 2836 2074 2885 scribens
2098 2854 2111 2884 ε
2135 2836 2271 2886 Bene
2288 2855 2398 2903 erqo

1357 2920 1707 2984 pronuntiavit
1749 2917 2040 2984 Scriptura,
2080 2937 2186 2985 quae
2223 2921 2346 2970 dicit
2378 2940 2398 2969 .·

1361 3003 1524 3067 primo
1554 3003 1775 3049 omnium
1812 3002 1976 3059 crede,
2010 3005 2241 3067 quoniam
2266 3021 2396 3052 unus

1367 3091 1437 3132 est
1462 3083 1603 3132 Deus
1621 3118 1637 3144 ,
1660 3094 1751 3133 etc.
1782 3103 1884 3150 quae
1914 3086 2159 3152 desumpta
2200 3096 2311 3135 sunt
2339 3104 2394 3135 ex

1365 3167 1453 3216 lib.
1478 3179 1510 3215 li
1531 3205 1545 3227 ‚
1571 3166 1732 3216 Mand.
1765 3185 1780 3215 ι
1799 3184 1813 3227 ;
1833 3168 1920 3218 cfr.
1946 3168 2290 3218 Massuet.diss.
2307 3185 2390 3229 111,

1365 3260 1454 3301 art.
1491 3267 1508 3298 ι
1530 3286 1547 3312 ,
1584 3269 1636 3299 n.
1673 3267 1698 3314 7
1721 3268 1735 3311 ;
1768 3252 1894 3316 quod
1921 3261 1966 3300 et
1993 3252 2071 3300 alii
2096 3251 2250 3300 Patres
2281 3268 2394 3315 prae-

1362 3336 1518 3383 sertim
1541 3336 1671 3399 graeci
1694 3336 2029 3397 praestiterunt,
2062 3351 2263 3400 quorum
2290 3339 2385 3382 tes-

1358 3415 1554 3465 timonia
1601 3415 1789 3481 collegit
1827 3415 2081 3464 Cotelerius
2124 3418 2174 3463 in
2218 3419 2386 3481 praevio

1356 3498 1555 3548 Judicio
1584 3498 1642 3545 de
1658 3495 1854 3547 Hermoe
1885 3498 2105 3547 Pastore.
2134 3497 2380 3564 Origenes,

1361 3581 1501 3630 Cone.
1534 3578 1659 3629 Cels.
1692 3580 1777 3630 lib.
1808 3598 1849 3641 1,
1869 3599 1921 3629 n.
1941 3577 2007 3629 63
2027 3619 2039 3640 ,
2074 3582 2256 3631 videtur
2272 3596 2383 3646 apo-

1357 3663 1566 3714 stolicam
1603 3666 1922 3713 auctoritatem
1948 3663 2151 3715 tribuere
2178 3661 2382 3731 epistolae
