2502 4134
2113 156 2227 216 357

329 184 493 221 rAn'r.
540 182 627 219 111.
671 181 816 218 SECT.
862 182 902 218 1.
952 180 1074 218 cu.
1123 181 1162 218 1.
1208 181 1274 217 1³13
1318 181 1450 218 ΕΔΤ.
1502 180 1633 216 Alvr.
1680 179 1789 216 mn.
1838 178 2021 216 SPECT.

134 327 439 390 fectissima
464 322 756 384 attributa
801 323 1240 397 demonstrant,
1280 334 1407 382 tum
1444 323 1682 383 demum
1725 322 1911 402 legem
1947 322 2231 403 moralem

130 423 276 483 circa
314 423 564 480 actiones
599 420 911 479 intrinsece
949 418 1132 478 bonas
1169 417 1266 479 vel
1299 417 1478 477 malas
1511 428 1879 491 versantem,
1922 439 2033 498 qua
2054 417 2230 476 homo

128 517 202 577 ad
231 516 503 575 ultimum
528 516 707 574 finem
741 536 911 572 suum
939 512 1285 573 naturaliter
1307 511 1473 591 dirigi
1501 509 1695 571 debet.
1721 500 2031 571 Naturales
2057 533 2231 593 porro

126 611 214 670 hae
252 610 524 671 veritates
575 620 753 683 sunt5
802 609 933 690 quia
975 607 1272 667 hominem
1311 606 1372 664 in
1419 605 1623 664 ordine
1672 605 1961 666 duntaxat
2002 618 2228 666 naturae

127 715 426 787 spectant,
460 724 524 762 ac
558 702 630 762 ab
666 702 867 762 ordine
904 699 1331 784 supernaturali
1368 699 1609 758 omnino
1646 700 2063 780 praescindunt.

207 799 308 859 39.
351 799 680 858 Instituitur
699 787 827 857 'haec
852 796 1168 878 propositio
1201 793 1479 856 adversus
1510 797 2092 872 supernaturalium
2115 796 2229 876 (1),

130 916 271 976 quos
296 905 540 967 vocant,
577 894 675 974 qui
697 893 961 951 omnium
991 888 1322 969 hujusmodi
1355 888 1667 949 veritatum
1695 888 1918 949 fontem
1957 911 2020 949 ac
2058 891 2233 950 crite-

128 991 279 1048 rium
315 1009 438 1049 esse
467 987 728 1048 divinam
760 986 1066 1068 positivam
1114 983 1532 1044 revelationem
1579 981 1851 1064 primitus
1892 983 2229 1044 homini-fa-

128 1094 279 1142 ctam
298 1128 313 1157 ,
350 1104 414 1142 ac
431 1080 640 1141 deinde
665 1103 767 1162 per
800 1080 1175 1139 traditionem
1205 1078 1270 1137 in
1294 1097 1495 1136 omnes
1524 1074 1788 1135 homines
1818 1091 2226 1159 propagatam7

126 1176 508 1236 contendunt.
561 1177 761 1255 Itaque
789 1178 960 1252 juxta
1004 1173 1142 1230 istos
1184 1173 1442 1231 humana
1489 1171 1673 1244 rati0,
1727 1171 2084 1232 revelatione
2131 1174 2229 1233 illa

125 1272 371 1354 seposita
391 1316 408 1346 ‚
439 1291 741 1351 nunquam
753 1291 869 1348 per
890 1290 948 1327 se
977 1267 1283 1350 pervenire
1322 1266 1606 1349 potuisset
1639 1275 1740 1324 aut
1776 1278 1971 1347 posset
2000 1269 2122 1329 sive
2154 1269 2230 1328 ad

127 1361 544 1446 cognoscendas
573 1365 695 1423 sive
724 1364 798 1422 ad
831 1362 1315 1423 demonstrandas
1354 1360 1821 1421 fundamentales
1858 1361 1982 1421 illas
2012 1366 2229 1425 verita-

124 1471 210 1519 tes
229 1504 245 1534 ,
285 1460 363 1518 sic
396 1470 461 1517 ut
492 1457 713 1539 quaevis
738 1479 940 1517 earum
968 1458 1205 1518 scientia
1232 1479 1264 1516 a
1300 1458 1545 1538 positiva
1579 1455 1694 1515 fide
1723 1479 1893 1515 suum
1924 1480 2226 1537 agnoscere

123 1553 473 1635 principium
503 1552 721 1612 debeat
740 1574 805 1611 ac
827 1551 1296 1611 fundamentum.
1324 1552 1628 1611 Rationem
1651 1551 1814 1609 aiunt
1842 1551 2226 1633 impotentem

121 1647 294 1730 plane
331 1669 454 1707 esse
479 1647 833 1728 *cuicumque
874 1632 1269 1728 metaphysico
1311 1645 1660 1728 problemati
1698 1646 2015 1726 apodictice
2043 1648 2225 1706 resol-

120 1743 349 1817 vend03
383 1741 691 1802 rationales
720 1741 1101 1800 discussiones
1127 1741 1203 1800 ad
1231 1741 1530 1823 quidpiam
1562 1742 1703 1800 certi
1729 1761 1794 1800 ac
1822 1741 2072 1801 absoluti
2102 1765 2223 1802 non

124 1837 367 1911 ducere3
419 1836 705 1918 quidquid
750 1858 780 1894 a
825 1837 1048 1895 ratione
1093 1836 1447 1915 argumentis
1490 1835 1684 1916 logicis
1729 1835 1962 1916 probari
2007 1850 2222 1917 queat,

125 1932 388 2011 ejusdem
430 1933 655 2012 generis
701 1931 1054 2011 argumentis
1092 1932 1415 2012 oppugnari
1459 1952 1522 1989 ac
1567 1931 1786 1990 destrui
1825 1931 1987 1991 facile
2033 1954 2222 2013 posse.

126 2029 312 2102 Quare
355 2026 780 2109 philosophiam
816 2047 1087 2099 omnem,
1136 2046 1263 2108 quae
1303 2047 1373 2085 ex
1430 2026 1602 2085 meris
1647 2026 1886 2085 rationis
1927 2028 2223 2109 principiis

127 2122 618 2204 proficisceretur,
663 2143 970 2203 nunquam
1026 2122 1333 2182 veritatem
1382 2132 1770 2181 assecuturam
1795 2167 1811 2196 ,
1857 2133 2032 2204 atque
2073 2122 2223 2182 chri-

126 2217 325 2276 stianae
363 2215 497 2276 fidei
531 2215 710 2276 indoli
743 2216 1148 2280 adversantem
1178 2216 1501 2276 decernunt
1529 2216 1639 2297 (2).
1800 2208 1812 2225 '

1215 2420 1487 2468 velationem
1521 2437 1574 2467 ac
1600 2419 1758 2468 fidem.
1786 2418 1887 2468 Hac
1912 2435 2050 2484 porro
2075 2430 2223 2486 poste-

1213 2503 1331 2549 riore
1362 2500 1694 2566 significatione
1723 2500 1813 2549 hoc
1840 2499 2115 2550 vocabulum
2142 2501 2224 2551 hic

191 2420 254 2485 (Ι)
276 2419 392 2469 Cum
406 2419 946 2486 supernaturalistarnm
960 2436 1131 2469 nomen

121 2505 404 2568 aequivocum
437 2504 524 2562 sit,
549 2511 593 2550 et
621 2512 719 2549 tum
749 2503 799 2548 in
822 2493 1000 2549 bonum
1029 2510 1130 2548 tum

121 2586 172 2631 in
194 2583 465 2632 deteriorem
494 2600 679 2631 sensnm
710 2591 944 2641 sumatur,
963 2599 1022 2630 ne
1043 2584 1131 2630 mi-

119 2682 208 2713 nus
243 2667 397 2730 peritis
428 2665 746 2713 confusionem
776 2666 1007 2728 ingeneret
1038 2663 1122 2711 du·

117 2746 225 2810 plex
252 2746 457 2812 ejusdem
490 2746 692 2810 acceptio
714 2782 727 2803 ‚
764 2744 1127 2793 animadvertere

119 2827 340 2876 debemus
362 2862 378 2887 ‚
411 2830 448 2875 si
479 2844 585 2875 cum
618 2824 911 2875 rationalistis
938 2844 991 2874 ac
1023 2844 1125 2892 my-

120 2908 253 2957 thicis
277 2925 347 2956 res
371 2911 458 2972 sit,
478 2906 934 2973 supernaturali-<stas
948 2910 1121 2973 voc-ari,

121 2993 201 3055 qui
232 2991 433 3039 divinam
462 2990 779 3039 immediatam
816 3007 870 3038 ac
900 3007 1121 3055 superna-

121 3071 312 3120 turalem
350 3071 672 3121 revelationem
704 3081 750 3121 et
783 3070 1126 3137 inspirationem

125 3149 380 3201 divinarum
425 3153 760 3218 Scripturarum
794 3163 1124 3218 propugnant3

127 3232 165 3278 si
201 3249 302 3280 vero
345 3245 500 3300 agatur
536 3236 594 3284 de
630 3236 989 3302 quaestionibuS‚
1023 3252 1127 3302 quae

127 3312 267 3360 modo
302 3316 529 3379 agitantur
565 3319 683 3367 circa
729 3320 914 3366 rationis
957 3319 1051 3366 vim
1083 3327 1127 3365 et

130 3392 330 3441 officium
349 3432 363 3454 ‚
388 3399 922 3463 supernaturalistarum
940 3400 1126 3447 nomine

130 3491 205 3523 eos
234 3468 504 3540 significari,
532 3484 613 3546 qui
640 3498 776 3530 omne
802 3482 1002 3530 adimere
1026 3480 1124 3530 vel-

129 3554 226 3604 lent
252 3558 416 3606 rationi
442 3561 516 3624 jus
543 3571 590 3609 et
619 3562 823 3611 officium
842 3598 856 3623 ,
891 3564 1126 3611 ae'omnia

128 3638 369 3686 transferre
400 3640 448 3686 in
473 3639 613 3690 solam
644 3645 1028 3707 supernaturalem
1058 3660 1126 3691 re-

1213 2598 1509 2647 usurpamus.

1281 2664 1349 2728 (2)
1388 2663 1520 2713 Tales
1537 2651 1644 2711 sunt
1665 2662 1726 2711 D.
1744 2661 1935 2711 Bautain
1964 2673 2008 2712 et
2036 2663 2222 2728 quibat:

1210 2749 1261 2794 in
1278 2763 1327 2795 re
1353 2749 1451 2812 ejus
1479 2745 1657 2810 placitis
1674 2743 1923 2793 adhaerent.
1935 2743 2042 2792 Jam
2059 2744 2221 2793 admo·

1207 2830 1396 2876 nuimus
1408 2863 1421 2887 ,
1440 2826 1498 2874 D.
1511 2826 1701 2874 Bautain
1716 2825 2070 2874 commendabili
2086 2825 2223 2890 plane

1207 2909 1436 2957 docilitate
1469 2925 1516 2956 se
1552 2909 1771 2972 recepisse
1794 2907 1852 2954 ab
1879 2906 2106 2972 ejusmodi
2137 2907 2221 2955 do-

1206 2992 1364 3038 ctrinis
1383 3025 1397 3049 ,
1441 2992 1492 3036 in
1530 2990 1662 3055 cujus
1690 2990 1753 3036 rei
1795 2989 2115 3036 testimonium
2143 2988 2222 3036 hic

1211 3071 1480 3137 subjicimus
1509 3070 1861 3119 declarationem
1881 3106 1894 3129 ‚
1933 3087 2073 3135 quam
2109 3068 2221 3118 sub·

1211 3154 1386 3217 scripsit
1402 3169 1494 3200 una
1510 3168 1615 3200 cum
1631 3153 1761 3199 sociis
1776 3152 1869 3199 suis
1881 3187 1894 3211 ‚
1915 3148 2098 3199 Paris.8
2112 3149 2226 3215 Sep-

1211 3234 1400 3283 tembris
1445 3230 1571 3295 1840
1592 3268 1606 3290 ‚
1654 3232 1741 3280 sibi
1782 3232 1983 3281 oblatam
2027 3250 2053 3281 a
2103 3249 2223 3281 novo

1210 3315 1473 3381 coadjutore
1527 3312 1891 3378 Argentoratensi
1913 3350 1927 3374 ,
1967 3313 2029 3362 D.
2063 3312 2184 3360 Raess
2204 3349 2218 3373 ‚

1209 3398 1282 3446 his
1319 3398 1468 3446 verbis
1506 3413 1761 3462 expressam
1789 3411 1804 3444 ε
1834 3394 2071 3444 Desirant
2099 3410 2221 3443 nous

1211 3488 1461 3528 soumeure
1487 3479 1518 3526 ὰ
1543 3477 1590 3525 la
1614 3478 1826 3527 doctrine
1845 3479 1932 3542 qui
1955 3493 2075 3525 nous
2098 3493 2129 3524 a
2151 3479 2220 3523 ete

1204 3566 1427 3627 proposse
1447 3574 1542 3627 par
1571 3557 1646 3606 Μ’
1669 3544 1925 3624 ΙἘόῥςυθ,
1957 3573 2077 3606 nous
2092 3572 2225 3604 sous-

1213 3644 1371 3706 siqnes
1397 3641 1640 3692 declarans
1663 3642 1887 3703 adherer,
1905 3656 2017 3702 sam
2033 3639 2222 3688 restria-
