2502 4134
2061 141 2181 202 257

237 165 394 204 PART.
441 164 504 201 11.
552 163 706 200 SECT.
751 162 820 200 11.
867 162 992 199 cAP.
1041 163 1083 197 1.
1135 160 1202 198 DE
1244 160 1435 197 NECES.
1482 160 1555 197 ET
1599 161 1776 199 EXIST.
1824 160 1988 200 TRAD.

69 305 344 367 haereticis
371 302 559 364 collati
595 301 718 384 (1),
749 301 821 361 de
844 300 1042 360 valore
1084 300 1347 379 ejusdem
1380 300 1767 360 administrati
1795 322 1824 359 a
1862 300 2018 361 laicis
2054 302 2183 384 (2),

69 402 143 461 de
171 401 380 482 quibus
414 398 563 457 nihil
588 399 651 456 in
681 397 988 478 Scripturis
1014 396 1223 475 legitur
1241 440 1257 469 .,
1284 415 1393 454 nec
1418 416 1491 453 ex
1515 396 1595 454 eis
1620 395 1855 477 probari
1889 395 2043 457 valet
2071 399 2183 479 (3).

67 497 123 555 Si
153 516 289 554 vero
316 515 506 553 sermo
555 494 629 552 sit
661 494 732 552 de
761 491 1016 551 articulis
1039 536 1055 565 .,
1082 491 1184 571 qui
1209 490 1306 549 vix
1335 490 1397 547 in
1427 490 1737 570 Scripturis
1770 491 2145 552 insinuantur
2164 538 2182 568 ,

69 591 283 672 quique
317 589 550 647 nonnisi
591 587 920 646 traditionis
962 584 1217 644 subsidio
1264 583 1648 642 demonstrari
1693 605 1759 643 ac
1796 585 2010 646 invicte
2042 610 2183 668 pro-

67 687 310 767 pugnari
346 696 546 744 contra
582 682 940 742 adversarios
971 690 1196 761 queunt
1217 723 1233 751 ,
1273 678 1314 736 ii
1337 688 1475 736 sunt
1505 677 1625 737 fere
1649 698 1852 739 omnes
1884 680 1994 761 (4).
2028 682 2183 743 Adeo

67 782 302 839 firmum
330 781 463 839 fidei
498 778 802 837 munimen
833 775 1068 834 traditio
1097 785 1205 832 est.
1293 853 1296 856 ‚

151 875 291 934 380.
341 874 429 933 Ad
450 874 557 944 7¹1¹,
587 871 993 930 Tridentinum
1024 868 1268 926 minime
1306 865 1552 924 sancivit
1575 886 1830 924 errorem
1863 868 1935 927 ab
1970 871 2185 931 adver-

69 970 218 1027 sario
245 970 555 1027 confictum
573 1011 589 1040 .,
619 987 780 1025 cono.
801 988 821 1030 ,·
850 985 971 1021 non
997 961 1244 1020 sancivit
1265 959 1608 1033 catholicam
1629 960 1937 1021 veritatem
1955 1010 1971 1039 .,
2004 987 2180 1046 quam

66 1085 502 1146 propugnamus
522 1107 537 1137 ,
569 1084 694 1142 neq.
728 1062 979 1119 Tantum
1013 1057 1191 1114 distat
1215 1056 1516 1115 decretum
1543 1056 1954 1117 Tridentinum
1989 1061 2063 1120 ab
2086 1086 2182 1122 ar-

68 1160 243 1218 ticulo
280 1161 351 1218 VI
388 1157 646 1217 Ecclesiae
677 1153 1003 1235 Anglieanae
1036 1161 1324 1231 quantum
1347 1150 1560 1209 veritas
1584 1149 1658 1209 ab
1691 1173 1906 1212 errore.
1944 1157 2181 1234 Ignora-

69 1275 200 1312 mus
230 1273 432 1334 porro,
468 1250 626 1310 unde
657 1247 929 1308 didicerit
955 1244 1317 1305 adversarius
1336 1289 1352 1318 ,
1388 1245 1626 1303 Concilii
1653 1246 1981 1307 Tridentini
2009 1264 2181 1314 aetate

75 1346 526 1408 controversiam
553 1343 800 1423 viguisse
819 1386 835 1416 a
863 1351 1062 1401 utrum
1090 1336 1269 1420 aliqui
1297 1338 1522 1398 articuli
1545 1339 1680 1400 fidei
1709 1340 2038 1403 habeantur
2058 1391 2074 1421 ,
2107 1347 2180 1408 de

138 1576 155 1639 (
164 1574 202 1636 1)
239 1574 336 1622 Hac
355 1574 413 1623 de
430 1591 566 1623 causa
586 1573 766 1622 Palmer
788 1581 948 1638 negat,
971 1570 1079 1619 fidei

69 1657 311 1706 articulum
335 1674 431 1705 esse
455 1657 656 1705 valorem
676 1655 891 1722 Baptismi
909 1656 968 1702 ab
987 1654 1080 1701 hae-

67 1741 217 1788 reticis
246 1739 635 1789 administratum.

137 1821 200 1883 (Ξ)
228 1819 361 1885 Apud
378 1820 644 1869 Matthaeum
660 1822 785 1870 enim
801 1829 939 1885 atque
954 1817 1076 1883 apud

68 1901 275 1950 Marcum
306 1902 412 1949 solis
443 1902 670 1967 Apostolis
700 1900 906 1949 Christus
934 1898 1078 1948 colla-

69 1985 238 2031 tionem
270 1982 486 2047 Baptismi
515 1983 841 2044 demandavit3
874 1984 923 2029 in
954 1979 1076 2028 Actis

66 2080 175 2112 vero
204 2064 457 2128 apostolicis
487 2082 512 2112 a
542 2065 746 2112 diaconis
781 2063 1073 2111 administra-

65 2154 166 2192 tum
194 2144 479 2208 Baptismum
505 2145 732 2209 legimus3
767 2155 835 2192 ast
863 2144 919 2192 de
945 2145 1075 2192 laicis

67 2225 211 2272 altum
233 2227 282 2271 iu
296 2224 539 2289 Scripturis
561 2227 813 2274 silentium.
835 2224 952 2272 Hinc
967 2225 1073 2273 Cal-

71 2308 206 2352 vinus
237 2315 404 2368 negat,
435 2307 493 2353 ab
526 2307 614 2354 alio
641 2323 781 2372 quam
813 2325 838 2354 a
868 2307 1073 2370 delegato

70 2389 278 2435 ministro
292 2388 488 2435 conferri
504 2387 593 2436 hoc
606 2387 953 2437 Sacramentum
971 2403 1075 2451 pos-

69 2485 148 2527 se,
185 2485 239 2516 ac
269 2468 452 2516 nullum
481 2470 754 2535 irritumque
784 2485 966 2533 prorsus
988 2468 1074 2514 ha-

65 2548 145 2598 het
184 2548 468 2613 Baptismum
507 2570 533 2599 a
581 2553 767 2600 soemina
786 2587 800 2610 ‚
845 2554 979 2599 etiam
1022 2553 1072 2599 in

65 2633 340 2679 necessitatis
366 2649 475 2680 casu
497 2633 716 2682 collatum
734 2670 748 2692 ‚
783 2643 836 2682 ut
863 2651 943 2681 suo
973 2633 1072 2681 loco

65 2712 289 2762 diximus.

132 2793 200 2858 (3)
236 2791 354 2845 Sane
378 2832 392 2856 ‚
442 2805 496 2844 ut
542 2798 805 2845 insistamus
840 2796 1071 2862 Baptismo

65 2874 312 2924 infantium
331 2913 346 2937 ,
389 2893 528 2943 quem
560 2877 809 2926 Palmerius
838 2896 891 2926 ex
915 2877 1070 2944 Scrip-

65 2957 177 3003 turis
205 2958 386 3005 ostendi
411 2975 541 3022 posse
568 2959 843 3018 contendit,
877 2977 936 3008 ne
960 2977 1072 3009 con-

66 3037 280 3087 tradicere
306 3039 515 3088 videatur
545 3027 734 3088 articulo
767 3057 878 3089 xxvt
906 3043 1068 3092 eccles.

69 3113 325 3181 Anglicanae
341 3155 356 3183 ‚
381 3123 548 3186 juverit
575 3122 740 3170 referre
765 3123 1067 3184 anecdotum,

73 3201 197 3262 quod
243 3204 409 3270 legitur
445 3209 494 3254 in
529 3207 818 3256 documentis
866 3208 1067 3257 dominae

70 3276 372 3334 Hutchinson.
393 3287 497 3336 Haec
513 3290 697 3349 mulier,
717 3290 907 3337 infantis
926 3300 1068 3338 mater

66 3359 228 3410 effecta
245 3399 259 3422 ,
285 3366 436 3416 dubiis
462 3372 710 3436 angebatur
731 3375 847 3420 circa
863 3373 1066 3421 valorem

68 3440 409 3507 paedobaptismi
431 3467 523 3498 una
547 3456 652 3500 cum
683 3456 845 3501 marito
876 3471 977 3503 suo.
999 3454 1068 3501 Ad

68 3521 171 3570 haec
197 3523 475 3578 eliminanda
493 3567 506 3589 ‚
532 3533 591 3580 ad
616 3537 878 3583 convivium
906 3539 1070 3584 accivit

69 3619 227 3653 omnes
253 3608 484 3659 ministros
502 3616 810 3676 proximorum
831 3617 1059 3678 locorum,

232 3699 296 3759 T.
345 3702 439 3759 IX.

1161 1572 1308 1636 iisque
1336 1570 1480 1619 dubia
1511 1588 1591 1620 sua
1619 1581 1759 1637 atque
1786 1576 2038 1624 anxietates
2055 1588 2181 1642 pate-

1161 1653 1285 1701 fecit.
1316 1651 1435 1701 Cum
1466 1670 1604 1702 nemo
1633 1656 1823 1703 istorum
1855 1661 2056 1721 potuerit
2081 1663 2181 1726 jus·

1159 1734 1334 1782 tificare
1373 1735 1627 1783 infantium
1661 1735 1949 1801 Baptismum
1982 1758 2036 1788 ex
2070 1741 2180 1791 solis

1157 1814 1352 1875 Bibliis·‚
1397 1817 1464 1864 nil
1506 1817 1738 1882 reliquum
1778 1819 2042 1869 habuerunt
2089 1826 2177 1871 nisi

1157 1894 1218 1944 ad
1243 1897 1454 1945 Ecclesiae
1481 1897 1776 1947 traditionem
1806 1900 1865 1947 ab
1896 1904 2071 1966 origine
2092 1920 2174 1952 sua
2199 1895 2202 1902 ⁴

1156 1980 1434 2043 confugere3
1468 1980 1594 2045 quod
1632 1998 1742 2028 cum
1772 1984 2044 2045 parentibus
2077 2003 2175 2033 non

1155 2060 1402 2121 arrideret,
1423 2063 1486 2108 ita
1505 2063 1658 2109 infans
1679 2061 1971 2112 Hutchinson
2003 2068 2173 2115 tinctus

1154 2141 1387 2207 Baptismo
1415 2161 1510 2191 non
1538 2154 1617 2191 est.
1648 2144 1783 2192 Tunc
1802 2148 1999 2195 ministri
2025 2151 2074 2196 in
2097 2151 2172 2198 fu-

1153 2241 1302 2272 rorem
1338 2227 1462 2283 acti,
1504 2225 1685 2273 duobus
1715 2227 1988 2292 conjugibus
2022 2233 2172 2280 insul-

1153 2313 1248 2351 tare
1289 2315 1555 2369 coeperunt,
1589 2324 1670 2355 eos
1702 2309 1991 2358 traducentes
2023 2313 2167 2360 veluti

1153 2385 1372 2433 fanaticos
1399 2396 1444 2433 et
1466 2387 1787 2451 anabaptistas.
1813 2388 1908 2436 Cfr.
1942 2389 2032 2439 Les
2060 2390 2170 2440 Μέ-

1152 2469 1326 2516 moires
1364 2468 1421 2516 de
1460 2467 1674 2518 Mis-trias
1717 2470 2068 2536 Huechinso-n,
2114 2478 2167 2525 in

1152 2549 1420 2598 collectione
1452 2549 1643 2610 Guizot‚
1675 2561 1792 2599 tom.
1819 2569 1883 2612 11,
1922 2572 2022 2620 pag.
2055 2555 2166 2606 126.

1152 2630 1273 2695 Quid
1304 2639 1492 2680 aeturus
1527 2643 1642 2681 esset
1677 2632 2040 2696 Shuttleworth‚
2083 2642 2166 2705 qui

1152 2714 1415 2775 contendit,
1442 2715 1570 2762 hunc
1584 2715 1827 2765 articulum
1847 2734 1900 2765 ex
1919 2719 2165 2771 traditione

1150 2794 1355 2860 priorum
1384 2797 1643 2845 seculorum
1674 2813 1774 2845 non
1799 2795 1986 2848 evinci?

1216 2878 1288 2941 (h)
1327 2878 1378 2926 Id
1402 2880 1645 2929 manifeste
1676 2889 1858 2928 constat
1886 2899 1942 2929 ex
1969 2883 2026 2929 iis
2058 2899 2162 2931 om·-

1151 2959 1291 3008 nibus
1307 2997 1321 3022 ,
1349 2963 1430 3026 qui
1459 2961 1750 3009 traditionem
1770 2973 1993 3026 respuunt
2010 2965 2162 3029 quoad

1151 3044 1364 3092 articulos
1381 3045 1438 3092 ab
1453 3047 1561 3110 ipsis
1575 3042 1784 3110 rejectos.
1802 3045 2020 3111 Quamvis
2037 3050 2161 3095 enim

1150 3126 1292 3175 iidem
1337 3129 1387 3175 in
1431 3130 1568 3175 sacris
1611 3127 1794 3176 Litteris
1839 3131 2122 3194 reperiantur
2145 3169 2160 3191 ,

1151 3217 1304 3257 tamen
1333 3227 1406 3258 eas
1430 3212 1490 3257 ita
1517 3211 1589 3257 isti
1616 3209 1827 3258 homines
1853 3211 2080 3272 eludunt,
2111 3223 2165 3261 ut

1150 3291 1280 3340 nulla
1301 3311 1484 3359 prorsus
1512 3294 1687 3341 ratione
1713 3311 1766 3341 ex
1797 3294 1886 3341 iltis
1914 3294 2020 3342 solis
2048 3313 2163 3344 con—

1152 3376 1272 3422 vinci
1301 3378 1505 3439 possint,
1533 3377 1687 3438 prouti
1720 3380 1844 3438 patet
1862 3393 1915 3423 ex
1942 3375 2162 3425 Anti-tri-

1149 3458 1324 3504 nitariis
1357 3474 1411 3505 ac
1431 3455 1704 3504 Socinianis.
1736 3454 1859 3520 Quid
1891 3459 1975 3505 erit
2005 3458 2062 3505 de
2087 3475 2160 3506 ar·-

1151 3539 1317 3598 ticulis,
1334 3541 1415 3605 qui
1430 3541 1505 3586 vix
1519 3540 1568 3585 in
1580 3537 1825 3602 Scripturis
1839 3540 2160 3591 insinuantur?

1845 3711 1918 3773 17
