2502 4134
2091 179 2208 241 373
2264 154 2269 160 ’

311 194 470 231 PART.
515 192 604 229 111.
652 191 801 229 SECT.
844 193 882 230 1.
926 194 1049 232 GAP.
1100 197 1138 233 1.
1188 198 1257 233 ΒΕ
1301 195 1427 236 RAT.
1475 199 1599 236 ANT.
1654 198 1763 238 FU).
1805 197 1988 238 SPEGT.

174 333 274 394 55.
320 333 501 413 Resp.
546 334 629 394 Ad
680 335 784 410 1¹1¹,
833 338 993 395 Disc.
1040 339 1098 397 Si
1144 338 1292 398 ratio
1339 338 1653 401 reflexione
1710 351 1766 400 et
1818 338 2207 405 abstractione

93 427 397 504 abutatur,
439 451 622 498 conc.;
659 431 704 487 si
744 432 939 490 omnia
970 434 1349 512 cognoscendi
1382 434 1574 493 media
1598 437 1707 495 rite
1737 436 2042 512 adhibeat,
2072 461 2204 520 neq.

95 524 354 583 Abusum
392 524 721 583 intellectus
761 547 825 585 ac
863 547 1026 587 mere
1059 527 1372 607 logicarum
1400 527 1857 590 abstractionum
1886 533 2116 592 veritati
2143 555 2208 593 ac

92 619 340 679 realitati
364 621 739 701 assequendae
761 621 822 678 in
848 622 1050 703 primis
1075 621 1371 680 infensum
1401 643 1553 698 esse,
1581 623 1642 680 in
1675 645 1858 703 eoque
1884 627 2206 686 maximum

92 717 393 774 neotericae
417 715 799 798 philosophiae
820 717 1160 796 germanicae
1187 717 1397 775 vitium
1419 719 1729 777 consistere
1748 763 1764 793 ,
1795 718 2050 787 libenter
2074 742 2207 782 cum

92 810 434 870 adversariis
479 813 838 891 agnoscimus
887 822 945 871 et
989 811 1253 870 dolemus
1281 811 1406 891 (l).
1459 812 1674 871 Idcirco
1722 815 1973 874 amicum
2019 816 2207 877 foedus

90 906 245 964 inter
267 906 532 964 ordinem
559 908 901 987 empiricum
933 917 990 966 et
1020 905 1365 965 rationalem
1384 952 1398 980 ,
1431 907 1585 965 inter
1615 906 1761 966 facta
1802 923 2069 970 concreta
2103 933 2207 971 ex-

93 1000 390 1081 perientiae
427 1012 486 1059 et
525 1000 810 1059 abstracta
862 1002 1102 1059 rationis
1152 1001 1436 1081 principia
1477 1021 1788 1081 ⁴nunquam
1838 1005 1974 1062 satis
2018 1004 2208 1064 incul-

93 1096 345 1154 candum
388 1107 491 1155 est.
534 1095 702 1168 Quod
747 1094 986 1176 quidem
1033 1097 1079 1153 si
1125 1097 1236 1154 rite
1286 1105 1590 1170 servetur,
1652 1094 1849 1154 nullus
1893 1099 2003 1157 erit
2043 1120 2206 1159 mero

86 1192 463 1268 formalismo
505 1189 682 1247 locus,
725 1190 827 1247 Ast
876 1189 1195 1247 adversarii
1241 1209 1311 1247 ex
1362 1210 1466 1263 eo,
1511 1188 1671 1270 quod
1715 1192 2206 1255 trascendentales

92 1284 660 1365 intellectupessime
697 1281 860 1341 abusi
878 1292 1062 1355 sunt,
1101 1282 1268 1341 illum
1303 1282 1484 1344 veluti
1518 1284 1778 1344 veritatis
1814 1284 2044 1347 hostem
2077 1300 2206 1349 tra-

93 1380 314 1438 ducunt
334 1422 351 1451 ,
396 1389 455 1437 et
486 1388 839 1458 perpetuum
874 1376 1210 1436 conflictum
1250 1378 1406 1436 inter
1433 1376 1599 1436 illum
1629 1400 1694 1438 ac
1718 1384 2010 1440 rationem
2031 1372 2207 1464 expa-

91 1485 352 1533 vescunt.
385 1472 557 1544 Quasi
582 1484 796 1552 nempe
825 1471 1158 1530 intellectus
1188 1483 1248 1531 et
1277 1473 1426 1530 ratio
1457 1472 1690 1532 realiter
1719 1473 2206 1535 distinctae'facul-
2261 1475 2266 1478 ’

95 1578 246 1627 tates
267 1612 282 1638 ,
321 1579 379 1627 et
412 1589 531 1625 non
570 1568 761 1648 potius
792 1588 908 1625 una
943 1566 1264 1648 eademque
1295 1578 1486 1626 essent
1515 1568 1895 1647 cognoscendi
1929 1569 2203 1646 facultaS‚

91 1661 224 1722 licet
261 1662 559 1723 diversum
598 1684 812 1720 munus
846 1662 1165 1735 obeuntes3
1209 1661 1372 1743 quasi
1395 1660 1761 1742 intelligendi
1786 1664 1873 1722 vis
1899 1663 1971 1724 ad
2000 1685 2205 1724 verum

88 1769 419 1839 comparata
452 1770 656 1839 suapte
687 1769 894 1816 natura
929 1779 1048 1816 non
1080 1769 1263 1829 essetr,
1305 1778 1367 1816 ac
1413 1778 1478 1816 ea
1516 1757 1933 1839 facultamqua
1967 1759 2144 1818 homo
2170 1781 2203 1818 a

89 1853 275 1912 brutis
318 1852 704 1912 essentialiter
739 1853 1091 1927 secernitur,
1133 1855 1368 1933 Deoque
1403 1848 1657 1910 maxime
1687 1852 2069 1927 assimilatur,
2094 1852 2205 1911 fal-

91 1948 275 2007 sitatis
308 1968 374 2007 ac
410 1947 755 2029 perditionis
792 1948 1255 2006 instrumentum
1289 1967 1401 2025 per
1431 1967 1492 2004 ee
1528 1966 1652 2006 esse
1691 1945 1931 2006 deberet
1966 1946 2080 2027 (2).

165 2194 239 2261 (l)
273 2195 344 2245 De
375 2196 465 2244 hoc
495 2196 859 2245 absh-actionum
888 2195 1033 2245 abusu
1060 2197 1110 2244 in

105 2280 478 2343 neo-germanica
517 2278 806 2342 philosophia
841 2278 974 2342 plura
1015 2281 1109 2344 jam

101 2360 325 2407 diximus.
346 2358 573 2406 Nonnulli
602 2377 655 2407 ex
694 2361 803 2423 ipsis
830 2359 1112 2423 philosophis

100 2439 391 2488 Germanicis
427 2441 473 2488 id
513 2451 723 2505 repetunt
757 2443 894 2489 etiam
926 2458 983 2489 ex
1012 2457 1114 2488 ver-

98 2523 274 2571 naculae
293 2523 462 2586 linguae
484 2525 533 2569 in
554 2522 920 2586 philosophando
942 2522 1109 2570 abusu.

101 2603 169 2651 lta
201 2602 490 2650 Ancillonius
522 2617 536 2652 ε
566 2602 652 2650 En
689 2611 885 2650 mettum
918 2601 1113 2650 I’article

99 2685 272 2734 devant
299 2702 367 2733 un
395 2683 641 2749 infinitis,
679 2684 738 2732 ils
765 2686 998 2750 chanqem
1018 2686 1112 2749 (les

99 2768 483 2832 metaphysiciens
512 2756 790 2828 allemands)
818 2783 868 2815 ce
892 2767 1014 2831 qu'il
1025 2784 1059 2832 y
1082 2783 1112 2814 a

100 2847 158 2896 de
176 2848 295 2914 plus
320 2848 637 2896 indetermine
665 2848 785 2895 clam
815 2865 882 2896 un
912 2851 1006 2895 dere
1036 2848 1115 2895 de-

102 2932 334 2991 termine,
373 2940 415 2978 et
447 2927 539 2978 l'on
574 2947 633 2977 ne
666 2932 863 2979 croirait
892 2948 1016 2996 pas,
1048 2947 1115 2978 au

94 3013 306 3074 premier
338 3028 460 3077 caup
496 3009 654 3067 d’oeil,
684 3010 832 3076 quelle
870 3009 1115 3073 influence

106 3088 305 3138 decisivo
319 3091 627 3155 cettefacilite
637 3129 650 3148 ,
667 3091 958 3156 quelquefoie
976 3090 1113 3150 utile,

107 3170 153 3216 ei
181 3180 370 3219 convent
395 3174 614 3236 funeste,
646 3190 676 3221 a
705 3191 789 3222 eue
815 3191 900 3221 sur
928 3173 975 3220 la
1002 3172 1116 3237 phi-

107 3249 330 3315 losophie.
346 3253 394 3301 E
396 3258 498 3303 esai
512 3256 568 3302 de
587 3255 895 3321 Philosophie
906 3290 921 3315 ,
940 3261 1052 3304 tom.
1069 3271 1084 3301 ι
1094 3290 1112 3315 ,

38 3352 51 3366 ··
107 3347 220 3396 paq.
237 3332 330 3398 327
350 3345 396 3382 et
420 3351 542 3401 seqq.
560 3337 677 3386 Vide
701 3341 837 3386 eiiam
864 3353 965 3403 quae
992 3336 1117 3400 Krug

110 3412 276 3472 habet,
315 3415 365 3461 in
408 3433 490 3465 suo
533 3421 701 3484 scripto
739 3417 980 3482 Schelli-nq
1015 3417 1118 3465 und

113 3491 302 3556 Heqel‚
337 3493 461 3560 Lips.
502 3495 646 3549 1835.
677 3494 836 3565 Quid?
867 3499 993 3565 quod
1021 3499 1118 3562 ipse

114 3573 347 3640 Schelling
379 3588 531 3642 aperte
565 3580 708 3630 fassus
734 3592 841 3631 est:
878 3576 1113 3647 Specula-

112 3657 263 3705 tiones
282 3674 339 3707 ac
369 3656 538 3722 linqua
561 3660 913 3711 Germanorum
934 3677 1117 3727 semper

1199 2196 1355 2260 maqie
1385 2204 1674 2244 recesserunt
1706 2195 1767 2243 ab
1797 2212 1850 2244 eo
1870 2233 1883 2254 ‚
1915 2194 2044 2260 quod
2063 2211 2207 2260 yene-

1197 2278 1342 2324 rotim
1359 2285 1425 2324 est
1441 2275 1762 2341 intelliqibile,
1790 2293 1847 2324 ac
1863 2276 2045 2341 qradue
2060 2278 2206 2326 iatius

1196 2357 1475 2404 recessionis
1518 2373 1549 2404 a
1588 2357 1837 2404 communi
1878 2356 2127 2421 cogitandi
2162 2364 2209 2404 et

1196 2435 1420 2501 loquendi
1461 2436 1596 2484 modo
1636 2435 1828 2484 tandem
1867 2436 2207 2501 quodammodo

1196 2518 1391 2584 effectus
1418 2524 1488 2565 est
1518 2515 1669 2565 veluti
1681 2515 2004 2582 philosophici
2019 2516 2211 2582 inqenii

1195 2615 1442 2647 mensura.
1489 2597 1699 2663 Proefat.
1751 2598 1810 2646 ad
1854 2598 2027 2647 Cousin
2048 2635 2063 2660 ‚
2111 2608 2205 2649 etc.

1197 2681 1422 2746 Stuttgart
1457 2678 1598 2744 1834.
1933 2680 1944 2687 ’

1269 2763 1336 2828 (2)
1373 2761 1465 2811 Nos
1495 2780 1591 2811 non
1617 2761 1889 2822 abnuimus,
1911 2764 1963 2811 in
1978 2762 2210 2829 operandi

1197 2845 1332 2894 modo
1362 2845 1538 2911 aliquid
1565 2845 1744 2910 concipi
1769 2844 2013 2892 discrimen
2039 2844 2207 2893 debere

1197 2926 1486 2975 intellectum
1510 2928 1632 2975 inter
1658 2943 1711 2974 ac
1736 2927 1978 2974 rationem.
1996 2923 2209 2974 Intellec-

1198 3020 1303 3069 tus,
1345 3011 1407 3056 ait
1437 3007 1499 3057 D.
1539 3007 1628 3056 Th.
1666 3025 1681 3055 1
1714 3025 1783 3072 p..
1811 3025 1861 3073 q.
1903 3022 2001 3073 79,
2035 3016 2118 3055 art.
2143 3005 2205 3066 8,

1199 3092 1440 3139 ceritatem
1461 3087 1806 3153 intelliqibilem
1823 3086 2136 3154 apprehendit
2154 3105 2210 3137 ac

1199 3176 1436 3233 intuetur,
1471 3174 1585 3220 ratio
1621 3189 1729 3220 vero
1761 3171 1819 3218 de
1849 3187 1945 3219 uno
1979 3169 2208 3219 intellecto

1199 3253 1264 3301 ad
1286 3253 1424 3301 aliud
1457 3253 1522 3300 od
1558 3254 1800 3300 veritatem
1835 3251 2207 3316 coquoscendam

1191 3334 1427 3400 procedi&
1446 3332 1535 3383 Sed
1566 3334 1681 3383 illud
1699 3351 1877 3399 semper
1902 3336 2208 3382 certissimum

1200 3425 1296 3477 est,
1323 3417 1448 3483 quod
1477 3433 1567 3464 una
1590 3412 1843 3481 eademque
1867 3425 1982 3464 sunt
2009 3416 2209 3479 potentia

1198 3496 1457 3547 intellectus
1479 3506 1526 3545 et
1549 3500 1694 3560 rati03
1724 3496 1773 3546 id
1799 3498 1931 3564 cujus
1951 3492 2208 3561 philosophi

1200 3581 1416 3629 neoterici
1460 3578 1673 3628 videntur
1715 3577 1864 3627 obliti.
1908 3575 2084 3626 Eodem
2121 3576 2207 3639 ipsi

1196 3671 1328 3727 pacto
1354 3663 1574 3711 rationem
1618 3659 1918 3709 theoreticam
1953 3674 2007 3707 ac
2026 3656 2214 3723 pracei-
