2502 4134
308 142 463 179 mar.
510 140 595 176 111·
642 139 794 177 secr.
841 139 884 177 1.
930 140 1054 176 car.
1101 139 1143 176 1.
1195 139 1261 177 DE
1303 139 1429 176 nn.
1479 139 1606 177 Aur.
1652 136 1757 174 rm.
1806 136 1987 175 ὅποτ’.
2075 115 2192 176 397

95 281 449 343 connexione
473 280 628 339 inter
650 277 918 338 ordinem
945 280 1198 359 loqieum
1216 299 1282 337 ac
1312 278 1662 337 historicum
1671 298 1692 346 ,·
1722 274 2197 358 quandoquidem

93 379 316 455 loyz'cus
356 371 454 433 ille
489 372 633 432 ordo
678 373 933 432 ostendit
951 419 968 448 .,
1019 372 1160 454 quid
1203 374 1463 435 absolute
1495 373 1642 431 ratio
1677 371 1933 430 humana
1973 371 2200 432 efficere

91 470 402 551 potuisset3
443 469 545 527 sed
589 468 801 547 logicus
836 467 934 527 ille
971 466 1113 527 ordo
1139 487 1273 527 cum
1305 467 1581 526 historico
1615 477 1980 547 comparatus
2008 477 2201 525 osten-

92 564 178 622 dit
198 609 212 636 .‚
248 563 390 644 quid
427 564 615 644 reipsa
664 562 920 621 humana
946 564 1093 621 ratio
1114 560 1480 643 praestiterit‚
1510 573 1685 642 atque
1722 560 1866 621 adeo
1900 560 2043 642 quid
2071 582 2199 620 mo-

97 660 308 717 raliter
325 657 548 716 efficere
571 658 826 738 potuerit
854 667 954 715 aut
972 657 1174 738 possit.
1201 654 1588 714 Rationalistae
1609 656 1672 713 in
1692 654 1947 714 humana
1974 656 2199 717 ratione

93 753 325 811 nonnisi
366 753 689 832 potentiam
734 754 986 831 loqicam
1027 760 1323 832 spectant,
1367 740 1582 831 nempe
1626 749 1926 810 hominem
1965 761 2200 811 tantum

93 849 156 905 in
197 849 489 907 abstracto
520 858 581 906 et
609 869 648 905 a
684 850 893 926 priori
934 845 1331 922 consideran't3
1367 845 1470 904 sed
1502 846 1600 927 qui
1643 866 1777 906 vere
1808 866 1873 904 ac
1910 846 2199 928 complete

94 942 606 1024 philosophantur,
653 941 954 1001 hominem
998 940 1175 999 etiam
1217 941 1280 998 in
1325 950 1595 999 concreto
1632 950 1891 1022 spectare
1939 940 2197 1018 debent,

95 1039 375 1096 nimirum
423 1038 485 1095 in
518 1037 585 1095 iis
619 1035 1062 1095 circumstantiis
1108 1035 1398 1115 positum,
1442 1055 1583 1115 quas
1623 1045 1907 1116 perpetuo
1948 1039 2200 1096 historia

98 1130 335 1193 revelat.
387 1131 454 1190 Id
497 1143 695 1190 autem
731 1130 916 1189 multo
945 1129 1129 1212 magis
1159 1128 1411 1208 theologi
1447 1130 1560 1189 erit
1589 1129 1872 1205 officium,
1915 1135 2075 1210 cujus
2108 1143 2197 1192 est

96 1247 327 1302 omnes,
366 1225 657 1285 naturales
692 1225 867 1284 etiam
886 1268 903 1298 ‚
950 1223 1334 1303 cognoscendi
1366 1224 1557 1284 fontes
1587 1224 1805 1282 rimari.
1850 1226 2000 1284 Hinc
2034 1225 2198 1286 nullo

96 1319 268 1379 modo
314 1340 506 1378 secum
541 1320 663 1400 ipse
686 1316 970 1399 pugnabit
1006 1315 1307 1396 theologus
1321 1360 1344 1389 ,
1386 1317 1530 1377 dum
1571 1338 1642 1376 ex
1688 1339 1803 1375 una
1838 1330 2004 1400 parte
2041 1321 2199 1380 nati-

101 1436 231 1474 vam
268 1413 504 1472 rationis
538 1423 736 1471 tuetur
776 1412 922 1487 vim,
971 1432 1043 1470 ex
1080 1410 1263 1470 altera
1300 1432 1434 1470 vero
1471 1413 1876 1472 necessitatem
1915 1415 2200 1476 moralem

95 1507 303 1569 divinae
337 1506 702 1567 revelationis
737 1504 1011 1565 ostendit.
1048 1505 1235 1587 Atque
1277 1506 1356 1564 ita
1385 1507 1561 1566 etiam
1591 1505 1821 1586 deteget
1853 1530 2101 1583 nexum,
2139 1522 2201 1571 et

92 1603 404 1683 quamdam
436 1601 613 1662 veluti
645 1600 1057 1660 conciliationis
1096 1601 1251 1659 viam
1275 1601 1607 1681 patefaciet,
1639 1602 1795 1661 inter
1834 1605 2192 1665 sententiam

94 1697 360 1772 illorum,
404 1697 502 1778 qui
548 1708 736 1755 totum
775 1697 976 1775 loyicce
1011 1695 1270 1753 methodo
1300 1694 1606 1772 deferunt,
1650 1707 1825 1779 atque
1869 1698 2199 1781 oppositam

95 1792 358 1866 illorum,
387 1793 487 1872 qui
526 1791 785 1850 methodo
820 1791 1115 1850 historicae
1147 1790 1394 1850 nimium
1439 1790 1762 1852 adhaerent.

881 2011 1285 2066 PROPOSITIO
1323 2012 1418 2065 111.

102 2166 292 2224 Potest
332 2166 605 2227 humana
652 2171 808 2226 ratio
846 2177 998 2227 certo
1024 2188 1353 2248 coynoscere
1383 2172 1603 2228 motiva
1622 2215 1640 2238 ,
1675 2190 1807 2247 quse
1845 2178 2055 2228 vocant
2079 2185 2197 2225 ere-

179 2260 501 2319 dibilitatis
519 2307 537 2330 ,
574 2283 646 2320 ac
664 2283 778 2339 per
801 2284 870 2321 ea
897 2263 1019 2321 sihi
1054 2283 1403 2341 compara-re
1427 2264 1845 2322 certitudinem
1876 2264 2197 2322 ewistentz'oe

180 2354 402 2412 divinoe
431 2357 821 2414 revelationis.

182 2559 277 2618 92.
326 2561 460 2619 Haec
509 2558 854 2640 propositio,
906 2579 1035 2640 quae
1079 2558 1257 2619 veluti
1304 2558 1627 2639 legitimum
1662 2559 2027 2620 corollarium
2067 2559 2198 2622 fluit

102 2676 172 2715 ex
193 2655 684 2737 propositionibus
700 2654 980 2715 hactenus
1002 2654 1305 2715 vindicatis
1325 2699 1343 2731 ,
1374 2655 1516 2715 duas
1541 2656 1944 2738 complectitur
1968 2669 2159 2739 partes
2178 2703 2197 2733 .,

104 2761 227 2808 tum
263 2749 474 2810 scilicet
517 2750 832 2809 humanam
878 2771 1046 2832 posse
1078 2751 1361 2809 rationem
1381 2795 1398 2825 ,
1435 2761 1493 2811 et
1520 2751 1754 2833 quidem
1778 2763 1965 2827 certor,
1993 2773 2199 2832 cogno-

104 2866 261 2905 scere
298 2846 517 2906 motiva
539 2890 555 2919 7
584 2866 684 2904 seu
711 2866 852 2926 quas
874 2845 1051 2905 etiam
1077 2857 1421 2927 nuncupant
1456 2858 1623 2907 notas
1648 2847 1860 2907 divinae
1879 2847 2198 2908 revelatio-

104 2941 192 2999 nis
209 2985 224 3015 ,
264 2953 393 2999 tum
424 2962 528 3022 per
563 2939 684 2998 haec
714 2938 986 2999 credendi
1013 2941 1228 3000 motiva
1250 2940 1324 3000 ad
1345 2940 1582 3023 plenam
1605 2963 1770 3023 posse
1793 2942 2199 3004 certitudinem

104 3035 176 3095 de
202 3035 354 3096 illius
382 3036 749 3098 revelationis
778 3037 1081 3096 existentia
1109 3038 1433 3118 pervenire.
1461 3039 1694 3120 Impetit
1721 3037 1963 3120 proinde
1982 3038 2199 3100 directe

103 3133 452 3190 sententiam
496 3133 558 3191 1ο
603 3131 872 3206 illorum,
913 3133 1013 3213 qui
1055 3133 1301 3191 nimium
1333 3134 1544 3192 rationi
1587 3133 1957 3207 detrahentes
1999 3135 2199 3195 existi-

108 3235 308 3298 mant,
354 3237 452 3284 aut
489 3247 791 3308 nunquam
838 3226 1000 3285 illam
1033 3226 1227 3286 valere
1268 3228 1346 3286 ita
1380 3229 1455 3287 de
1487 3227 1770 3306 ejusmodi
1813 3229 2044 3289 motivis
2076 3231 2201 3290 fieri

107 3328 356 3393 certam,
404 3331 468 3378 ut
514 3342 749 3380 omnem
794 3307 1439 3382 errandi‘formidinem
1479 3343 1544 3388 ac
1586 3322 2010 3383 dubitationem
2056 3347 2087 3384 a
2135 3347 2197 3386 se

108 3423 406 3487 amoveat,
437 3425 536 3474 aut
580 3417 801 3478 motiva
834 3415 930 3474 illa
975 3425 1107 3498 apta
1146 3437 1254 3498 per
1286 3438 1346 3477 se
1381 3438 1501 3476 non
1554 3438 1675 3477 esse
1716 3417 1789 3477 ad
1830 3419 2008 3479 talem
2036 3421 2200 3479 certi-

108 3504 371 3565 tudinem
396 3507 773 3587 gignendam3
801 3511 868 3570 20
904 3510 1173 3585 illorum,
1210 3511 1309 3592 qui
1336 3523 1540 3572 rentur
1559 3557 1575 3587 .,
1607 3511 1757 3572 hanc
1788 3513 2199 3573 certitudinem

82 3599 182 3661 0ab
203 3601 325 3681 ipsa
348 3613 554 3662 natura
586 3606 840 3666 veritatis
859 3606 1126 3671 revelatae
1159 3606 1360 3688 repelli
1384 3652 1399 3683 ‚
1423 3608 1648 3691 ‘quippe
1666 3630 1798 3668 cum
1814 3610 1918 3669 ista
1949 3609 2197 3669 liberum
