2502 4134
135 158 165 193 Ι

298 123 419 184 288
898 144 1094 182 macr.
1145 147 1212 184 nn
1258 148 1408 186 roms
1451 151 1834 190 'runotomciffi

293 290 727 372 susceptionem
770 298 831 347 et
870 286 1359 370 approbationem
1405 292 1679 355 habenda
1729 308 1904 357 erunt
1944 310 2228 381 tanquam
2260 301 2429 361 testi-

294 387 492 449 monia
519 382 872 443 Traditionis
905 383 1167 444 Ecclesiae
1187 387 1536 448 universalis
1565 389 1740 471 plane
1766 392 2158 455 ineluctabilia
2186 395 2298 475 (l).

1271 577 1307 660 g
1339 581 1451 658 ⁸111.

1037 773 1128 833 De
1150 776 1499 853 Martyrum
1528 762 1699 835 actile.

386 977 528 1040 438.
580 981 765 1039 Nemo
786 980 1005 1038 inficias
1028 977 1135 1038 ibit
1156 1025 1171 1054 ,
1205 979 1446 1063 antiqua
1474 1002 1540 1041 ac
1566 982 1817 1062 genuina
1844 993 2178 1044 sanctorum
2210 985 2433 1069 Marty-

304 1097 436 1135 rum
478 1088 603 1136 acta
647 1076 816 1136 nobis
848 1075 1123 1136 exhibere
1155 1076 1504 1138 Traditionis
1533 1079 1876 1159 dogmaticae
1909 1081 2230 1142 certissima
2255 1081 2438 1143 docu-

304 1184 503 1260 menta
526 1219 541 1247 a
573 1194 643 1232 ex
682 1171 924 1255 quibuS,
960 1171 1101 1255 quid
1136 1173 1282 1232 circa
1312 1173 1510 1256 plures
1548 1175 1682 1235 fidei
1719 1176 1989 1235 articulos
2011 1224 2026 1253 ·,
2055 1179 2159 1260 qui
2185 1200 2342 1238 nunc
2372 1179 2437 1238 in

304 1269 760 1331 controversiam
799 1282 1114 1344 vocantur,
1154 1272 1401 1329 senserit
1438 1270 1717 1346 Ecclesia,
1755 1271 2163 1353 dignoscimus,
2207 1275 2438 1334 Etenim

302 1379 516 1450 praeter
563 1389 740 1449 quam
787 1366 980 1449 quod,
1022 1378 1085 1425 ut
1135 1368 1274 1428 scite
1309 1369 1728 1428 animadvertit
1767 1371 2138 1446 RuinartiuS‚
2187 1393 2320 1431 cum
2367 1394 2439 1431 ex

303 1463 519 1522 divinis
555 1462 764 1521 litteris
803 1462 1120 1522 habeamus
1144 1509 1159 1538 .,
1198 1485 1402 1522 eorum
1444 1464 1598 1523 dicta
1622 1511 1637 1540 7
1683 1488 1815 1524 cum
1858 1487 2051 1526 coram
2094 1466 2439 1550 praesidibus

303 1560 649 1618 sisterentur
669 1604 685 1634 ,
729 1581 982 1640 superno
1022 1560 1305 1619 instinctu
1344 1562 1724 1643 pronuntiata
1762 1562 1937 1620 fuisse
1957 1608 1972 1637 ,
2002 1564 2103 1635 fit,
2137 1574 2205 1622 ut
2236 1585 2441 1622 eorum

301 1677 580 1737 responsa
601 1701 617 1726 ,
650 1677 779 1736 quae
819 1656 882 1713 in
909 1655 998 1714 his
1029 1657 1168 1714 actis
1197 1656 1272 1714 ad
1303 1657 1620 1738 praesidum
1648 1659 1995 1740 quaestiones
2022 1660 2402 1719 continentur
2421 1705 2438 1735 ‚

302 1773 410 1833 pro
434 1752 608 1809 sacris
631 1750 874 1810 oraculis
900 1752 1107 1810 merito
1127 1751 1399 1812 habenda
1425 1754 1543 1813 sint
1570 1754 1690 1835 (2);
1723 1775 1789 1814 ea
1814 1753 1897 1813 illi
1922 1755 1984 1812 in
2009 1754 2126 1814 suis
2150 1755 2441 1839 responsis

302 1847 677 1929 protulerunt
701 1892 716 1920 .,
754 1867 882 1929 quae
923 1846 998 1905 ab
1042 1847 1302 1910 Ecclesiae
1345 1849 1675 1931 pastoribus
1716 1849 2075 1929 didicerant,
2121 1872 2186 1910 ac
2231 1852 2441 1911 merito

301 1944 553 2025 proinde
586 1943 670 2001 uti
692 1943 1038 2002 Traditionis
1063 1955 1121 2003 et
1153 1944 1412 2005 Ecclesiae
1441 1945 1575 2004 fidei
1594 1991 1610 2020 7
1641 1967 1770 2027 quae
1793 1947 2245 2029 uniuscujusque
2264 1959 2441 2008 aetate

302 2038 569 2118 vigebat5
606 2049 783 2098 testes
818 2038 1256 2121 locupletissimi
1283 2040 1598 2100 habentur.

386 2135 527 2194 439.
579 2136 766 2193 Immo
815 2156 952 2194 vero
998 2148 1057 2196 et
1109 2134 1258 2194 illud
1299 2136 1599 2216 adjicimus
1627 2182 1643 2211 ,
1690 2135 1983 2219 peculiare
2019 2138 2267 2198 istorum
2301 2141 2443 2199 actis

303 2233 493 2291 inesse
523 2231 752 2313 pondus
770 2277 785 2306 a
821 2243 1107 2312 quatenus
1140 2254 1211 2291 ex
1238 2232 1349 2291 illis
1384 2233 1662 2291 discimus
1685 2279 1701 2307 ‚
1728 2254 2000 2314 quaenam
2023 2234 2086 2291 in
2109 2233 2440 2294 domesticis

303 2349 369 2387 ac
397 2326 647 2410 publicis
675 2326 939 2387 Ecclesiae
971 2327 1359 2394 conventibus
1392 2328 1656 2387 doctrina
1689 2328 2048 2406 traderetur,
2082 2329 2301 2411 absque
2322 2329 2440 2389 ulla

302 2425 553 2508 privatae
592 2444 656 2483 ac
691 2422 1060 2503 subJectivae,
1082 2484 1085 2488 ,
1107 2436 1172 2482 ut
1213 2425 1292 2483 ita
1337 2423 1579 2506 loquar,
1613 2425 2012 2506 explicationis
2042 2424 2438 2501 admixtione,

305 2544 432 2605 quae
466 2520 820 2604 quandoque
860 2520 1267 2580 difficultatem
1308 2521 1534 2581 facessit
1562 2522 1619 2579 in
1668 2523 1919 2601 genuina
1960 2523 2201 2582 Patrum
2242 2534 2441 2582 mente

305 2618 667 2702 assequenda
699 2617 814 2700 (3).
858 2620 936 2678 Eo
978 2617 1071 2679 vel
1108 2612 1287 2699 magis
1322 2617 1481 2702 quod
1516 2618 1714 2700 plures
1758 2638 1831 2678 ex
1867 2618 2005 2701 ipsis
2044 2630 2147 2678 aut
2180 2618 2440 2679 foeminae

375 2840 444 2904 (l)
473 2838 788 2887 Luculentum
814 2839 954 2905 hujus
978 2840 1043 2887 rei
1068 2839 1334 2904 exemplum
1417 2840 1690 2904 subjectivis
1723 2842 1819 2887 suis
1844 2839 2145 2905 conceptibus
2177 2841 2308 2905 juxta
2338 2839 2440 2904 phi-

306 2924 534 2970 habemus
562 2925 612 2970 in
633 2921 780 2971 Conc.
814 2920 1095 2970 Arausicano
1128 2921 1209 2982 ΙΙ,
1247 2939 1332 2970 cu·
1418 2921 1707 2986 losophiam‚
1750 2938 1891 2986 quam
1933 2920 2283 2986 profitebantur.
2317 2919 2439 2968 Hine

306 3009 385 3068 jus
413 3005 625 3066 decreta,
657 3006 877 3053 adversus
894 3004 1161 3069 Pelagianos
1186 3023 1239 3053 ac
1253 3004 1336 3053 Se·
1418 3012 1611 3068 receptae
1638 3004 1855 3068 quaedam
1882 3003 1941 3050 ab
1970 3005 2080 3068 ipsis
2107 3001 2327 3068 loquendi
2348 3002 2441 3048 for-

308 3088 645 3152 mipelagianos
684 3088 777 3135 lata
800 3124 814 3146 ‚
864 3090 931 3135 uti
977 3088 1238 3152 dogmatica
1276 3087 1334 3135 ab
1421 3102 1530 3146 mae,
1553 3101 1662 3133 cum
1686 3085 1744 3132 de
1768 3087 1994 3151 mysteriis
2010 3085 2315 3144 dissererent,
2337 3100 2442 3151 quae

309 3169 528 3217 omnibus
558 3180 824 3219 censentur.
1424 3169 1751 3219 obscuritatem
1775 3171 2018 3233 ingerunt,
2048 3186 2102 3216 ac
2120 3166 2443 3217 difficultatem

382 3251 450 3316 (⁰2)
492 3253 547 3300 ln
571 3254 721 3317 Praef.
745 3252 958 3318 qeneral.
981 3255 1038 3302 in
1054 3255 1181 3301 Acta
1196 3256 1342 3302 Mar·
1424 3255 1654 3302 facessunt
1701 3255 1857 3300 minus
1911 3255 1959 3300 in
2006 3252 2194 3300 illorum
2235 3253 2442 3318 philoso-

311 3342 410 3399 ἐφ’.
440 3336 662 3396 sincera,
693 3334 720 3402 §
758 3353 773 3383 ι
803 3374 815 3395 ,
847 3355 897 3384 n.
939 3353 978 3384 1.
1423 3334 1599 3402 phandi
1635 3337 1809 3382 ratione
1845 3336 2003 3399 peritis
2028 3370 2042 3397 ‚
2079 3336 2205 3401 quod
2239 3346 2284 3383 et
2311 3353 2447 3401 expe-

381 3416 447 3482 (3)
485 3414 678 3465 Etenim
699 3417 878 3471 Patres,
908 3422 976 3467 uti
998 3418 1109 3467 alias
1126 3419 1341 3467 animad-
1423 3421 1570 3467 rimur
1584 3417 1633 3465 in
1647 3416 1956 3477 scholastici8‚
1983 3426 2228 3484 postquam
2244 3420 2320 3466 isti
2337 3419 2448 3466 aris-

312 3502 534 3548 vertimus
556 3538 568 3555 ,
604 3502 810 3548 veritates
838 3502 1056 3550 revelatas
1089 3519 1168 3548 seu
1215 3501 1340 3550 chri·
1426 3502 1656 3550 totelicam
1687 3499 2027 3565 philosophiam
2057 3501 2369 3566 adoptarunt,
2404 3509 2448 3548 et
2486 3503 2498 3570 Ἰ

313 3586 475 3631 stiauae
499 3582 608 3629 fidei
628 3583 843 3648 dogmata
862 3619 875 3641 ‚
899 3584 1053 3649 quoad
1078 3584 1270 3632 modum
1291 3602 1344 3633 ea
1425 3582 1631 3650 quodam
1657 3583 1800 3630 veluti
1824 3583 2063 3632 connubio
2091 3601 2200 3632 cum
2222 3582 2447 3647 theologia

314 3665 605 3730 exponendi,
633 3664 976 3730 subjiciebant,
1006 3677 1057 3715 ut
1075 3669 1137 3714 ita
1157 3667 1340 3728 dicam,
1425 3668 1784 3732 conjunxerunt.
1824 3665 1931 3714 Huc
1966 3675 2143 3732 spectat
2161 3704 2173 3726 ‚
2205 3665 2330 3733 quod
2362 3664 2448 3713 Pe-
