2502 4134
311 157 389 215 68
934 180 1130 218 rnAcr.
1169 182 1236 218 nn
1282 181 1431 235 tocls
1474 182 1852 223 rncotoc101S.

302 322 511 402 Adjicit
545 343 761 404 nempe
794 323 1011 382 horum
1044 323 1332 383 librorum
1367 344 1652 385 canonem
1677 372 1691 400 a
1734 347 1909 408 quem
1947 325 2165 388 ibidem
2207 333 2441 411 profite-

300 429 398 478 tur
438 440 498 478 se
537 440 568 477 a
610 416 877 478 Patribus
915 422 1203 502 accepisse
1235 420 1343 500 (1).
1380 419 1650 480 Clemens
1685 443 1826 482 vero
1860 425 2186 499 Romanus⁷
2225 447 2257 483 a
2283 447 2399 508 quo
2422 474 2438 503 .,

300 525 367 573 ut
397 514 649 573 diximus
670 560 685 588 .,
732 537 936 575 omnes
968 516 1151 591 ferme
1180 516 1484 597 utriusque
1513 516 1769 578 Foederis
1806 517 1940 577 libri
1965 520 2227 578 canonici
2251 521 2438 581 addu-

298 620 547 683 cuntur,
583 610 909 671 universim
947 632 1134 670 sacras
1180 612 1506 691 Scripturas
1541 624 1709 689 vocat
1742 615 2014 692 Spiritus
2050 617 2266 674 Sancti
2299 639 2440 676 ora-

297 707 439 764 cula
477 705 588 784 (2).
636 707 714 764 Ex
758 706 848 765 his
894 706 1199 765 evidenter
1249 717 1448 786 patet
1496 707 1705 766 eadem
1753 708 2014 770 Ecclesiae
2057 713 2436 788 auctoritate,

299 806 413 882 qua
450 799 619 859 nobis
659 811 889 859 constat
922 801 994 859 de
1027 802 1357 882 Scriptura}
1363 823 1462 860 um
1500 822 1763 875 canone
1809 803 1934 862 de
1919 825 2178 915 ipsarum
2220 809 2439 889 pariter

299 895 606 956 divinitate
640 909 815 977 atque
852 897 1243 978 inspiratione
1287 907 1579 956 constare.

382 993 517 1052 108.
564 991 787 1051 Exinde
826 992 1048 1050 factum
1097 1004 1219 1066 est,
1268 1004 1329 1050 ut
1367 995 1633 1052 certatim
1691 994 1890 1053 Patres
1932 996 2102 1072 juxta
2149 996 2326 1058 fidem
2372 1000 2438 1058 in

296 1087 544 1148 Ecclesia
575 1099 869 1169 receptam
905 1087 1246 1161 docuerint,
1274 1090 1580 1167 Spiritum
1608 1090 1902 1147 Sanctum
1935 1113 2076 1160 csse,
2105 1095 2216 1170 qui
2239 1094 2438 1172 loqui-—

295 1195 399 1244 tur
423 1188 494 1243 in
523 1187 897 1263 Scriptnris,
931 1196 998 1241 ut
1021 1185 1299 1263 Origenes
1330 1183 1444 1263 (3);
1478 1184 1909 1265 Scripturam)
1948 1188 2191 1265 Spiritu
2223 1189 2437 1248 Sancto

294 1284 732 1360 conscriptam,
771 1282 1074 1359 ingentem
1098 1283 1173 1338 in
1201 1301 1258 1338 sc
1283 1283 1585 1338 continere
1623 1280 1975 1339 thesauram
1990 1325 2011 1353 ,
2050 1292 2116 1340 ut
2155 1283 2436 1363 Chrysos-

294 1387 488 1436 tomus
514 1375 624 1455 (4);
650 1375 875 1453 linguas
901 1385 959 1433 et
989 1396 1201 1432 manus
1241 1375 1595 1456 scriptorum
1625 1396 1920 1434 sacrorum
1945 1377 2093 1435 nihil
2123 1377 2282 1437 aliud
2311 1400 2435 1439 esse

295 1494 474 1555 quam
511 1474 783 1552 Spiritus
820 1472 1037 1529 Sancti
1070 1473 1374 1542 calamos,
1413 1482 1480 1529 ut
1513 1470 1910 1531 Theodoretus
1947 1472 2063 1552 (5),
2106 1484 2166 1532 et
2201 1475 2255 1531 S.
2292 1476 2435 1533 Gre-

294 1568 488 1651 gorius
519 1569 601 1627 M.
636 1567 745 1646 (6);
780 1565 926 1624 item
955 1577 1022 1624 ut
1055 1567 1418 1647 Scripturam
1453 1587 1676 1626 sacram
1714 1568 2055 1628 vocaverint
2093 1568 2434 1646 Epistolam

294 1666 715 1744 omnipotentis
743 1665 858 1723 Dei
898 1663 985 1720 ad
1015 1673 1363 1721 creaturam
1395 1684 1573 1720 suam
1590 1706 1610 1734 ‚
1650 1673 1716 1720 ut
1759 1664 1817 1721 S.
1869 1664 2219 1742 Augustinus
2250 1664 2340 1745 (7)
2371 1676 2433 1724 et

292 1780 528 1817 rursum
567 1760 626 1816 S.
675 1760 982 1837 Gregorius
1025 1760 1101 1816 M.
1148 1757 1261 1837 (8).
1296 1758 1352 1819 S.
1396 1758 1750 1838 Augustinus
1778 1770 2067 1839 praeterea
2104 1758 2332 1836 adjicit,
2372 1761 2434 1819 in

298 1855 607 1936 Scripturis
630 1856 898 1925 divinis,
933 1875 1063 1935 quae
1092 1859 1401 1913 canonicoe
1422 1865 1740 1928 vocantur,
1769 1854 1861 1915 vel
1886 1853 2246 1914 levissimum
2270 1878 2434 1915 rnen-

297 1949 527 2009 dacium
563 1951 689 2010 sine
718 1951 961 2009 crimine
992 1950 1228 2009 admitti
1263 1972 1386 2008 non
1413 1971 1583 2032 posse
1606 1995 1622 2024 ‚
1662 1971 1728 2009 ac
1756 1949 1893 2009 solis
1928 1953 2220 2011 canonicis
2246 1953 2434 2034 Scrip—

296 2046 445 2105 turis
488 2067 623 2105 eum
661 2068 783 2105 esse
821 2045 1109 2105 honorem
1148 2045 1574 2118 deferendum,
1621 2045 1852 2104 nullum
1890 2057 1955 2104 ut
1996 2068 2198 2106 earum
2241 2059 2434 2106 aucto-

291 2163 420 2202 rem
467 2142 775 2202 scribendo
825 2141 1047 2223 aliquid
1099 2163 1321 2201 errasse
1375 2141 1704 2200 firmissime
1760 2141 2065 2201 credamus
2117 2143 2227 2221 (9).
2284 2143 2434 2201 Cum

295 2237 355 2297 S.
399 2237 652 2296 Isidorus
695 2236 1054 2317 Hispalensis
1089 2258 1376 2296 canonem
1413 2237 1710 2316 integrum
1743 2258 2041 2295 sacrorum
2079 2238 2387 2297 Librorum
2413 2283 2429 2313 .,

295 2344 472 2414 prout
500 2333 746 2392 Ecclesia
782 2334 1044 2391 Romana
1074 2354 1306 2414 semper
1342 2331 1632 2406 obtinuit,
1674 2331 2068 2408 exhibuisset,
2110 2333 2199 2392 his
2243 2332 2434 2395 verbis

294 2428 618 2510 catalogum
651 2451 824 2488 suum
868 2427 1180 2488 absolvit.
1230 2429 1380 2487 Hoec
1422 2438 1564 2487 sunt
1608 2448 1761 2486 nova
1808 2439 1865 2486 ct
1907 2439 2141 2501 vetera,
2183 2451 2319 2508 quae
2361 2430 2432 2487 dc

237 2590 240 2593 ,
295 2526 571 2586 thesauro
614 2527 872 2585 Domini
906 2509 1390 2605 proferuntur...
1445 2524 1561 2584 Hoe
1617 2522 1827 2584 Litcrae
1879 2545 2066 2584 sacrae
2084 2567 2108 2596 ,
2161 2525 2231 2582 hi
2283 2525 2439 2582 libri

295 2625 520 2701 inteyri
559 2642 809 2683 numero
845 2631 901 2682 et
936 2623 1332 2688 auctoritatc5
1375 2620 1555 2679 aliud
1592 2640 1734 2677 cum
1783 2622 1917 2678 istis
1948 2620 2111 2677 nihil
2149 2629 2233 2677 est
2270 2640 2430 2678 com-

370 2871 436 2936 (1.)
487 2870 623 2936 Apud
669 2868 812 2918 Hard.
863 2885 941 2934 op.
987 2869 1069 2916 cit.
1118 2876 1232 2916 tom.
1271 2882 1320 2925 ι,
1474 2863 1542 2927 (4)
1579 2861 1729 2910 Hom.
1781 2879 1831 2911 m
1865 2865 1923 2911 in
1972 2863 2153 2916 Genes.
2198 2883 2250 2915 n.
2290 2882 2306 2914 ι
2335 2904 2348 2927 ,
2386 2876 2430 2915 et

302 2954 393 3003 col.
424 2951 543 3021 968.
1406 2947 1515 2997 alibi
1551 2948 1739 3012 passim.

366 3039 432 3103 (2)
471 3037 550 3086 Sic
594 3039 723 3086 enim
767 3035 959 3091 scribit,
1005 3031 1168 3098 Epist.
1202 3049 1219 3079 1
1260 3031 1325 3079 ad
1476 3028 1713 3094 (5)Proef.'
1729 3030 1785 3077 in
1800 3026 2259 3080 Psalm.edit.Paris.
2283 3029 2428 3095 1642,

301 3120 414 3170 Cor.
441 3138 543 3185 cap.
576 3118 642 3183 45
671 3137 684 3167 :
718 3114 980 3167 Ἐνκᾶπτετε
1015 3118 1075 3168 εἷς
1099 3111 1183 3167 τοὶς
1208 3136 1324 3181 γρκ-
1407 3132 1516 3179 opp.
1546 3124 1661 3163 tom.
1691 3130 1755 3172 11,
1790 3131 1893 3179 pag.
1922 3112 2021 3180 395
2051 3124 2096 3163 et
2125 3132 2223 3181 seq.

298 3203 426 3268 φοίς,
447 3201 533 3257 ταὶς
552 3203 747 3257 οἱληθ-εῗς
772 3199 920 3267 fivia-etc
955 3196 1214 3260 an'pcaeros·
1249 3203 1329 3246 τοῧ
1476 3194 1543 3260 (6)
1584 3195 1741 3259 Praef.
1773 3197 1829 3243 in
1859 3193 1994 3257 Job.‚
2026 3213 2129 3262 cap.
2167 3213 2185 3243 1
2206 3233 2220 3256 ‚
2248 3214 2301 3245 n.
2339 3213 2384 3244 2.

295 3284 430 3347 ἁγίου
451 3324 465 3348 ,
495 3304 576 3334 seu
606 3284 882 3349 Diliqenter
905 3283 1131 3349 inspicite
1165 3281 1329 3346 Scrip-
1476 3278 1536 3341 (7)
1574 3276 1729 3326 Serm.
1762 3295 1832 3339 11,
1866 3280 1924 3326 in
1954 3279 2045 3330 Ps.
2079 3296 2134 3327 xc
2153 3316 2166 3340 ,
2200 3297 2254 3329 n.
2296 3295 2311 3326 1
2336 3317 2350 3339 ‚
2385 3289 2429 3328 et

300 3377 465 3426 taras,
512 3368 729 3433 Spiritus
762 3364 938 3415 Sancti
965 3380 1078 3413 vera
1111 3361 1325 3411 oracula.
1408 3359 1592 3412 Enarr.
1624 3362 1681 3408 in
1709 3357 1794 3409 Pa.
1832 3378 1964 3409 cxux
1985 3399 1998 3421 ‚
2032 3379 2083 3411 n.
2117 3359 2170 3411 5.
2443 3407 2445 3409 ,

300 3451 438 3518 Apud
454 3450 602 3500 Cotel.
627 3461 740 3499 tom.
770 3464 786 3497 1
806 3488 818 3509 ,
849 3467 950 3514 pag.
995 3462 1109 3514 172.
1350 3450 1352 3452 ’
1385 3478 1388 3481 ·
1477 3445 1542 3509 (8)
1580 3444 1686 3493 Lib.
1710 3455 1755 3492 iv
1774 3481 1786 3503 ‚
1812 3444 1975 3494 indict.
2005 3461 2070 3492 xu
2091 3482 2105 3506 ‚
2138 3446 2271 3511 epist.
2287 3444 2424 3503 xxxi,

374 3533 442 3601 (3)
482 3533 632 3583 Hom.
659 3535 762 3583 xxvi
790 3535 845 3580 in
878 3531 1030 3580 Num.
1049 3548 1102 3580 n.
1135 3529 1191 3591 3,
1215 3529 1326 3578 edit.
1410 3527 1476 3576 ad
1502 3525 1735 3576 Theodor.
1760 3526 2020 3576 medicum.

300 3619 455 3669 Maur.
478 3635 583 3685 opp.
606 3627 723 3667 tom.
754 3630 819 3679 η,
851 3631 958 3682 pag.
994 3616 1113 3682 371.
1470 3609 1546 3673 (9)
1588 3608 1750 3674 Epist.
1778 3611 1859 3661 cit.
1887 3624 2063 3671 xxvm,
2092 3617 2137 3659 et
2164 3624 2342 3669 mxxxii,
2363 3606 2428 3655 ad

1403 3691 1796 3756 Hieronymum.
