<?xml version="1.0" encoding="UTF-8"?>
<!DOCTYPE html PUBLIC "-//W3C//DTD XHTML 1.0 Transitional//EN"
    "http://www.w3.org/TR/xhtml1/DTD/xhtml1-transitional.dtd">
<html xmlns="http://www.w3.org/1999/xhtml" xml:lang="en" lang="en">
 <head>
  <title>
</title>
<meta http-equiv="Content-Type" content="text/html;charset=utf-8" />
  <meta name='ocr-system' content='tesseract 3.04.00' />
  <meta name='ocr-capabilities' content='ocr_page ocr_carea ocr_par ocr_line ocrx_word'/>
</head>
<body>
  <div class='ocr_page' id='page_1' title='image "a603693809perruoft_0551.png"; bbox 0 0 2502 4134; ppageno 0'>
   <div class='ocr_carea' id='block_1_1' title="bbox 391 73 2210 137">
    <p class='ocr_par' dir='ltr' id='par_1_1' title="bbox 391 73 2210 137">
     <span class='ocr_line' id='line_1_1' title="bbox 391 73 2210 137; baseline -0.002 0"><span class='ocrx_word' id='word_1_1' title='bbox 391 98 549 137; x_wconf 67' lang='lat' dir='ltr'>nur.</span> <span class='ocrx_word' id='word_1_2' title='bbox 597 94 683 134; x_wconf 79' lang='grc' dir='ltr'>ιιι.</span> <span class='ocrx_word' id='word_1_3' title='bbox 732 93 882 132; x_wconf 73' lang='lat' dir='ltr'>sncr.</span> <span class='ocrx_word' id='word_1_4' title='bbox 930 94 971 130; x_wconf 83' lang='lat'>1.</span> <span class='ocrx_word' id='word_1_5' title='bbox 1021 92 1145 131; x_wconf 71' lang='lat' dir='ltr'>cAP.</span> <span class='ocrx_word' id='word_1_6' title='bbox 1194 93 1282 131; x_wconf 86' lang='lat'>111.</span> <span class='ocrx_word' id='word_1_7' title='bbox 1331 88 1400 131; x_wconf 76' lang='lat' dir='ltr'>nn</span> <span class='ocrx_word' id='word_1_8' title='bbox 1444 92 1575 132; x_wconf 63' lang='lat' dir='ltr'>aar.</span> <span class='ocrx_word' id='word_1_9' title='bbox 1620 93 1745 131; x_wconf 75' lang='lat' dir='ltr'>ros-r</span> <span class='ocrx_word' id='word_1_10' title='bbox 1788 94 1898 131; x_wconf 78' lang='lat' dir='ltr'>rin.</span> <span class='ocrx_word' id='word_1_11' title='bbox 2094 73 2210 133; x_wconf 78' lang='lat'>543</span> 
     </span>
    </p>
   </div>
   <div class='ocr_carea' id='block_1_2' title="bbox 88 233 2254 2501">
    <p class='ocr_par' dir='ltr' id='par_1_2' title="bbox 88 233 2213 698">
     <span class='ocr_line' id='line_1_2' title="bbox 89 233 2206 320; baseline -0.002 -17"><span class='ocrx_word' id='word_1_12' title='bbox 89 256 146 303; x_wconf 90' lang='lat' dir='ltr'>et</span> <span class='ocrx_word' id='word_1_13' title='bbox 166 245 332 303; x_wconf 85' lang='lat' dir='ltr'>Joan.</span> <span class='ocrx_word' id='word_1_14' title='bbox 363 239 808 320; x_wconf 76' lang='lat' dir='ltr'>Chrysostomus</span> <span class='ocrx_word' id='word_1_15' title='bbox 829 281 846 312; x_wconf 79' lang='grc'><em>,</em></span> <span class='ocrx_word' id='word_1_16' title='bbox 868 234 1192 296; x_wconf 89' lang='lat' dir='ltr'>retundens</span> <span class='ocrx_word' id='word_1_17' title='bbox 1223 233 1554 307; x_wconf 65' lang='lat' dir='ltr'>haereticos.</span> <span class='ocrx_word' id='word_1_18' title='bbox 1584 233 1743 317; x_wconf 88' lang='lat' dir='ltr'>quod</span> <span class='ocrx_word' id='word_1_19' title='bbox 1764 255 1997 317; x_wconf 85' lang='lat' dir='ltr'><strong>semper</strong></span> <span class='ocrx_word' id='word_1_20' title='bbox 2017 235 2083 294; x_wconf 90' lang='lat' dir='ltr'>in</span> <span class='ocrx_word' id='word_1_21' title='bbox 2106 257 2206 298; x_wconf 88' lang='lat' dir='ltr'>ore</span> 
     </span>
     <span class='ocr_line' id='line_1_3' title="bbox 88 328 2208 412; baseline -0.002 -17"><span class='ocrx_word' id='word_1_22' title='bbox 88 336 373 396; x_wconf 88' lang='lat' dir='ltr'>haberent</span> <span class='ocrx_word' id='word_1_23' title='bbox 401 333 549 393; x_wconf 88' lang='lat' dir='ltr'>illud</span> <span class='ocrx_word' id='word_1_24' title='bbox 571 346 690 399; x_wconf 81' lang='grc' dir='ltr'>,πῶς</span> <span class='ocrx_word' id='word_1_25' title='bbox 707 376 722 407; x_wconf 77' lang='grc'><em>,</em></span> <span class='ocrx_word' id='word_1_26' title='bbox 768 330 1054 411; x_wconf 79' lang='lat' dir='ltr'>quomodo</span> <span class='ocrx_word' id='word_1_27' title='bbox 1078 328 1206 410; x_wconf 81' lang='lat' dir='ltr'>(l)?</span> <span class='ocrx_word' id='word_1_28' title='bbox 1221 328 1312 390; x_wconf 90' lang='lat' dir='ltr'>Sic</span> <span class='ocrx_word' id='word_1_29' title='bbox 1335 328 1546 412; x_wconf 85' lang='lat' dir='ltr'>reliqui</span> <span class='ocrx_word' id='word_1_30' title='bbox 1570 330 1789 411; x_wconf 85' lang='lat' dir='ltr'>passim</span> <span class='ocrx_word' id='word_1_31' title='bbox 1815 330 1929 410; x_wconf 99' lang='grc'>(2).</span> <span class='ocrx_word' id='word_1_32' title='bbox 1957 329 2026 389; x_wconf 80' lang='grc'>40</span> <span class='ocrx_word' id='word_1_33' title='bbox 2047 332 2208 404; x_wconf 75' lang='lat' dir='ltr'>Qua-</span> 
     </span>
     <span class='ocr_line' id='line_1_4' title="bbox 89 424 2211 514; baseline -0.002 -23"><span class='ocrx_word' id='word_1_34' title='bbox 89 443 330 514; x_wconf 87' lang='lat' dir='ltr'>propter</span> <span class='ocrx_word' id='word_1_35' title='bbox 358 431 567 490; x_wconf 79' lang='lat' dir='ltr'>merito</span> <span class='ocrx_word' id='word_1_36' title='bbox 602 430 661 489; x_wconf 90' lang='lat' dir='ltr'>S.</span> <span class='ocrx_word' id='word_1_37' title='bbox 692 426 943 488; x_wconf 84' lang='lat' dir='ltr'>Thomas</span> <span class='ocrx_word' id='word_1_38' title='bbox 969 425 1144 488; x_wconf 88' lang='lat' dir='ltr'>toties</span> <span class='ocrx_word' id='word_1_39' title='bbox 1180 424 1466 499; x_wconf 71' lang='lat' dir='ltr'>inculcat,</span> <span class='ocrx_word' id='word_1_40' title='bbox 1500 425 1741 486; x_wconf 87' lang='lat' dir='ltr'>rationis</span> <span class='ocrx_word' id='word_1_41' title='bbox 1768 425 2026 486; x_wconf 88' lang='lat' dir='ltr'>officium</span> <span class='ocrx_word' id='word_1_42' title='bbox 2059 426 2211 487; x_wconf 89' lang='lat' dir='ltr'>circa</span> 
     </span>
     <span class='ocr_line' id='line_1_5' title="bbox 90 519 2213 608; baseline -0.002 -21"><span class='ocrx_word' id='word_1_43' title='bbox 90 527 360 608; x_wconf 82' lang='lat' dir='ltr'>Mysteria</span> <span class='ocrx_word' id='word_1_44' title='bbox 403 547 563 585; x_wconf 89' lang='lat' dir='ltr'>mere</span> <span class='ocrx_word' id='word_1_45' title='bbox 606 526 955 605; x_wconf 71' lang='lat' dir='ltr'>neyativum</span> <span class='ocrx_word' id='word_1_46' title='bbox 1008 541 1132 581; x_wconf 90' lang='lat' dir='ltr'>esse</span> <span class='ocrx_word' id='word_1_47' title='bbox 1153 565 1170 595; x_wconf 80' lang='lat'>‚</span> <span class='ocrx_word' id='word_1_48' title='bbox 1224 519 1384 603; x_wconf 91' lang='lat' dir='ltr'>quod</span> <span class='ocrx_word' id='word_1_49' title='bbox 1431 519 1648 580; x_wconf 89' lang='lat' dir='ltr'>scilicet</span> <span class='ocrx_word' id='word_1_50' title='bbox 1687 521 1750 579; x_wconf 89' lang='lat' dir='ltr'>in</span> <span class='ocrx_word' id='word_1_51' title='bbox 1800 521 2213 582; x_wconf 86' lang='lat' dir='ltr'>difficultatum</span> 
     </span>
     <span class='ocr_line' id='line_1_6' title="bbox 89 617 1048 698; baseline -0.004 -18"><span class='ocrx_word' id='word_1_52' title='bbox 89 621 374 680; x_wconf 87' lang='lat' dir='ltr'>solutione</span> <span class='ocrx_word' id='word_1_53' title='bbox 420 620 696 680; x_wconf 83' lang='lat' dir='ltr'><strong>consistat</strong></span> <span class='ocrx_word' id='word_1_54' title='bbox 739 617 848 698; x_wconf 85' lang='lat'>(3).</span> <span class='ocrx_word' id='word_1_55' title='bbox 881 619 1048 698; x_wconf 87' lang='lat' dir='ltr'>Ergo.</span> 
     </span>
    </p>

    <p class='ocr_par' dir='ltr' id='par_1_3' title="bbox 90 709 2222 1746">
     <span class='ocr_line' id='line_1_7' title="bbox 172 709 2213 798; baseline 0 -24"><span class='ocrx_word' id='word_1_56' title='bbox 172 716 308 775; x_wconf 84' lang='lat'>301.</span> <span class='ocrx_word' id='word_1_57' title='bbox 355 718 528 798; x_wconf 91' lang='lat' dir='ltr'>Resp.</span> <span class='ocrx_word' id='word_1_58' title='bbox 577 714 731 793; x_wconf 73' lang='lat' dir='ltr'>Neq.</span> <span class='ocrx_word' id='word_1_59' title='bbox 778 723 904 772; x_wconf 76' lang='lat' dir='ltr'>ant.</span> <span class='ocrx_word' id='word_1_60' title='bbox 953 711 1042 773; x_wconf 88' lang='lat' dir='ltr'>Ad</span> <span class='ocrx_word' id='word_1_61' title='bbox 1090 713 1195 786; x_wconf 74' lang='lat'>1¹¹²,</span> <span class='ocrx_word' id='word_1_62' title='bbox 1225 709 1395 793; x_wconf 88' lang='lat' dir='ltr'>prob.</span> <span class='ocrx_word' id='word_1_63' title='bbox 1434 710 1595 770; x_wconf 79' lang='lat' dir='ltr'>Dist.</span> <span class='ocrx_word' id='word_1_64' title='bbox 1645 711 1967 772; x_wconf 87' lang='lat' dir='ltr'>Scientifica</span> <span class='ocrx_word' id='word_1_65' title='bbox 1993 724 2213 774; x_wconf 87' lang='lat' dir='ltr'>tracta-</span> 
     </span>
     <span class='ocr_line' id='line_1_8' title="bbox 91 805 2212 893; baseline 0 -24"><span class='ocrx_word' id='word_1_66' title='bbox 91 813 171 870; x_wconf 88' lang='lat' dir='ltr'>tio</span> <span class='ocrx_word' id='word_1_67' title='bbox 226 811 487 893; x_wconf 85' lang='lat' dir='ltr'>postulat</span> <span class='ocrx_word' id='word_1_68' title='bbox 531 807 980 889; x_wconf 77' lang='lat' dir='ltr'>intelligentiam</span> <span class='ocrx_word' id='word_1_69' title='bbox 1031 806 1284 889; x_wconf 82' lang='lat' dir='ltr'>absque</span> <span class='ocrx_word' id='word_1_70' title='bbox 1301 805 1660 866; x_wconf 88' lang='lat' dir='ltr'>detrimento</span> <span class='ocrx_word' id='word_1_71' title='bbox 1711 807 1863 866; x_wconf 92' lang='lat' dir='ltr'>illius</span> <span class='ocrx_word' id='word_1_72' title='bbox 1908 830 2171 869; x_wconf 82' lang='lat' dir='ltr'>assensus</span> <span class='ocrx_word' id='word_1_73' title='bbox 2193 855 2212 887; x_wconf 76' lang='lat'>,</span> 
     </span>
     <span class='ocr_line' id='line_1_9' title="bbox 92 900 2216 988; baseline 0 -25"><span class='ocrx_word' id='word_1_74' title='bbox 92 929 269 988; x_wconf 85' lang='lat' dir='ltr'>quem</span> <span class='ocrx_word' id='word_1_75' title='bbox 296 906 438 965; x_wconf 89' lang='lat' dir='ltr'>fides</span> <span class='ocrx_word' id='word_1_76' title='bbox 460 906 754 987; x_wconf 77' lang='lat' dir='ltr'>exposcit,</span> <span class='ocrx_word' id='word_1_77' title='bbox 783 925 979 972; x_wconf 64' lang='lat' dir='ltr'>conc„</span> <span class='ocrx_word' id='word_1_78' title='bbox 970 924 1152 962; x_wconf 87' lang='lat' dir='ltr'>·cum</span> <span class='ocrx_word' id='word_1_79' title='bbox 1177 900 1439 981; x_wconf 88' lang='lat' dir='ltr'>ejusdem</span> <span class='ocrx_word' id='word_1_80' title='bbox 1458 901 1818 962; x_wconf 89' lang='lat' dir='ltr'>detrimento</span> <span class='ocrx_word' id='word_1_81' title='bbox 1839 925 2008 984; x_wconf 63' lang='lat' dir='ltr'>..neq</span> <span class='ocrx_word' id='word_1_82' title='bbox 2033 907 2216 965; x_wconf 83' lang='lat' dir='ltr'>Dum—</span> 
     </span>
     <span class='ocr_line' id='line_1_10' title="bbox 94 995 2217 1084; baseline 0.001 -25"><span class='ocrx_word' id='word_1_83' title='bbox 94 1001 268 1060; x_wconf 90' lang='lat' dir='ltr'>modo</span> <span class='ocrx_word' id='word_1_84' title='bbox 313 1003 506 1084; x_wconf 87' lang='lat' dir='ltr'>itaque</span> <span class='ocrx_word' id='word_1_85' title='bbox 552 1000 695 1060; x_wconf 91' lang='lat' dir='ltr'>fides</span> <span class='ocrx_word' id='word_1_86' title='bbox 743 1000 868 1082; x_wconf 87' lang='lat' dir='ltr'>ipsa</span> <span class='ocrx_word' id='word_1_87' title='bbox 914 1000 979 1057; x_wconf 90' lang='lat' dir='ltr'>in</span> <span class='ocrx_word' id='word_1_88' title='bbox 1027 998 1192 1057; x_wconf 89' lang='lat' dir='ltr'>omni</span> <span class='ocrx_word' id='word_1_89' title='bbox 1237 1018 1338 1055; x_wconf 88' lang='lat' dir='ltr'>sua</span> <span class='ocrx_word' id='word_1_90' title='bbox 1383 1008 1588 1078; x_wconf 75' lang='lat' dir='ltr'>parte,</span> <span class='ocrx_word' id='word_1_91' title='bbox 1635 1009 1812 1078; x_wconf 88' lang='lat' dir='ltr'>prout</span> <span class='ocrx_word' id='word_1_92' title='bbox 1848 995 1922 1056; x_wconf 91' lang='lat' dir='ltr'>ab</span> <span class='ocrx_word' id='word_1_93' title='bbox 1968 999 2217 1061; x_wconf 85' lang='lat' dir='ltr'>Ecclesia</span> 
     </span>
     <span class='ocr_line' id='line_1_11' title="bbox 92 1090 2217 1178; baseline 0 -23"><span class='ocrx_word' id='word_1_94' title='bbox 92 1098 479 1178; x_wconf 67' lang='lat' dir='ltr'>proponitur,</span> <span class='ocrx_word' id='word_1_95' title='bbox 524 1107 679 1155; x_wconf 87' lang='lat' dir='ltr'>sarta</span> <span class='ocrx_word' id='word_1_96' title='bbox 720 1105 992 1176; x_wconf 85' lang='lat' dir='ltr'>tectaque</span> <span class='ocrx_word' id='word_1_97' title='bbox 1036 1103 1312 1152; x_wconf 86' lang='lat' dir='ltr'>teneatur</span> <span class='ocrx_word' id='word_1_98' title='bbox 1333 1135 1348 1164; x_wconf 74' lang='grc'><em>,</em></span> <span class='ocrx_word' id='word_1_99' title='bbox 1394 1090 1547 1149; x_wconf 85' lang='lat' dir='ltr'>nihil</span> <span class='ocrx_word' id='word_1_100' title='bbox 1572 1091 1821 1172; x_wconf 89' lang='lat' dir='ltr'>impedit</span> <span class='ocrx_word' id='word_1_101' title='bbox 1842 1137 1858 1166; x_wconf 70' lang='grc'><em>,</em></span> <span class='ocrx_word' id='word_1_102' title='bbox 1903 1095 2217 1174; x_wconf 86' lang='lat' dir='ltr'>quominus</span> 
     </span>
     <span class='ocr_line' id='line_1_12' title="bbox 90 1185 2221 1271; baseline -0.001 -20"><span class='ocrx_word' id='word_1_103' title='bbox 90 1191 375 1251; x_wconf 80' lang='lat' dir='ltr'>eluctetur</span> <span class='ocrx_word' id='word_1_104' title='bbox 408 1191 585 1250; x_wconf 88' lang='lat' dir='ltr'>homo</span> <span class='ocrx_word' id='word_1_105' title='bbox 615 1193 928 1269; x_wconf 69' lang='lat' dir='ltr'>majorem,</span> <span class='ocrx_word' id='word_1_106' title='bbox 970 1187 1164 1271; x_wconf 87' lang='lat' dir='ltr'>quoad</span> <span class='ocrx_word' id='word_1_107' title='bbox 1202 1191 1325 1264; x_wconf 88' lang='lat' dir='ltr'>ejus</span> <span class='ocrx_word' id='word_1_108' title='bbox 1368 1185 1495 1246; x_wconf 89' lang='lat' dir='ltr'>fieri</span> <span class='ocrx_word' id='word_1_109' title='bbox 1531 1186 1714 1266; x_wconf 90' lang='lat' dir='ltr'>possit</span> <span class='ocrx_word' id='word_1_110' title='bbox 1736 1230 1754 1261; x_wconf 72' lang='grc'><em>,</em></span> <span class='ocrx_word' id='word_1_111' title='bbox 1802 1189 2030 1270; x_wconf 85' lang='lat' dir='ltr'>assequi</span> <span class='ocrx_word' id='word_1_112' title='bbox 2073 1194 2221 1268; x_wconf 88' lang='lat' dir='ltr'>ejus-</span> 
     </span>
     <span class='ocr_line' id='line_1_13' title="bbox 95 1280 2222 1366; baseline -0 -20"><span class='ocrx_word' id='word_1_113' title='bbox 95 1287 231 1346; x_wconf 90' lang='lat' dir='ltr'>dem</span> <span class='ocrx_word' id='word_1_114' title='bbox 272 1285 735 1366; x_wconf 83' lang='lat' dir='ltr'>intelligentiam.</span> <span class='ocrx_word' id='word_1_115' title='bbox 789 1283 854 1344; x_wconf 91' lang='lat' dir='ltr'>Id</span> <span class='ocrx_word' id='word_1_116' title='bbox 898 1305 1088 1343; x_wconf 89' lang='lat' dir='ltr'>unum</span> <span class='ocrx_word' id='word_1_117' title='bbox 1123 1280 1454 1342; x_wconf 83' lang='lat' dir='ltr'>cavendum</span> <span class='ocrx_word' id='word_1_118' title='bbox 1496 1290 1620 1356; x_wconf 76' lang='lat' dir='ltr'>est,</span> <span class='ocrx_word' id='word_1_119' title='bbox 1660 1301 1735 1341; x_wconf 92' lang='lat' dir='ltr'>ne</span> <span class='ocrx_word' id='word_1_120' title='bbox 1770 1280 2015 1342; x_wconf 86' lang='lat' dir='ltr'>obtentu</span> <span class='ocrx_word' id='word_1_121' title='bbox 2052 1283 2222 1345; x_wconf 89' lang='lat' dir='ltr'>intel-</span> 
     </span>
     <span class='ocr_line' id='line_1_14' title="bbox 93 1376 2221 1460; baseline 0.001 -22"><span class='ocrx_word' id='word_1_122' title='bbox 93 1381 342 1460; x_wconf 87' lang='lat' dir='ltr'>ligentiae</span> <span class='ocrx_word' id='word_1_123' title='bbox 382 1390 483 1438; x_wconf 85' lang='lat' dir='ltr'>aut</span> <span class='ocrx_word' id='word_1_124' title='bbox 529 1379 866 1438; x_wconf 61' lang='lat' dir='ltr'>&gt;scientificae</span> <span class='ocrx_word' id='word_1_125' title='bbox 918 1376 1313 1458; x_wconf 86' lang='lat' dir='ltr'>inquisitionis</span> <span class='ocrx_word' id='word_1_126' title='bbox 1363 1397 1636 1434; x_wconf 78' lang='lat' dir='ltr'>normam</span> <span class='ocrx_word' id='word_1_127' title='bbox 1688 1377 1874 1458; x_wconf 88' lang='lat' dir='ltr'>ipsam</span> <span class='ocrx_word' id='word_1_128' title='bbox 1928 1400 2029 1438; x_wconf 91' lang='lat' dir='ltr'>seu</span> <span class='ocrx_word' id='word_1_129' title='bbox 2082 1380 2221 1442; x_wconf 90' lang='lat' dir='ltr'>fidei</span> 
     </span>
     <span class='ocr_line' id='line_1_15' title="bbox 92 1469 2222 1554; baseline 0.002 -22"><span class='ocrx_word' id='word_1_130' title='bbox 92 1473 385 1551; x_wconf 79' lang='lat' dir='ltr'>obJectum</span> <span class='ocrx_word' id='word_1_131' title='bbox 426 1471 536 1531; x_wconf 90' lang='lat' dir='ltr'>sibi</span> <span class='ocrx_word' id='word_1_132' title='bbox 582 1472 711 1552; x_wconf 91' lang='lat' dir='ltr'>quis</span> <span class='ocrx_word' id='word_1_133' title='bbox 749 1471 893 1532; x_wconf 87' lang='lat' dir='ltr'>velit</span> <span class='ocrx_word' id='word_1_134' title='bbox 943 1469 1225 1548; x_wconf 84' lang='lat' dir='ltr'>subjicere</span> <span class='ocrx_word' id='word_1_135' title='bbox 1245 1514 1263 1543; x_wconf 72' lang='lat'>‚</span> <span class='ocrx_word' id='word_1_136' title='bbox 1313 1469 1491 1528; x_wconf 92' lang='lat' dir='ltr'>fidem</span> <span class='ocrx_word' id='word_1_137' title='bbox 1545 1469 1620 1529; x_wconf 88' lang='lat' dir='ltr'>ad</span> <span class='ocrx_word' id='word_1_138' title='bbox 1662 1484 1915 1550; x_wconf 75' lang='lat' dir='ltr'>systema</span> <span class='ocrx_word' id='word_1_139' title='bbox 1963 1474 2222 1554; x_wconf 88' lang='lat' dir='ltr'>philoso-</span> 
     </span>
     <span class='ocr_line' id='line_1_16' title="bbox 92 1561 2221 1652; baseline 0.001 -25"><span class='ocrx_word' id='word_1_140' title='bbox 92 1568 330 1649; x_wconf 88' lang='lat' dir='ltr'>phicum</span> <span class='ocrx_word' id='word_1_141' title='bbox 372 1565 732 1640; x_wconf 71' lang='lat' dir='ltr'>revocando,</span> <span class='ocrx_word' id='word_1_142' title='bbox 778 1587 885 1648; x_wconf 88' lang='lat' dir='ltr'>per</span> <span class='ocrx_word' id='word_1_143' title='bbox 920 1564 1298 1624; x_wconf 86' lang='lat' dir='ltr'>identitatem</span> <span class='ocrx_word' id='word_1_144' title='bbox 1340 1561 1730 1645; x_wconf 82' lang='lat' dir='ltr'>philosophiae</span> <span class='ocrx_word' id='word_1_145' title='bbox 1774 1587 1840 1625; x_wconf 89' lang='lat' dir='ltr'>ac</span> <span class='ocrx_word' id='word_1_146' title='bbox 1877 1566 2221 1652; x_wconf 64' lang='lat' dir='ltr'>theologiae,</span> 
     </span>
     <span class='ocr_line' id='line_1_17' title="bbox 94 1659 2218 1746; baseline 0.002 -24"><span class='ocrx_word' id='word_1_147' title='bbox 94 1675 270 1744; x_wconf 92' lang='lat' dir='ltr'>prout</span> <span class='ocrx_word' id='word_1_148' title='bbox 302 1661 600 1737; x_wconf 86' lang='lat' dir='ltr'>nonnullis</span> <span class='ocrx_word' id='word_1_149' title='bbox 643 1683 766 1720; x_wconf 92' lang='lat' dir='ltr'>non</span> <span class='ocrx_word' id='word_1_150' title='bbox 791 1660 1036 1719; x_wconf 87' lang='lat' dir='ltr'>minima</span> <span class='ocrx_word' id='word_1_151' title='bbox 1059 1659 1195 1719; x_wconf 88' lang='lat' dir='ltr'>fidei</span> <span class='ocrx_word' id='word_1_152' title='bbox 1219 1664 1446 1738; x_wconf 85' lang='lat' dir='ltr'>jactura</span> <span class='ocrx_word' id='word_1_153' title='bbox 1474 1660 1779 1739; x_wconf 80' lang='lat' dir='ltr'>contigisse</span> <span class='ocrx_word' id='word_1_154' title='bbox 1813 1663 2086 1724; x_wconf 84' lang='lat' dir='ltr'>novimus</span> <span class='ocrx_word' id='word_1_155' title='bbox 2105 1666 2218 1746; x_wconf 78' lang='lat'>(4).</span> 
     </span>
    </p>

    <p class='ocr_par' dir='ltr' id='par_1_4' title="bbox 95 1746 2254 2501">
     <span class='ocr_line' id='line_1_18' title="bbox 179 1746 2223 1833; baseline 0.002 -17"><span class='ocrx_word' id='word_1_156' title='bbox 179 1757 321 1816; x_wconf 82' lang='grc'>302.</span> <span class='ocrx_word' id='word_1_157' title='bbox 366 1757 451 1815; x_wconf 84' lang='lat' dir='ltr'>Ad</span> <span class='ocrx_word' id='word_1_158' title='bbox 476 1758 584 1831; x_wconf 78' lang='lat'>2¹1¹,</span> <span class='ocrx_word' id='word_1_159' title='bbox 608 1758 762 1815; x_wconf 70' lang='lat' dir='ltr'>Dist.</span> <span class='ocrx_word' id='word_1_160' title='bbox 792 1746 1063 1814; x_wconf 82' lang='lat' dir='ltr'>Haeretici</span> <span class='ocrx_word' id='word_1_161' title='bbox 1092 1754 1358 1812; x_wconf 88' lang='lat' dir='ltr'>omnium</span> <span class='ocrx_word' id='word_1_162' title='bbox 1399 1754 1578 1833; x_wconf 90' lang='lat' dir='ltr'>primi</span> <span class='ocrx_word' id='word_1_163' title='bbox 1620 1754 1921 1815; x_wconf 89' lang='lat' dir='ltr'>scientiam</span> <span class='ocrx_word' id='word_1_164' title='bbox 1951 1780 2016 1818; x_wconf 89' lang='lat' dir='ltr'>ac</span> <span class='ocrx_word' id='word_1_165' title='bbox 2050 1760 2223 1821; x_wconf 87' lang='lat' dir='ltr'>intel-</span> 
     </span>
     <span class='ocr_line' id='line_1_19' title="bbox 95 1846 2230 1932; baseline 0.002 -22"><span class='ocrx_word' id='word_1_166' title='bbox 95 1853 397 1932; x_wconf 89' lang='lat' dir='ltr'>ligentiam</span> <span class='ocrx_word' id='word_1_167' title='bbox 411 1851 753 1932; x_wconf 90' lang='lat' dir='ltr'>dogmatum</span> <span class='ocrx_word' id='word_1_168' title='bbox 768 1850 1141 1923; x_wconf 66' lang='lat' dir='ltr'>invexerunt,</span> <span class='ocrx_word' id='word_1_169' title='bbox 1162 1869 1269 1930; x_wconf 91' lang='lat' dir='ltr'>per</span> <span class='ocrx_word' id='word_1_170' title='bbox 1288 1846 1765 1915; x_wconf 83' lang='lat' dir='ltr'>substitutionem</span> <span class='ocrx_word' id='word_1_171' title='bbox 1791 1852 2230 1930; x_wconf 63' lang='lat' dir='ltr'>sulgjectivismi</span> 
     </span>
     <span class='ocr_line' id='line_1_20' title="bbox 96 1943 2254 2025; baseline 0.003 -20"><span class='ocrx_word' id='word_1_172' title='bbox 96 1948 392 2025; x_wconf 76' lang='lat' dir='ltr'>objectivoe</span> <span class='ocrx_word' id='word_1_173' title='bbox 436 1957 495 2005; x_wconf 91' lang='lat' dir='ltr'>et</span> <span class='ocrx_word' id='word_1_174' title='bbox 543 1949 838 2006; x_wconf 69' lang='lat' dir='ltr'>historicoe</span> <span class='ocrx_word' id='word_1_175' title='bbox 886 1943 1060 2019; x_wconf 73' lang='lat' dir='ltr'>fidei,</span> <span class='ocrx_word' id='word_1_176' title='bbox 1120 1964 1283 2002; x_wconf 77' lang='lat' dir='ltr'>conc.</span> <span class='ocrx_word' id='word_1_177' title='bbox 1302 1962 1323 2011; x_wconf 89' lang='lat'><em>;</em></span> <span class='ocrx_word' id='word_1_178' title='bbox 1368 1963 1474 2025; x_wconf 91' lang='lat' dir='ltr'>per</span> <span class='ocrx_word' id='word_1_179' title='bbox 1525 1964 1749 2003; x_wconf 88' lang='lat' dir='ltr'>meram</span> <span class='ocrx_word' id='word_1_180' title='bbox 1811 1947 2112 2009; x_wconf 88' lang='lat' dir='ltr'>scientiam</span> <span class='ocrx_word' id='word_1_181' title='bbox 2159 1968 2254 2010; x_wconf 77' lang='lat' dir='ltr'>acv</span> 
     </span>
     <span class='ocr_line' id='line_1_21' title="bbox 98 2038 2220 2127; baseline 0.002 -27"><span class='ocrx_word' id='word_1_182' title='bbox 98 2041 547 2122; x_wconf 85' lang='lat' dir='ltr'>intelligentiam</span> <span class='ocrx_word' id='word_1_183' title='bbox 579 2038 922 2100; x_wconf 90' lang='lat' dir='ltr'>eorumdem</span> <span class='ocrx_word' id='word_1_184' title='bbox 950 2039 1293 2120; x_wconf 88' lang='lat' dir='ltr'>dogmatum</span> <span class='ocrx_word' id='word_1_185' title='bbox 1318 2038 1471 2097; x_wconf 88' lang='lat' dir='ltr'>intra</span> <span class='ocrx_word' id='word_1_186' title='bbox 1497 2040 1853 2119; x_wconf 84' lang='lat' dir='ltr'>praestitutos</span> <span class='ocrx_word' id='word_1_187' title='bbox 1878 2043 2025 2103; x_wconf 90' lang='lat' dir='ltr'>fines</span> <span class='ocrx_word' id='word_1_188' title='bbox 2047 2090 2064 2119; x_wconf 84' lang='lat'>.,</span> <span class='ocrx_word' id='word_1_189' title='bbox 2090 2067 2220 2127; x_wconf 75' lang='lat' dir='ltr'>neq.</span> 
     </span>
     <span class='ocr_line' id='line_1_22' title="bbox 102 2135 2226 2216; baseline -0.001 -21"><span class='ocrx_word' id='word_1_190' title='bbox 102 2137 170 2195; x_wconf 86' lang='lat' dir='ltr'>ld</span> <span class='ocrx_word' id='word_1_191' title='bbox 227 2139 386 2196; x_wconf 89' lang='lat' dir='ltr'>enim</span> <span class='ocrx_word' id='word_1_192' title='bbox 433 2137 546 2196; x_wconf 88' lang='lat' dir='ltr'>fert</span> <span class='ocrx_word' id='word_1_193' title='bbox 598 2138 865 2195; x_wconf 91' lang='lat' dir='ltr'>omnium</span> <span class='ocrx_word' id='word_1_194' title='bbox 928 2135 1224 2195; x_wconf 87' lang='lat' dir='ltr'>haereseon</span> <span class='ocrx_word' id='word_1_195' title='bbox 1278 2143 1485 2192; x_wconf 89' lang='lat' dir='ltr'>natura</span> <span class='ocrx_word' id='word_1_196' title='bbox 1510 2180 1528 2209; x_wconf 68' lang='lat'>‚</span> <span class='ocrx_word' id='word_1_197' title='bbox 1584 2145 1650 2192; x_wconf 92' lang='lat' dir='ltr'>ut</span> <span class='ocrx_word' id='word_1_198' title='bbox 1704 2135 1966 2216; x_wconf 86' lang='lat' dir='ltr'>privatus</span> <span class='ocrx_word' id='word_1_199' title='bbox 2024 2160 2226 2201; x_wconf 85' lang='lat' dir='ltr'>sensus</span> 
     </span>
     <span class='ocr_line' id='line_1_23' title="bbox 100 2229 2225 2310; baseline 0.003 -21"><span class='ocrx_word' id='word_1_200' title='bbox 100 2230 365 2291; x_wconf 71' lang='lat' dir='ltr'>Ecclesiae</span> <span class='ocrx_word' id='word_1_201' title='bbox 405 2231 734 2291; x_wconf 86' lang='lat' dir='ltr'>auctoritati</span> <span class='ocrx_word' id='word_1_202' title='bbox 760 2229 1099 2289; x_wconf 86' lang='lat' dir='ltr'>sufficiatur.</span> <span class='ocrx_word' id='word_1_203' title='bbox 1141 2232 1546 2289; x_wconf 88' lang='lat' dir='ltr'>Detrectantes</span> <span class='ocrx_word' id='word_1_204' title='bbox 1578 2230 1871 2310; x_wconf 90' lang='lat' dir='ltr'>siquidem</span> <span class='ocrx_word' id='word_1_205' title='bbox 1912 2244 2225 2295; x_wconf 85' lang='lat' dir='ltr'>novatores</span> 
     </span>
     <span class='ocr_line' id='line_1_24' title="bbox 105 2322 2228 2407; baseline 0.003 -24"><span class='ocrx_word' id='word_1_206' title='bbox 105 2346 306 2384; x_wconf 89' lang='lat' dir='ltr'>omnes</span> <span class='ocrx_word' id='word_1_207' title='bbox 345 2347 406 2385; x_wconf 92' lang='lat' dir='ltr'>se</span> <span class='ocrx_word' id='word_1_208' title='bbox 446 2326 711 2386; x_wconf 82' lang='lat' dir='ltr'>Ecclesiae</span> <span class='ocrx_word' id='word_1_209' title='bbox 741 2325 1077 2407; x_wconf 87' lang='lat' dir='ltr'>magisterio</span> <span class='ocrx_word' id='word_1_210' title='bbox 1110 2323 1397 2403; x_wconf 87' lang='lat' dir='ltr'>subjicere</span> <span class='ocrx_word' id='word_1_211' title='bbox 1421 2368 1439 2398; x_wconf 76' lang='lat'>,</span> <span class='ocrx_word' id='word_1_212' title='bbox 1478 2322 1659 2384; x_wconf 90' lang='lat' dir='ltr'>fidem</span> <span class='ocrx_word' id='word_1_213' title='bbox 1679 2326 2028 2404; x_wconf 68' lang='lat' dir='ltr'>objectivam</span> <span class='ocrx_word' id='word_1_214' title='bbox 2048 2340 2228 2390; x_wconf 89' lang='lat' dir='ltr'>teme-</span> 
     </span>
     <span class='ocr_line' id='line_1_25' title="bbox 104 2419 2230 2501; baseline 0.003 -23"><span class='ocrx_word' id='word_1_215' title='bbox 104 2441 232 2481; x_wconf 87' lang='lat' dir='ltr'>rare</span> <span class='ocrx_word' id='word_1_216' title='bbox 259 2420 688 2501; x_wconf 85' lang='lat' dir='ltr'>aggrediuntur.</span> <span class='ocrx_word' id='word_1_217' title='bbox 726 2422 796 2482; x_wconf 90' lang='lat' dir='ltr'>In</span> <span class='ocrx_word' id='word_1_218' title='bbox 840 2421 953 2481; x_wconf 87' lang='lat' dir='ltr'>hoc</span> <span class='ocrx_word' id='word_1_219' title='bbox 990 2432 1194 2482; x_wconf 88' lang='lat' dir='ltr'>autem</span> <span class='ocrx_word' id='word_1_220' title='bbox 1224 2419 1322 2480; x_wconf 90' lang='lat' dir='ltr'>alii</span> <span class='ocrx_word' id='word_1_221' title='bbox 1371 2419 1550 2480; x_wconf 87' lang='lat' dir='ltr'>aliam</span> <span class='ocrx_word' id='word_1_222' title='bbox 1590 2421 1753 2481; x_wconf 84' lang='lat' dir='ltr'>viam</span> <span class='ocrx_word' id='word_1_223' title='bbox 1786 2423 2066 2483; x_wconf 90' lang='lat' dir='ltr'>inierunt.</span> <span class='ocrx_word' id='word_1_224' title='bbox 2100 2424 2230 2485; x_wconf 87' lang='lat' dir='ltr'>Pri-</span> 
     </span>
    </p>
   </div>
   <div class='ocr_carea' id='block_1_3' title="bbox 99 2612 2236 3662">
    <p class='ocr_par' dir='ltr' id='par_1_5' title="bbox 99 2612 2236 2930">
     <span class='ocr_line' id='line_1_26' title="bbox 179 2612 2234 2684; baseline 0.003 -22"><span class='ocrx_word' id='word_1_225' title='bbox 179 2616 249 2679; x_wconf 87' lang='lat'>(1)</span> <span class='ocrx_word' id='word_1_226' title='bbox 284 2612 476 2664; x_wconf 76' lang='lat' dir='ltr'>Hamil.</span> <span class='ocrx_word' id='word_1_227' title='bbox 525 2633 600 2676; x_wconf 78' lang='grc' dir='ltr'>ιν,</span> <span class='ocrx_word' id='word_1_228' title='bbox 644 2617 701 2663; x_wconf 74' lang='lat' dir='ltr'>in</span> <span class='ocrx_word' id='word_1_229' title='bbox 748 2630 764 2663; x_wconf 87' lang='lat'>1</span> <span class='ocrx_word' id='word_1_230' title='bbox 801 2614 865 2664; x_wconf 84' lang='lat' dir='ltr'>ad</span> <span class='ocrx_word' id='word_1_231' title='bbox 900 2615 1125 2664; x_wconf 73' lang='lat' dir='ltr'>Corinth.</span> <span class='ocrx_word' id='word_1_232' title='bbox 1212 2614 1292 2662; x_wconf 89' lang='lat' dir='ltr'>ubi</span> <span class='ocrx_word' id='word_1_233' title='bbox 1334 2616 1457 2662; x_wconf 84' lang='lat' dir='ltr'>inter</span> <span class='ocrx_word' id='word_1_234' title='bbox 1493 2624 1642 2663; x_wconf 82' lang='lat' dir='ltr'>cetera</span> <span class='ocrx_word' id='word_1_235' title='bbox 1679 2614 1838 2665; x_wconf 84' lang='lat' dir='ltr'>scribit</span> <span class='ocrx_word' id='word_1_236' title='bbox 1884 2633 1900 2665; x_wconf 74' lang='grc' dir='ltr'><strong><em>ε</em></strong></span> <span class='ocrx_word' id='word_1_237' title='bbox 1948 2617 2075 2684; x_wconf 76' lang='lat' dir='ltr'>Quae</span> <span class='ocrx_word' id='word_1_238' title='bbox 2112 2617 2234 2682; x_wconf 76' lang='lat' dir='ltr'>fidei</span> 
     </span>
     <span class='ocr_line' id='line_1_27' title="bbox 112 2692 2235 2764; baseline 0.001 -18"><span class='ocrx_word' id='word_1_239' title='bbox 112 2716 159 2746; x_wconf 90' lang='lat' dir='ltr'>u.</span> <span class='ocrx_word' id='word_1_240' title='bbox 198 2713 216 2744; x_wconf 86' lang='lat'>1</span> <span class='ocrx_word' id='word_1_241' title='bbox 261 2706 307 2745; x_wconf 88' lang='lat' dir='ltr'>et</span> <span class='ocrx_word' id='word_1_242' title='bbox 341 2711 392 2745; x_wconf 88' lang='grc'>2.</span> <span class='ocrx_word' id='word_1_243' title='bbox 428 2696 543 2745; x_wconf 87' lang='lat' dir='ltr'>Item</span> <span class='ocrx_word' id='word_1_244' title='bbox 576 2692 733 2744; x_wconf 81' lang='lat' dir='ltr'>Serm.</span> <span class='ocrx_word' id='word_1_245' title='bbox 767 2698 813 2745; x_wconf 55' lang='grc' dir='ltr'>ἰι</span> <span class='ocrx_word' id='word_1_246' title='bbox 853 2697 910 2746; x_wconf 81' lang='lat' dir='ltr'>de</span> <span class='ocrx_word' id='word_1_247' title='bbox 937 2699 1124 2745; x_wconf 76' lang='lat' dir='ltr'>incom-</span> <span class='ocrx_word' id='word_1_248' title='bbox 1210 2704 1357 2757; x_wconf 80' lang='lat' dir='ltr'>sunt,</span> <span class='ocrx_word' id='word_1_249' title='bbox 1384 2712 1484 2743; x_wconf 71' lang='lat' dir='ltr'>non</span> <span class='ocrx_word' id='word_1_250' title='bbox 1507 2704 1622 2742; x_wconf 78' lang='lat' dir='ltr'>sunt</span> <span class='ocrx_word' id='word_1_251' title='bbox 1636 2696 1862 2745; x_wconf 78' lang='lat' dir='ltr'>tentanda</span> <span class='ocrx_word' id='word_1_252' title='bbox 1874 2699 2107 2764; x_wconf 79' lang='lat' dir='ltr'>probare,</span> <span class='ocrx_word' id='word_1_253' title='bbox 2126 2702 2235 2750; x_wconf 74' lang='lat' dir='ltr'>nisi</span> 
     </span>
     <span class='ocr_line' id='line_1_28' title="bbox 99 2775 2233 2845; baseline 0.003 -20"><span class='ocrx_word' id='word_1_254' title='bbox 99 2776 423 2844; x_wconf 71' lang='lat' dir='ltr'>prehensibili</span> <span class='ocrx_word' id='word_1_255' title='bbox 449 2775 544 2827; x_wconf 73' lang='lat' dir='ltr'>Dei</span> <span class='ocrx_word' id='word_1_256' title='bbox 575 2787 781 2835; x_wconf 77' lang='lat' dir='ltr'>natura,</span> <span class='ocrx_word' id='word_1_257' title='bbox 813 2796 948 2828; x_wconf 87' lang='lat' dir='ltr'>num.</span> <span class='ocrx_word' id='word_1_258' title='bbox 981 2795 1009 2826; x_wconf 85' lang='lat'><strong>2</strong></span> <span class='ocrx_word' id='word_1_259' title='bbox 1030 2815 1045 2839; x_wconf 84' lang='lat'><strong>‚</strong></span> <span class='ocrx_word' id='word_1_260' title='bbox 1084 2788 1131 2828; x_wconf 89' lang='lat' dir='ltr'>et</span> <span class='ocrx_word' id='word_1_261' title='bbox 1203 2794 1296 2842; x_wconf 76' lang='lat' dir='ltr'>per</span> <span class='ocrx_word' id='word_1_262' title='bbox 1311 2779 1643 2826; x_wconf 79' lang='lat' dir='ltr'>auctoritatem</span> <span class='ocrx_word' id='word_1_263' title='bbox 1666 2777 1772 2838; x_wconf 66' lang='lat' dir='ltr'>Ma,</span> <span class='ocrx_word' id='word_1_264' title='bbox 1795 2781 1883 2845; x_wconf 78' lang='lat' dir='ltr'>qui</span> <span class='ocrx_word' id='word_1_265' title='bbox 1898 2783 2233 2831; x_wconf 70' lang='lat' dir='ltr'>auctoritatem</span> 
     </span>
     <span class='ocr_line' id='line_1_29' title="bbox 110 2858 2236 2930; baseline 0.003 -24"><span class='ocrx_word' id='word_1_266' title='bbox 110 2858 243 2907; x_wconf 85' lang='lat' dir='ltr'>alibi.</span> <span class='ocrx_word' id='word_1_267' title='bbox 1212 2860 1509 2926; x_wconf 77' lang='lat' dir='ltr'>suscipiunt.</span> <span class='ocrx_word' id='word_1_268' title='bbox 1558 2860 1709 2927; x_wconf 79' lang='lat' dir='ltr'>Apud</span> <span class='ocrx_word' id='word_1_269' title='bbox 1750 2860 1873 2911; x_wconf 78' lang='lat' dir='ltr'>alios</span> <span class='ocrx_word' id='word_1_270' title='bbox 1910 2879 2018 2912; x_wconf 79' lang='lat' dir='ltr'>vero</span> <span class='ocrx_word' id='word_1_271' title='bbox 2061 2864 2236 2930; x_wconf 74' lang='lat' dir='ltr'>sufficit</span> 
     </span>
    </p>

    <p class='ocr_par' dir='ltr' id='par_1_6' title="bbox 120 2937 2236 3091">
     <span class='ocr_line' id='line_1_30' title="bbox 182 2937 2236 3011; baseline 0.004 -24"><span class='ocrx_word' id='word_1_272' title='bbox 182 2940 248 3005; x_wconf 88' lang='grc'>(2)</span> <span class='ocrx_word' id='word_1_273' title='bbox 295 2941 552 2989; x_wconf 87' lang='lat' dir='ltr'>Praesertim</span> <span class='ocrx_word' id='word_1_274' title='bbox 600 2940 655 2990; x_wconf 90' lang='lat' dir='ltr'>S.</span> <span class='ocrx_word' id='word_1_275' title='bbox 709 2937 850 3007; x_wconf 82' lang='lat' dir='ltr'>Greg.</span> <span class='ocrx_word' id='word_1_276' title='bbox 906 2940 1126 2997; x_wconf 83' lang='lat' dir='ltr'>Nazianz.</span> <span class='ocrx_word' id='word_1_277' title='bbox 1212 2942 1495 3006; x_wconf 72' lang='lat' dir='ltr'>defendere,</span> <span class='ocrx_word' id='word_1_278' title='bbox 1527 2959 1629 2990; x_wconf 72' lang='lat' dir='ltr'>‘non</span> <span class='ocrx_word' id='word_1_279' title='bbox 1655 2960 1751 2992; x_wconf 75' lang='lat' dir='ltr'>esse</span> <span class='ocrx_word' id='word_1_280' title='bbox 1784 2943 2080 3010; x_wconf 75' lang='lat' dir='ltr'>impossibile</span> <span class='ocrx_word' id='word_1_281' title='bbox 2108 2946 2236 3011; x_wconf 79' lang='lat' dir='ltr'>quod</span> 
     </span>
     <span class='ocr_line' id='line_1_31' title="bbox 120 3020 1620 3091; baseline 0.003 -22"><span class='ocrx_word' id='word_1_282' title='bbox 120 3020 262 3070; x_wconf 76' lang='lat' dir='ltr'>Orat.</span> <span class='ocrx_word' id='word_1_283' title='bbox 286 3039 453 3083; x_wconf 59' lang='grc' dir='ltr'>ιιι-ιη,</span> <span class='ocrx_word' id='word_1_284' title='bbox 484 3042 537 3072; x_wconf 92' lang='lat' dir='ltr'>n.</span> <span class='ocrx_word' id='word_1_285' title='bbox 569 3037 632 3089; x_wconf 78' lang='lat'>72</span> <span class='ocrx_word' id='word_1_286' title='bbox 653 3033 699 3072; x_wconf 82' lang='lat' dir='ltr'>et</span> <span class='ocrx_word' id='word_1_287' title='bbox 718 3040 850 3091; x_wconf 81' lang='lat' dir='ltr'>seqq.</span> <span class='ocrx_word' id='word_1_288' title='bbox 877 3041 985 3090; x_wconf 90' lang='lat' dir='ltr'>opp.</span> <span class='ocrx_word' id='word_1_289' title='bbox 1018 3023 1128 3073; x_wconf 89' lang='lat' dir='ltr'>edit.</span> <span class='ocrx_word' id='word_1_290' title='bbox 1190 3024 1447 3090; x_wconf 80' lang='lat' dir='ltr'>-proedicat</span> <span class='ocrx_word' id='word_1_291' title='bbox 1471 3020 1620 3087; x_wconf 77' lang='lat' dir='ltr'>fides.</span> 
     </span>
    </p>

    <p class='ocr_par' dir='ltr' id='par_1_7' title="bbox 115 3101 2235 3662">
     <span class='ocr_line' id='line_1_32' title="bbox 115 3101 2234 3173; baseline 0.003 -22"><span class='ocrx_word' id='word_1_292' title='bbox 115 3102 259 3152; x_wconf 77' lang='lat' dir='ltr'>Paris.</span> <span class='ocrx_word' id='word_1_293' title='bbox 289 3101 444 3164; x_wconf 83' lang='lat'><strong>1630,</strong></span> <span class='ocrx_word' id='word_1_294' title='bbox 473 3115 588 3154; x_wconf 87' lang='lat' dir='ltr'>tom.</span> <span class='ocrx_word' id='word_1_295' title='bbox 614 3122 654 3166; x_wconf 84' lang='lat'>1,</span> <span class='ocrx_word' id='word_1_296' title='bbox 683 3123 792 3170; x_wconf 85' lang='lat' dir='ltr'>pag.</span> <span class='ocrx_word' id='word_1_297' title='bbox 823 3102 955 3173; x_wconf 82' lang='lat'>5593</span> <span class='ocrx_word' id='word_1_298' title='bbox 975 3105 1029 3156; x_wconf 90' lang='lat' dir='ltr'>S.</span> <span class='ocrx_word' id='word_1_299' title='bbox 1044 3104 1132 3154; x_wconf 83' lang='lat' dir='ltr'>Hi·</span> <span class='ocrx_word' id='word_1_300' title='bbox 1282 3105 1351 3168; x_wconf 76' lang='grc' dir='ltr'>(Ιι)</span> <span class='ocrx_word' id='word_1_301' title='bbox 1388 3104 1545 3153; x_wconf 84' lang='lat' dir='ltr'>Posset</span> <span class='ocrx_word' id='word_1_302' title='bbox 1582 3105 1660 3154; x_wconf 84' lang='lat' dir='ltr'>hic</span> <span class='ocrx_word' id='word_1_303' title='bbox 1698 3108 1838 3155; x_wconf 84' lang='lat' dir='ltr'>etiam</span> <span class='ocrx_word' id='word_1_304' title='bbox 1878 3111 2234 3158; x_wconf 85' lang='lat' dir='ltr'>commemorari</span> 
     </span>
     <span class='ocr_line' id='line_1_33' title="bbox 118 3177 2235 3257; baseline 0.005 -25"><span class='ocrx_word' id='word_1_305' title='bbox 118 3186 258 3232; x_wconf 85' lang='lat' dir='ltr'>larius</span> <span class='ocrx_word' id='word_1_306' title='bbox 276 3221 289 3244; x_wconf 89' lang='lat'>,</span> <span class='ocrx_word' id='word_1_307' title='bbox 311 3183 390 3231; x_wconf 87' lang='lat' dir='ltr'>De</span> <span class='ocrx_word' id='word_1_308' title='bbox 413 3177 599 3235; x_wconf 76' lang='lat' dir='ltr'>Trinit.</span> <span class='ocrx_word' id='word_1_309' title='bbox 626 3188 711 3237; x_wconf 85' lang='lat' dir='ltr'>lib.</span> <span class='ocrx_word' id='word_1_310' title='bbox 739 3205 792 3248; x_wconf 82' lang='lat' dir='ltr'>x,</span> <span class='ocrx_word' id='word_1_311' title='bbox 817 3205 867 3237; x_wconf 91' lang='lat' dir='ltr'>n.</span> <span class='ocrx_word' id='word_1_312' title='bbox 898 3185 990 3249; x_wconf 80' lang='grc'>53,</span> <span class='ocrx_word' id='word_1_313' title='bbox 1013 3189 1126 3237; x_wconf 84' lang='lat' dir='ltr'>edit.</span> <span class='ocrx_word' id='word_1_314' title='bbox 1214 3188 1321 3236; x_wconf 83' lang='lat' dir='ltr'>satis</span> <span class='ocrx_word' id='word_1_315' title='bbox 1339 3204 1497 3236; x_wconf 85' lang='lat' dir='ltr'>recens</span> <span class='ocrx_word' id='word_1_316' title='bbox 1512 3188 1775 3253; x_wconf 85' lang='lat' dir='ltr'>exemplum</span> <span class='ocrx_word' id='word_1_317' title='bbox 1797 3187 2030 3254; x_wconf 84' lang='lat' dir='ltr'>scriptoris</span> <span class='ocrx_word' id='word_1_318' title='bbox 2053 3208 2235 3257; x_wconf 83' lang='lat' dir='ltr'>germa-</span> 
     </span>
     <span class='ocr_line' id='line_1_34' title="bbox 117 3265 2235 3342; baseline 0.005 -27"><span class='ocrx_word' id='word_1_319' title='bbox 117 3266 289 3316; x_wconf 89' lang='lat' dir='ltr'>Veron.</span> <span class='ocrx_word' id='word_1_320' title='bbox 327 3265 453 3332; x_wconf 69' lang='lat'><strong>1740</strong></span> <span class='ocrx_word' id='word_1_321' title='bbox 471 3305 484 3326; x_wconf 89' lang='lat'>‚</span> <span class='ocrx_word' id='word_1_322' title='bbox 514 3279 631 3319; x_wconf 83' lang='lat' dir='ltr'>tom.</span> <span class='ocrx_word' id='word_1_323' title='bbox 655 3287 688 3317; x_wconf 89' lang='lat' dir='ltr'>u</span> <span class='ocrx_word' id='word_1_324' title='bbox 709 3306 723 3330; x_wconf 85' lang='lat'>,</span> <span class='ocrx_word' id='word_1_325' title='bbox 750 3288 856 3335; x_wconf 85' lang='lat' dir='ltr'>pag.</span> <span class='ocrx_word' id='word_1_326' title='bbox 886 3266 1016 3338; x_wconf 80' lang='lat'>5593</span> <span class='ocrx_word' id='word_1_327' title='bbox 1037 3269 1131 3320; x_wconf 85' lang='lat' dir='ltr'>He·</span> <span class='ocrx_word' id='word_1_328' title='bbox 1215 3272 1308 3320; x_wconf 86' lang='lat' dir='ltr'>nici</span> <span class='ocrx_word' id='word_1_329' title='bbox 1336 3270 1391 3320; x_wconf 87' lang='lat' dir='ltr'>F.</span> <span class='ocrx_word' id='word_1_330' title='bbox 1414 3268 1618 3331; x_wconf 83' lang='lat' dir='ltr'>Baader‚</span> <span class='ocrx_word' id='word_1_331' title='bbox 1642 3275 1723 3338; x_wconf 90' lang='lat' dir='ltr'>qui</span> <span class='ocrx_word' id='word_1_332' title='bbox 1748 3290 1801 3321; x_wconf 85' lang='lat' dir='ltr'>ex</span> <span class='ocrx_word' id='word_1_333' title='bbox 1822 3275 2135 3342; x_wconf 84' lang='lat' dir='ltr'>speculatione</span> <span class='ocrx_word' id='word_1_334' title='bbox 2151 3294 2235 3325; x_wconf 86' lang='lat' dir='ltr'>sua</span> 
     </span>
     <span class='ocr_line' id='line_1_35' title="bbox 118 3346 2235 3420; baseline 0.006 -23"><span class='ocrx_word' id='word_1_335' title='bbox 118 3349 337 3414; x_wconf 82' lang='lat' dir='ltr'>sychius,</span> <span class='ocrx_word' id='word_1_336' title='bbox 355 3346 427 3396; x_wconf 75' lang='lat' dir='ltr'>In</span> <span class='ocrx_word' id='word_1_337' title='bbox 451 3346 654 3400; x_wconf 78' lang='lat' dir='ltr'>Levitic.</span> <span class='ocrx_word' id='word_1_338' title='bbox 684 3351 767 3399; x_wconf 83' lang='lat' dir='ltr'>lib.</span> <span class='ocrx_word' id='word_1_339' title='bbox 792 3369 852 3411; x_wconf 83' lang='lat'>11,</span> <span class='ocrx_word' id='word_1_340' title='bbox 871 3354 1032 3418; x_wconf 82' lang='lat' dir='ltr'>capitis</span> <span class='ocrx_word' id='word_1_341' title='bbox 1051 3369 1130 3413; x_wconf 88' lang='lat' dir='ltr'>v1,</span> <span class='ocrx_word' id='word_1_342' title='bbox 1215 3354 1462 3402; x_wconf 81' lang='lat' dir='ltr'>scientifica</span> <span class='ocrx_word' id='word_1_343' title='bbox 1482 3392 1496 3413; x_wconf 88' lang='lat'>,</span> <span class='ocrx_word' id='word_1_344' title='bbox 1541 3356 1821 3420; x_wconf 80' lang='lat' dir='ltr'>mysticismo</span> <span class='ocrx_word' id='word_1_345' title='bbox 1858 3361 2012 3408; x_wconf 88' lang='lat' dir='ltr'>nescio</span> <span class='ocrx_word' id='word_1_346' title='bbox 2047 3362 2122 3408; x_wconf 87' lang='lat' dir='ltr'>cui</span> <span class='ocrx_word' id='word_1_347' title='bbox 2150 3359 2235 3407; x_wconf 80' lang='lat' dir='ltr'>ad-</span> 
     </span>
     <span class='ocr_line' id='line_1_36' title="bbox 122 3430 2235 3508; baseline 0.005 -30"><span class='ocrx_word' id='word_1_348' title='bbox 122 3448 219 3495; x_wconf 82' lang='lat' dir='ltr'>pars</span> <span class='ocrx_word' id='word_1_349' title='bbox 262 3430 440 3491; x_wconf 84' lang='lat' dir='ltr'>altera,</span> <span class='ocrx_word' id='word_1_350' title='bbox 479 3433 529 3479; x_wconf 85' lang='lat' dir='ltr'>in</span> <span class='ocrx_word' id='word_1_351' title='bbox 560 3432 796 3485; x_wconf 62' lang='lat' dir='ltr'>Biblidtlz.</span> <span class='ocrx_word' id='word_1_352' title='bbox 836 3433 978 3484; x_wconf 76' lang='lat' dir='ltr'>Patr.</span> <span class='ocrx_word' id='word_1_353' title='bbox 1013 3435 1131 3500; x_wconf 84' lang='lat' dir='ltr'>Lug·</span> <span class='ocrx_word' id='word_1_354' title='bbox 1217 3436 1358 3483; x_wconf 76' lang='lat' dir='ltr'>mixta</span> <span class='ocrx_word' id='word_1_355' title='bbox 1378 3472 1391 3495; x_wconf 94' lang='lat'>,</span> <span class='ocrx_word' id='word_1_356' title='bbox 1428 3436 1541 3484; x_wconf 86' lang='lat' dir='ltr'>adeo</span> <span class='ocrx_word' id='word_1_357' title='bbox 1577 3450 1840 3502; x_wconf 83' lang='lat' dir='ltr'>progressus</span> <span class='ocrx_word' id='word_1_358' title='bbox 1872 3452 1938 3490; x_wconf 87' lang='lat' dir='ltr'>est</span> <span class='ocrx_word' id='word_1_359' title='bbox 1973 3442 2142 3508; x_wconf 83' lang='lat' dir='ltr'>longe,</span> <span class='ocrx_word' id='word_1_360' title='bbox 2182 3449 2235 3489; x_wconf 82' lang='lat' dir='ltr'>ut</span> 
     </span>
     <span class='ocr_line' id='line_1_37' title="bbox 119 3512 2232 3582; baseline 0.007 -24"><span class='ocrx_word' id='word_1_361' title='bbox 119 3512 237 3560; x_wconf 89' lang='lat' dir='ltr'>dun.</span> <span class='ocrx_word' id='word_1_362' title='bbox 270 3522 386 3560; x_wconf 75' lang='lat' dir='ltr'>tom.</span> <span class='ocrx_word' id='word_1_363' title='bbox 417 3528 511 3573; x_wconf 75' lang='grc' dir='ltr'>ιιι,</span> <span class='ocrx_word' id='word_1_364' title='bbox 546 3530 651 3580; x_wconf 80' lang='lat' dir='ltr'>pag.</span> <span class='ocrx_word' id='word_1_365' title='bbox 689 3532 771 3581; x_wconf 80' lang='lat'>72.</span> <span class='ocrx_word' id='word_1_366' title='bbox 1216 3516 1325 3567; x_wconf 85' lang='lat' dir='ltr'>fidei</span> <span class='ocrx_word' id='word_1_367' title='bbox 1348 3517 1609 3567; x_wconf 81' lang='lat' dir='ltr'>doctrinam</span> <span class='ocrx_word' id='word_1_368' title='bbox 1630 3519 1821 3582; x_wconf 67' lang='lat' dir='ltr'>lmen-it,</span> <span class='ocrx_word' id='word_1_369' title='bbox 1842 3539 1896 3571; x_wconf 77' lang='lat' dir='ltr'>ac</span> <span class='ocrx_word' id='word_1_370' title='bbox 1928 3540 2088 3572; x_wconf 87' lang='lat' dir='ltr'>omnes</span> <span class='ocrx_word' id='word_1_371' title='bbox 2114 3533 2232 3572; x_wconf 81' lang='lat' dir='ltr'>recte</span> 
     </span>
     <span class='ocr_line' id='line_1_38' title="bbox 196 3590 1865 3662; baseline 0.009 -24"><span class='ocrx_word' id='word_1_372' title='bbox 196 3590 259 3654; x_wconf 89' lang='grc'>(3)</span> <span class='ocrx_word' id='word_1_373' title='bbox 298 3591 531 3657; x_wconf 84' lang='lat' dir='ltr'>Proecipue</span> <span class='ocrx_word' id='word_1_374' title='bbox 566 3611 616 3658; x_wconf 91' lang='lat' dir='ltr'>p.</span> <span class='ocrx_word' id='word_1_375' title='bbox 658 3610 675 3642; x_wconf 78' lang='grc' dir='ltr'>ι</span> <span class='ocrx_word' id='word_1_376' title='bbox 703 3615 791 3662; x_wconf 91' lang='lat' dir='ltr'>,.q</span> <span class='ocrx_word' id='word_1_377' title='bbox 828 3595 923 3658; x_wconf 86' lang='grc'>32,</span> <span class='ocrx_word' id='word_1_378' title='bbox 962 3608 1041 3647; x_wconf 85' lang='lat' dir='ltr'>art</span> <span class='ocrx_word' id='word_1_379' title='bbox 1081 3614 1131 3655; x_wconf 81' lang='grc' dir='ltr'>ι,</span> <span class='ocrx_word' id='word_1_380' title='bbox 1219 3599 1470 3649; x_wconf 79' lang='lat' dir='ltr'>catholicos</span> <span class='ocrx_word' id='word_1_381' title='bbox 1502 3618 1528 3649; x_wconf 85' lang='lat' dir='ltr'>a</span> <span class='ocrx_word' id='word_1_382' title='bbox 1562 3619 1608 3650; x_wconf 83' lang='lat' dir='ltr'>se</span> <span class='ocrx_word' id='word_1_383' title='bbox 1639 3606 1865 3653; x_wconf 73' lang='lat' dir='ltr'>averterit.</span> 
     </span>
    </p>
   </div>
  </div>
 </body>
</html>
