<?xml version="1.0" encoding="UTF-8"?>
<!DOCTYPE html PUBLIC "-//W3C//DTD XHTML 1.0 Transitional//EN"
    "http://www.w3.org/TR/xhtml1/DTD/xhtml1-transitional.dtd">
<html xmlns="http://www.w3.org/1999/xhtml" xml:lang="en" lang="en">
 <head>
  <title>
</title>
<meta http-equiv="Content-Type" content="text/html;charset=utf-8" />
  <meta name='ocr-system' content='tesseract 3.04.00' />
  <meta name='ocr-capabilities' content='ocr_page ocr_carea ocr_par ocr_line ocrx_word'/>
</head>
<body>
  <div class='ocr_page' id='page_1' title='image "a603693809perruoft_0356.png"; bbox 0 0 2502 4134; ppageno 0'>
   <div class='ocr_carea' id='block_1_1' title="bbox 272 117 1796 180">
    <p class='ocr_par' dir='ltr' id='par_1_1' title="bbox 272 117 1796 180">
     <span class='ocr_line' id='line_1_1' title="bbox 272 117 1796 180; baseline 0.002 -3"><span class='ocrx_word' id='word_1_1' title='bbox 272 117 389 178; x_wconf 78' lang='lat'><strong>348</strong></span> <span class='ocrx_word' id='word_1_2' title='bbox 864 135 1074 175; x_wconf 61' lang='lat' dir='ltr'><strong>macr.</strong></span> <span class='ocrx_word' id='word_1_3' title='bbox 1120 137 1189 173; x_wconf 66' lang='lat' dir='ltr'><strong>ms</strong></span> <span class='ocrx_word' id='word_1_4' title='bbox 1232 136 1384 175; x_wconf 68' lang='lat' dir='ltr'><strong>Locis</strong></span> <span class='ocrx_word' id='word_1_5' title='bbox 1425 140 1796 180; x_wconf 69' lang='lat' dir='ltr'><strong>rnnozoclms,</strong></span> 
     </span>
    </p>
   </div>
   <div class='ocr_carea' id='block_1_2' title="bbox 272 262 2390 464">
    <p class='ocr_par' dir='ltr' id='par_1_2' title="bbox 272 262 2390 464">
     <span class='ocr_line' id='line_1_2' title="bbox 272 262 2390 370; baseline 0.001 -25"><span class='ocrx_word' id='word_1_6' title='bbox 272 262 497 370; x_wconf 87' lang='lat' dir='ltr'><strong>lentem</strong></span> <span class='ocrx_word' id='word_1_7' title='bbox 527 289 828 364; x_wconf 80' lang='lat' dir='ltr'>oppugnet</span> <span class='ocrx_word' id='word_1_8' title='bbox 863 281 974 363; x_wconf 89' lang='lat'>(1).</span> <span class='ocrx_word' id='word_1_9' title='bbox 1008 283 1199 356; x_wconf 81' lang='lat' dir='ltr'><strong>Quare</strong></span> <span class='ocrx_word' id='word_1_10' title='bbox 1234 282 1477 342; x_wconf 91' lang='lat' dir='ltr'><strong>omnino</strong></span> <span class='ocrx_word' id='word_1_11' title='bbox 1499 285 1806 362; x_wconf 86' lang='lat' dir='ltr'><strong>rejicienda</strong></span> <span class='ocrx_word' id='word_1_12' title='bbox 1839 286 2021 350; x_wconf 89' lang='lat' dir='ltr'><strong>veluti</strong></span> <span class='ocrx_word' id='word_1_13' title='bbox 2058 288 2230 368; x_wconf 88' lang='lat' dir='ltr'><strong>hujus</strong></span> <span class='ocrx_word' id='word_1_14' title='bbox 2262 310 2390 350; x_wconf 81' lang='lat' dir='ltr'><strong>cer-</strong></span> 
     </span>
     <span class='ocr_line' id='line_1_3' title="bbox 273 377 2390 464; baseline 0.002 -24"><span class='ocrx_word' id='word_1_15' title='bbox 273 379 540 440; x_wconf 80' lang='lat' dir='ltr'><strong>titudinis</strong></span> <span class='ocrx_word' id='word_1_16' title='bbox 573 377 831 437; x_wconf 89' lang='lat' dir='ltr'><strong>eversiva</strong></span> <span class='ocrx_word' id='word_1_17' title='bbox 869 398 935 435; x_wconf 90' lang='lat' dir='ltr'><strong>ea</strong></span> <span class='ocrx_word' id='word_1_18' title='bbox 969 388 1056 436; x_wconf 92' lang='lat' dir='ltr'><strong>est</strong></span> <span class='ocrx_word' id='word_1_19' title='bbox 1094 377 1494 461; x_wconf 87' lang='lat' dir='ltr'><strong>philosophica</strong></span> <span class='ocrx_word' id='word_1_20' title='bbox 1534 379 1794 440; x_wconf 88' lang='lat' dir='ltr'><strong>doctrina</strong></span> <span class='ocrx_word' id='word_1_21' title='bbox 1815 427 1831 456; x_wconf 79' lang='lat'><strong>.,</strong></span> <span class='ocrx_word' id='word_1_22' title='bbox 1876 406 2004 464; x_wconf 84' lang='lat' dir='ltr'><strong>quae</strong></span> <span class='ocrx_word' id='word_1_23' title='bbox 2027 384 2187 444; x_wconf 90' lang='lat' dir='ltr'><strong>illam</strong></span> <span class='ocrx_word' id='word_1_24' title='bbox 2215 385 2390 444; x_wconf 91' lang='lat' dir='ltr'><strong>dum-</strong></span> 
     </span>
    </p>
   </div>
   <div class='ocr_carea' id='block_1_3' title="bbox 273 472 2408 2565">
    <p class='ocr_par' dir='ltr' id='par_1_3' title="bbox 273 472 2400 1897">
     <span class='ocr_line' id='line_1_4' title="bbox 277 472 2387 562; baseline 0.002 -27"><span class='ocrx_word' id='word_1_25' title='bbox 277 485 433 535; x_wconf 83' lang='lat' dir='ltr'><strong>taxat</strong></span> <span class='ocrx_word' id='word_1_26' title='bbox 469 473 682 554; x_wconf 86' lang='lat' dir='ltr'><strong>repetit</strong></span> <span class='ocrx_word' id='word_1_27' title='bbox 713 494 786 531; x_wconf 80' lang='lat' dir='ltr'><strong>ex</strong></span> <span class='ocrx_word' id='word_1_28' title='bbox 815 472 1001 532; x_wconf 88' lang='lat' dir='ltr'><strong>officio</strong></span> <span class='ocrx_word' id='word_1_29' title='bbox 1033 473 1266 548; x_wconf 88' lang='lat' dir='ltr'><strong>morali,</strong></span> <span class='ocrx_word' id='word_1_30' title='bbox 1299 495 1415 555; x_wconf 92' lang='lat' dir='ltr'><strong>quo</strong></span> <span class='ocrx_word' id='word_1_31' title='bbox 1443 496 1549 533; x_wconf 92' lang='lat' dir='ltr'><strong>nos</strong></span> <span class='ocrx_word' id='word_1_32' title='bbox 1574 475 1731 534; x_wconf 91' lang='lat' dir='ltr'><strong>hisce</strong></span> <span class='ocrx_word' id='word_1_33' title='bbox 1756 477 1817 534; x_wconf 91' lang='lat' dir='ltr'><strong>in</strong></span> <span class='ocrx_word' id='word_1_34' title='bbox 1844 478 2065 539; x_wconf 82' lang='lat' dir='ltr'><strong>casibus</strong></span> <span class='ocrx_word' id='word_1_35' title='bbox 2087 526 2103 555; x_wconf 75' lang='lat'>‚</span> <span class='ocrx_word' id='word_1_36' title='bbox 2146 492 2387 562; x_wconf 85' lang='lat' dir='ltr'><strong>propter</strong></span> 
     </span>
     <span class='ocr_line' id='line_1_5' title="bbox 273 568 2391 649; baseline 0.004 -21"><span class='ocrx_word' id='word_1_37' title='bbox 273 568 515 629; x_wconf 87' lang='lat' dir='ltr'><strong>rationis</strong></span> <span class='ocrx_word' id='word_1_38' title='bbox 565 569 827 649; x_wconf 80' lang='lat' dir='ltr'><strong>practicae</strong></span> <span class='ocrx_word' id='word_1_39' title='bbox 879 569 1210 644; x_wconf 74' lang='lat' dir='ltr'><strong>dictamen,</strong></span> <span class='ocrx_word' id='word_1_40' title='bbox 1263 580 1536 629; x_wconf 89' lang='lat' dir='ltr'><strong>tenemur</strong></span> <span class='ocrx_word' id='word_1_41' title='bbox 1587 571 1663 629; x_wconf 90' lang='lat' dir='ltr'><strong>ad</strong></span> <span class='ocrx_word' id='word_1_42' title='bbox 1715 593 2014 633; x_wconf 85' lang='lat' dir='ltr'><strong>assensum</strong></span> <span class='ocrx_word' id='word_1_43' title='bbox 2055 576 2391 635; x_wconf 87' lang='lat' dir='ltr'><strong>testimonio</strong></span> 
     </span>
     <span class='ocr_line' id='line_1_6' title="bbox 275 663 2392 746; baseline 0.003 -23"><span class='ocrx_word' id='word_1_44' title='bbox 275 664 521 723; x_wconf 89' lang='lat' dir='ltr'><strong>aliorum</strong></span> <span class='ocrx_word' id='word_1_45' title='bbox 551 663 951 744; x_wconf 65' lang='lat' dir='ltr'><strong>praestandum</strong></span> <span class='ocrx_word' id='word_1_46' title='bbox 977 665 1084 745; x_wconf 73' lang='lat'><strong>(2).</strong></span> <span class='ocrx_word' id='word_1_47' title='bbox 1125 667 1273 724; x_wconf 87' lang='lat' dir='ltr'><strong>Nam</strong></span> <span class='ocrx_word' id='word_1_48' title='bbox 1309 666 1576 746; x_wconf 87' lang='lat' dir='ltr'><strong>quamvis</strong></span> <span class='ocrx_word' id='word_1_49' title='bbox 1613 665 1676 725; x_wconf 85' lang='lat' dir='ltr'><strong>id</strong></span> <span class='ocrx_word' id='word_1_50' title='bbox 1713 665 1985 738; x_wconf 68' lang='lat' dir='ltr'><strong>daretur,</strong></span> <span class='ocrx_word' id='word_1_51' title='bbox 2018 690 2149 728; x_wconf 88' lang='lat' dir='ltr'><strong>cum</strong></span> <span class='ocrx_word' id='word_1_52' title='bbox 2180 674 2392 732; x_wconf 88' lang='lat' dir='ltr'><strong>veritas</strong></span> 
     </span>
     <span class='ocr_line' id='line_1_7' title="bbox 274 746 2392 845; baseline 0.003 -26"><span class='ocrx_word' id='word_1_53' title='bbox 274 746 447 838; x_wconf 82' lang='lat' dir='ltr'><strong>hujus</strong></span> <span class='ocrx_word' id='word_1_54' title='bbox 477 760 793 819; x_wconf 86' lang='lat' dir='ltr'><strong>testimonii</strong></span> <span class='ocrx_word' id='word_1_55' title='bbox 833 760 1244 843; x_wconf 79' lang='lat' dir='ltr'><strong>probabilitate</strong></span> <span class='ocrx_word' id='word_1_56' title='bbox 1278 772 1512 820; x_wconf 87' lang='lat' dir='ltr'><strong>tantum</strong></span> <span class='ocrx_word' id='word_1_57' title='bbox 1556 759 1819 837; x_wconf 66' lang='lat' dir='ltr'><strong>constat,</strong></span> <span class='ocrx_word' id='word_1_58' title='bbox 1864 784 1975 844; x_wconf 88' lang='lat' dir='ltr'><strong>qua</strong></span> <span class='ocrx_word' id='word_1_59' title='bbox 2008 764 2246 845; x_wconf 89' lang='lat' dir='ltr'><strong>quidem</strong></span> <span class='ocrx_word' id='word_1_60' title='bbox 2276 789 2392 826; x_wconf 87' lang='lat' dir='ltr'><strong>una</strong></span> 
     </span>
     <span class='ocr_line' id='line_1_8' title="bbox 278 855 2396 940; baseline 0.003 -27"><span class='ocrx_word' id='word_1_61' title='bbox 278 855 341 913; x_wconf 90' lang='lat' dir='ltr'><strong>in</strong></span> <span class='ocrx_word' id='word_1_62' title='bbox 379 855 668 937; x_wconf 87' lang='lat' dir='ltr'><strong>plerisque</strong></span> <span class='ocrx_word' id='word_1_63' title='bbox 694 857 824 918; x_wconf 82' lang='lat' dir='ltr'><strong>vitae</strong></span> <span class='ocrx_word' id='word_1_64' title='bbox 853 857 1096 936; x_wconf 84' lang='lat' dir='ltr'><strong>negotiis</strong></span> <span class='ocrx_word' id='word_1_65' title='bbox 1133 856 1398 915; x_wconf 84' lang='lat' dir='ltr'><strong>homines</strong></span> <span class='ocrx_word' id='word_1_66' title='bbox 1434 856 1755 938; x_wconf 79' lang='lat' dir='ltr'><strong>prudenter</strong></span> <span class='ocrx_word' id='word_1_67' title='bbox 1780 879 1948 936; x_wconf 83' lang='lat' dir='ltr'><strong>agere</strong></span> <span class='ocrx_word' id='word_1_68' title='bbox 1971 870 2249 940; x_wconf 73' lang='lat' dir='ltr'><strong>possunt,</strong></span> <span class='ocrx_word' id='word_1_69' title='bbox 2286 860 2396 919; x_wconf 85' lang='lat' dir='ltr'><strong>fal-</strong></span> 
     </span>
     <span class='ocr_line' id='line_1_9' title="bbox 279 951 2398 1015; baseline 0.002 -5"><span class='ocrx_word' id='word_1_70' title='bbox 279 972 411 1010; x_wconf 90' lang='lat' dir='ltr'><strong>sum</strong></span> <span class='ocrx_word' id='word_1_71' title='bbox 449 962 648 1011; x_wconf 90' lang='lat' dir='ltr'><strong>tamen</strong></span> <span class='ocrx_word' id='word_1_72' title='bbox 679 951 751 1011; x_wconf 93' lang='lat' dir='ltr'><strong>de</strong></span> <span class='ocrx_word' id='word_1_73' title='bbox 789 974 925 1012; x_wconf 89' lang='lat' dir='ltr'><strong>vera</strong></span> <span class='ocrx_word' id='word_1_74' title='bbox 960 951 1165 1010; x_wconf 87' lang='lat' dir='ltr'><strong>morali</strong></span> <span class='ocrx_word' id='word_1_75' title='bbox 1199 952 1549 1012; x_wconf 86' lang='lat' dir='ltr'><strong>certitudine</strong></span> <span class='ocrx_word' id='word_1_76' title='bbox 1587 963 1754 1013; x_wconf 89' lang='lat' dir='ltr'><strong>esset.</strong></span> <span class='ocrx_word' id='word_1_77' title='bbox 1795 954 1930 1012; x_wconf 82' lang='lat' dir='ltr'><strong>Haec</strong></span> <span class='ocrx_word' id='word_1_78' title='bbox 1964 955 2122 1013; x_wconf 90' lang='lat' dir='ltr'><strong>enim</strong></span> <span class='ocrx_word' id='word_1_79' title='bbox 2162 955 2398 1015; x_wconf 82' lang='lat' dir='ltr'><strong>theore-</strong></span> 
     </span>
     <span class='ocr_line' id='line_1_10' title="bbox 276 1047 2398 1131; baseline 0.002 -26"><span class='ocrx_word' id='word_1_80' title='bbox 276 1047 393 1106; x_wconf 86' lang='lat' dir='ltr'><strong>tice</strong></span> <span class='ocrx_word' id='word_1_81' title='bbox 425 1048 601 1106; x_wconf 83' lang='lat' dir='ltr'><strong>etiam</strong></span> <span class='ocrx_word' id='word_1_82' title='bbox 622 1093 639 1124; x_wconf 86' lang='lat'><strong>.,</strong></span> <span class='ocrx_word' id='word_1_83' title='bbox 677 1048 891 1108; x_wconf 89' lang='lat' dir='ltr'><strong>scilicet</strong></span> <span class='ocrx_word' id='word_1_84' title='bbox 913 1048 975 1106; x_wconf 87' lang='lat' dir='ltr'><strong>in</strong></span> <span class='ocrx_word' id='word_1_85' title='bbox 1000 1048 1223 1107; x_wconf 87' lang='lat' dir='ltr'><strong>ratione</strong></span> <span class='ocrx_word' id='word_1_86' title='bbox 1248 1048 1372 1130; x_wconf 90' lang='lat' dir='ltr'><strong>ipsa</strong></span> <span class='ocrx_word' id='word_1_87' title='bbox 1398 1048 1745 1123; x_wconf 73' lang='lat' dir='ltr'><strong>theoretica,</strong></span> <span class='ocrx_word' id='word_1_88' title='bbox 1771 1050 2209 1131; x_wconf 80' lang='lat' dir='ltr'><strong>persuasionem</strong></span> <span class='ocrx_word' id='word_1_89' title='bbox 2235 1050 2398 1111; x_wconf 88' lang='lat' dir='ltr'><strong>illam</strong></span> 
     </span>
     <span class='ocr_line' id='line_1_11' title="bbox 277 1142 2398 1227; baseline 0.002 -26"><span class='ocrx_word' id='word_1_90' title='bbox 277 1142 503 1223; x_wconf 78' lang='lat' dir='ltr'><strong>ingerat</strong></span> <span class='ocrx_word' id='word_1_91' title='bbox 534 1155 799 1226; x_wconf 73' lang='lat' dir='ltr'><strong>oportet,</strong></span> <span class='ocrx_word' id='word_1_92' title='bbox 846 1165 975 1225; x_wconf 85' lang='lat' dir='ltr'><strong>quae</strong></span> <span class='ocrx_word' id='word_1_93' title='bbox 1025 1145 1192 1203; x_wconf 87' lang='lat' dir='ltr'><strong>firma</strong></span> <span class='ocrx_word' id='word_1_94' title='bbox 1234 1154 1293 1204; x_wconf 91' lang='lat' dir='ltr'><strong>et</strong></span> <span class='ocrx_word' id='word_1_95' title='bbox 1335 1144 1695 1204; x_wconf 85' lang='lat' dir='ltr'><strong>rationabilis</strong></span> <span class='ocrx_word' id='word_1_96' title='bbox 1733 1145 1845 1220; x_wconf 67' lang='lat' dir='ltr'><strong>sit7</strong></span> <span class='ocrx_word' id='word_1_97' title='bbox 1886 1167 2127 1227; x_wconf 84' lang='lat' dir='ltr'><strong>quaeque</strong></span> <span class='ocrx_word' id='word_1_98' title='bbox 2159 1168 2398 1207; x_wconf 89' lang='lat' dir='ltr'><strong>omnem</strong></span> 
     </span>
     <span class='ocr_line' id='line_1_12' title="bbox 279 1238 2400 1322; baseline 0.002 -25"><span class='ocrx_word' id='word_1_99' title='bbox 279 1238 514 1298; x_wconf 88' lang='lat' dir='ltr'><strong>errandi</strong></span> <span class='ocrx_word' id='word_1_100' title='bbox 550 1239 960 1316; x_wconf 66' lang='lat' dir='ltr'><strong>formidinem,</strong></span> <span class='ocrx_word' id='word_1_101' title='bbox 1001 1261 1291 1322; x_wconf 88' lang='lat' dir='ltr'><strong>omneque</strong></span> <span class='ocrx_word' id='word_1_102' title='bbox 1330 1239 1574 1298; x_wconf 88' lang='lat' dir='ltr'><strong>dubium</strong></span> <span class='ocrx_word' id='word_1_103' title='bbox 1622 1239 1892 1300; x_wconf 84' lang='lat' dir='ltr'><strong>excludat</strong></span> <span class='ocrx_word' id='word_1_104' title='bbox 1923 1241 2031 1321; x_wconf 80' lang='lat'><strong>(3)</strong></span> <span class='ocrx_word' id='word_1_105' title='bbox 2069 1242 2216 1301; x_wconf 90' lang='lat' dir='ltr'><strong>Nam</strong></span> <span class='ocrx_word' id='word_1_106' title='bbox 2253 1242 2298 1301; x_wconf 88' lang='lat' dir='ltr'><strong>si</strong></span> <span class='ocrx_word' id='word_1_107' title='bbox 2338 1242 2400 1301; x_wconf 93' lang='lat' dir='ltr'><strong>in</strong></span> 
     </span>
     <span class='ocr_line' id='line_1_13' title="bbox 278 1322 2399 1418; baseline 0.002 -25"><span class='ocrx_word' id='word_1_108' title='bbox 278 1335 505 1395; x_wconf 88' lang='lat' dir='ltr'><strong>ratione</strong></span> <span class='ocrx_word' id='word_1_109' title='bbox 530 1334 842 1395; x_wconf 85' lang='lat' dir='ltr'><strong>theoretica</strong></span> <span class='ocrx_word' id='word_1_110' title='bbox 868 1356 1100 1417; x_wconf 88' lang='lat' dir='ltr'><strong>semper</strong></span> <span class='ocrx_word' id='word_1_111' title='bbox 1120 1347 1385 1395; x_wconf 83' lang='lat' dir='ltr'><strong>maneret</strong></span> <span class='ocrx_word' id='word_1_112' title='bbox 1409 1357 1568 1396; x_wconf 88' lang='lat' dir='ltr'><strong>mera</strong></span> <span class='ocrx_word' id='word_1_113' title='bbox 1585 1335 1963 1418; x_wconf 83' lang='lat' dir='ltr'><strong>probabilitas</strong></span> <span class='ocrx_word' id='word_1_114' title='bbox 1985 1336 2117 1396; x_wconf 89' lang='lat' dir='ltr'><strong>licet</strong></span> <span class='ocrx_word' id='word_1_115' title='bbox 2142 1322 2399 1414; x_wconf 86' lang='lat' dir='ltr'><strong>summa,</strong></span> 
     </span>
     <span class='ocr_line' id='line_1_14' title="bbox 281 1431 2398 1515; baseline 0 -25"><span class='ocrx_word' id='word_1_116' title='bbox 281 1451 345 1490; x_wconf 87' lang='lat' dir='ltr'><strong>ac</strong></span> <span class='ocrx_word' id='word_1_117' title='bbox 376 1431 610 1490; x_wconf 91' lang='lat' dir='ltr'><strong>nonnisi</strong></span> <span class='ocrx_word' id='word_1_118' title='bbox 648 1453 753 1512; x_wconf 90' lang='lat' dir='ltr'><strong>per</strong></span> <span class='ocrx_word' id='word_1_119' title='bbox 787 1433 1024 1491; x_wconf 87' lang='lat' dir='ltr'><strong>rationis</strong></span> <span class='ocrx_word' id='word_1_120' title='bbox 1059 1432 1326 1515; x_wconf 86' lang='lat' dir='ltr'><strong>practicae</strong></span> <span class='ocrx_word' id='word_1_121' title='bbox 1361 1453 1463 1491; x_wconf 91' lang='lat' dir='ltr'><strong>seu</strong></span> <span class='ocrx_word' id='word_1_122' title='bbox 1500 1432 1733 1491; x_wconf 90' lang='lat' dir='ltr'><strong>moralis</strong></span> <span class='ocrx_word' id='word_1_123' title='bbox 1766 1432 2059 1491; x_wconf 85' lang='lat' dir='ltr'><strong>dictamen</strong></span> <span class='ocrx_word' id='word_1_124' title='bbox 2094 1454 2233 1494; x_wconf 85' lang='lat' dir='ltr'><strong>vera</strong></span> <span class='ocrx_word' id='word_1_125' title='bbox 2274 1433 2398 1492; x_wconf 87' lang='lat' dir='ltr'><strong>fieri</strong></span> 
     </span>
     <span class='ocr_line' id='line_1_15' title="bbox 281 1526 2400 1611; baseline 0.001 -26"><span class='ocrx_word' id='word_1_126' title='bbox 281 1526 526 1587; x_wconf 90' lang='lat' dir='ltr'><strong>deberet</strong></span> <span class='ocrx_word' id='word_1_127' title='bbox 563 1526 885 1603; x_wconf 81' lang='lat' dir='ltr'><strong>certitud0,</strong></span> <span class='ocrx_word' id='word_1_128' title='bbox 915 1532 1042 1606; x_wconf 90' lang='lat' dir='ltr'><strong>jam</strong></span> <span class='ocrx_word' id='word_1_129' title='bbox 1084 1550 1389 1609; x_wconf 89' lang='lat' dir='ltr'><strong>nunquam</strong></span> <span class='ocrx_word' id='word_1_130' title='bbox 1436 1527 1511 1587; x_wconf 88' lang='lat' dir='ltr'><strong>ad</strong></span> <span class='ocrx_word' id='word_1_131' title='bbox 1550 1527 1700 1587; x_wconf 90' lang='lat' dir='ltr'><strong>hanc</strong></span> <span class='ocrx_word' id='word_1_132' title='bbox 1736 1528 2147 1589; x_wconf 84' lang='lat' dir='ltr'><strong>certitudinem</strong></span> <span class='ocrx_word' id='word_1_133' title='bbox 2187 1550 2400 1611; x_wconf 84' lang='lat' dir='ltr'><strong>perve-</strong></span> 
     </span>
     <span class='ocr_line' id='line_1_16' title="bbox 281 1622 2399 1706; baseline 0.001 -25"><span class='ocrx_word' id='word_1_134' title='bbox 281 1622 538 1694; x_wconf 68' lang='lat' dir='ltr'><strong>niretur,</strong></span> <span class='ocrx_word' id='word_1_135' title='bbox 568 1624 788 1706; x_wconf 91' lang='lat' dir='ltr'><strong>quippe</strong></span> <span class='ocrx_word' id='word_1_136' title='bbox 822 1646 929 1705; x_wconf 93' lang='lat' dir='ltr'><strong>per</strong></span> <span class='ocrx_word' id='word_1_137' title='bbox 963 1646 1189 1683; x_wconf 90' lang='lat' dir='ltr'><strong>meram</strong></span> <span class='ocrx_word' id='word_1_138' title='bbox 1224 1623 1389 1682; x_wconf 92' lang='lat' dir='ltr'><strong>illam</strong></span> <span class='ocrx_word' id='word_1_139' title='bbox 1417 1625 1730 1705; x_wconf 86' lang='lat' dir='ltr'><strong>practicam</strong></span> <span class='ocrx_word' id='word_1_140' title='bbox 1769 1625 2254 1706; x_wconf 89' lang='lat' dir='ltr'><strong>acquiescentiam</strong></span> <span class='ocrx_word' id='word_1_141' title='bbox 2292 1646 2399 1685; x_wconf 89' lang='lat' dir='ltr'><strong>nec</strong></span> 
     </span>
     <span class='ocr_line' id='line_1_17' title="bbox 278 1719 2398 1794; baseline 0.001 -17"><span class='ocrx_word' id='word_1_142' title='bbox 278 1738 477 1777; x_wconf 89' lang='lat' dir='ltr'><strong>rerum</strong></span> <span class='ocrx_word' id='word_1_143' title='bbox 520 1719 930 1778; x_wconf 87' lang='lat' dir='ltr'><strong>immutaretur</strong></span> <span class='ocrx_word' id='word_1_144' title='bbox 972 1730 1181 1778; x_wconf 88' lang='lat' dir='ltr'><strong>natura</strong></span> <span class='ocrx_word' id='word_1_145' title='bbox 1207 1764 1223 1794; x_wconf 71' lang='grc'><em>,</em></span> <span class='ocrx_word' id='word_1_146' title='bbox 1276 1740 1386 1778; x_wconf 89' lang='lat' dir='ltr'><strong>nec</strong></span> <span class='ocrx_word' id='word_1_147' title='bbox 1430 1719 1743 1779; x_wconf 86' lang='lat' dir='ltr'><strong>theoretica</strong></span> <span class='ocrx_word' id='word_1_148' title='bbox 1781 1721 1928 1777; x_wconf 88' lang='lat' dir='ltr'><strong>ratio</strong></span> <span class='ocrx_word' id='word_1_149' title='bbox 1973 1722 2204 1779; x_wconf 85' lang='lat' dir='ltr'><strong>firmam</strong></span> <span class='ocrx_word' id='word_1_150' title='bbox 2237 1719 2398 1779; x_wconf 90' lang='lat' dir='ltr'><strong>illam</strong></span> 
     </span>
     <span class='ocr_line' id='line_1_18' title="bbox 278 1813 2400 1897; baseline 0.001 -26"><span class='ocrx_word' id='word_1_151' title='bbox 278 1813 749 1895; x_wconf 65' lang='lat' dir='ltr'><strong>persuasionem„</strong></span> <span class='ocrx_word' id='word_1_152' title='bbox 772 1834 898 1895; x_wconf 86' lang='lat' dir='ltr'><strong>quae</strong></span> <span class='ocrx_word' id='word_1_153' title='bbox 917 1813 1161 1872; x_wconf 89' lang='lat' dir='ltr'><strong>dubium</strong></span> <span class='ocrx_word' id='word_1_154' title='bbox 1187 1835 1363 1873; x_wconf 89' lang='lat' dir='ltr'><strong>omne</strong></span> <span class='ocrx_word' id='word_1_155' title='bbox 1388 1822 1623 1874; x_wconf 82' lang='lat' dir='ltr'><strong>amovet</strong></span> <span class='ocrx_word' id='word_1_156' title='bbox 1644 1859 1659 1887; x_wconf 91' lang='lat'><strong>.,</strong></span> <span class='ocrx_word' id='word_1_157' title='bbox 1685 1836 1947 1896; x_wconf 90' lang='lat' dir='ltr'><strong>unquam</strong></span> <span class='ocrx_word' id='word_1_158' title='bbox 1979 1827 2400 1897; x_wconf 89' lang='lat' dir='ltr'><strong>assequeretur.</strong></span> 
     </span>
    </p>

    <p class='ocr_par' dir='ltr' id='par_1_4' title="bbox 280 1908 2408 2565">
     <span class='ocr_line' id='line_1_19' title="bbox 362 1908 2404 1991; baseline 0 -24"><span class='ocrx_word' id='word_1_159' title='bbox 362 1908 461 1968; x_wconf 87' lang='lat'><strong>27.</strong></span> <span class='ocrx_word' id='word_1_160' title='bbox 512 1912 679 1969; x_wconf 90' lang='lat' dir='ltr'><strong>Patet</strong></span> <span class='ocrx_word' id='word_1_161' title='bbox 715 1910 945 1991; x_wconf 70' lang='lat' dir='ltr'><strong>itaque,</strong></span> <span class='ocrx_word' id='word_1_162' title='bbox 988 1911 1051 1968; x_wconf 82' lang='grc' dir='ltr'><strong>1ο</strong></span> <span class='ocrx_word' id='word_1_163' title='bbox 1079 1910 1526 1985; x_wconf 67' lang='lat' dir='ltr'><strong>certitudinem,</strong></span> <span class='ocrx_word' id='word_1_164' title='bbox 1567 1910 1689 1969; x_wconf 89' lang='lat' dir='ltr'><strong>sive</strong></span> <span class='ocrx_word' id='word_1_165' title='bbox 1720 1908 1964 1991; x_wconf 84' lang='lat' dir='ltr'><strong>logicam</strong></span> <span class='ocrx_word' id='word_1_166' title='bbox 1999 1931 2064 1969; x_wconf 92' lang='lat' dir='ltr'><strong>ac</strong></span> <span class='ocrx_word' id='word_1_167' title='bbox 2095 1910 2404 1991; x_wconf 81' lang='lat' dir='ltr'><strong>metaphy-</strong></span> 
     </span>
     <span class='ocr_line' id='line_1_20' title="bbox 280 2003 2408 2087; baseline 0 -24"><span class='ocrx_word' id='word_1_168' title='bbox 280 2003 497 2079; x_wconf 75' lang='lat' dir='ltr'><strong>sicam‚</strong></span> <span class='ocrx_word' id='word_1_169' title='bbox 544 2006 664 2066; x_wconf 88' lang='lat' dir='ltr'><strong>sive</strong></span> <span class='ocrx_word' id='word_1_170' title='bbox 700 2005 1030 2087; x_wconf 80' lang='lat' dir='ltr'><strong>physicam,</strong></span> <span class='ocrx_word' id='word_1_171' title='bbox 1084 2005 1206 2066; x_wconf 89' lang='lat' dir='ltr'><strong>sive</strong></span> <span class='ocrx_word' id='word_1_172' title='bbox 1243 2005 1569 2080; x_wconf 74' lang='lat' dir='ltr'><strong>moralem,</strong></span> <span class='ocrx_word' id='word_1_173' title='bbox 1615 2005 1677 2064; x_wconf 91' lang='lat' dir='ltr'><strong>in</strong></span> <span class='ocrx_word' id='word_1_174' title='bbox 1724 2017 1933 2064; x_wconf 88' lang='lat' dir='ltr'><strong>natura</strong></span> <span class='ocrx_word' id='word_1_175' title='bbox 1974 2026 2123 2067; x_wconf 80' lang='lat' dir='ltr'><strong>verae</strong></span> <span class='ocrx_word' id='word_1_176' title='bbox 2163 2005 2408 2063; x_wconf 84' lang='lat' dir='ltr'><strong>certitu-</strong></span> 
     </span>
     <span class='ocr_line' id='line_1_21' title="bbox 281 2098 2405 2182; baseline 0.002 -26"><span class='ocrx_word' id='word_1_177' title='bbox 281 2098 434 2159; x_wconf 89' lang='lat' dir='ltr'><strong>dinis</strong></span> <span class='ocrx_word' id='word_1_178' title='bbox 470 2122 633 2182; x_wconf 85' lang='lat' dir='ltr'><strong>aeque</strong></span> <span class='ocrx_word' id='word_1_179' title='bbox 673 2102 1015 2179; x_wconf 84' lang='lat' dir='ltr'><strong>convenire3</strong></span> <span class='ocrx_word' id='word_1_180' title='bbox 1062 2103 1129 2159; x_wconf 72' lang='lat'><strong>‘2⁰</strong></span> <span class='ocrx_word' id='word_1_181' title='bbox 1171 2123 1278 2182; x_wconf 90' lang='lat' dir='ltr'><strong>pro</strong></span> <span class='ocrx_word' id='word_1_182' title='bbox 1325 2100 1554 2163; x_wconf 87' lang='lat' dir='ltr'><strong>diversa</strong></span> <span class='ocrx_word' id='word_1_183' title='bbox 1593 2112 1793 2161; x_wconf 89' lang='lat' dir='ltr'><strong>tamen</strong></span> <span class='ocrx_word' id='word_1_184' title='bbox 1837 2100 2046 2180; x_wconf 78' lang='lat' dir='ltr'><strong>obJecti</strong></span> <span class='ocrx_word' id='word_1_185' title='bbox 2086 2113 2295 2160; x_wconf 85' lang='lat' dir='ltr'><strong>natura</strong></span> <span class='ocrx_word' id='word_1_186' title='bbox 2340 2121 2405 2160; x_wconf 87' lang='lat' dir='ltr'><strong>ac</strong></span> 
     </span>
     <span class='ocr_line' id='line_1_22' title="bbox 281 2194 2407 2278; baseline 0 -24"><span class='ocrx_word' id='word_1_187' title='bbox 281 2194 508 2256; x_wconf 86' lang='lat' dir='ltr'><strong>diverso</strong></span> <span class='ocrx_word' id='word_1_188' title='bbox 546 2197 805 2271; x_wconf 81' lang='lat' dir='ltr'><strong>motiv0‚</strong></span> <span class='ocrx_word' id='word_1_189' title='bbox 848 2217 919 2255; x_wconf 81' lang='lat' dir='ltr'><strong>ex</strong></span> <span class='ocrx_word' id='word_1_190' title='bbox 957 2218 1071 2278; x_wconf 88' lang='lat' dir='ltr'><strong>quo</strong></span> <span class='ocrx_word' id='word_1_191' title='bbox 1106 2197 1398 2278; x_wconf 72' lang='lat' dir='ltr'><strong>gignitur,</strong></span> <span class='ocrx_word' id='word_1_192' title='bbox 1440 2218 1561 2256; x_wconf 91' lang='lat' dir='ltr'><strong>non</strong></span> <span class='ocrx_word' id='word_1_193' title='bbox 1601 2197 1872 2259; x_wconf 89' lang='lat' dir='ltr'><strong>eamdem</strong></span> <span class='ocrx_word' id='word_1_194' title='bbox 1895 2242 1911 2272; x_wconf 62' lang='lat'>7</span> <span class='ocrx_word' id='word_1_195' title='bbox 1961 2196 2064 2256; x_wconf 92' lang='lat' dir='ltr'><strong>sed</strong></span> <span class='ocrx_word' id='word_1_196' title='bbox 2099 2198 2407 2255; x_wconf 73' lang='lat' dir='ltr'><strong>diversam</strong></span> 
     </span>
     <span class='ocr_line' id='line_1_23' title="bbox 280 2292 2407 2375; baseline -0.001 -24"><span class='ocrx_word' id='word_1_197' title='bbox 280 2292 693 2373; x_wconf 87' lang='lat' dir='ltr'><strong>propositionis</strong></span> <span class='ocrx_word' id='word_1_198' title='bbox 737 2297 1139 2352; x_wconf 75' lang='lat' dir='ltr'><strong>necessitatem</strong></span> <span class='ocrx_word' id='word_1_199' title='bbox 1176 2293 1431 2374; x_wconf 76' lang='lat' dir='ltr'><strong>requiri3</strong></span> <span class='ocrx_word' id='word_1_200' title='bbox 1483 2292 1548 2352; x_wconf 83' lang='lat'><strong>30</strong></span> <span class='ocrx_word' id='word_1_201' title='bbox 1595 2314 1699 2368; x_wconf 78' lang='lat' dir='ltr'><strong>ea,</strong></span> <span class='ocrx_word' id='word_1_202' title='bbox 1744 2313 1872 2375; x_wconf 80' lang='lat' dir='ltr'><strong>quae</strong></span> <span class='ocrx_word' id='word_1_203' title='bbox 1920 2293 2043 2354; x_wconf 85' lang='lat' dir='ltr'><strong>sive</strong></span> <span class='ocrx_word' id='word_1_204' title='bbox 2094 2292 2407 2351; x_wconf 85' lang='lat' dir='ltr'><strong>intrinseca</strong></span> 
     </span>
     <span class='ocr_line' id='line_1_24' title="bbox 280 2387 2407 2469; baseline 0 -23"><span class='ocrx_word' id='word_1_205' title='bbox 280 2388 622 2448; x_wconf 89' lang='lat' dir='ltr'><strong>necessitate</strong></span> <span class='ocrx_word' id='word_1_206' title='bbox 658 2410 697 2448; x_wconf 87' lang='lat' dir='ltr'><em>a</em></span> <span class='ocrx_word' id='word_1_207' title='bbox 720 2392 966 2469; x_wconf 81' lang='lat' dir='ltr'><strong>priori,</strong></span> <span class='ocrx_word' id='word_1_208' title='bbox 1015 2388 1139 2449; x_wconf 91' lang='lat' dir='ltr'><strong>sive</strong></span> <span class='ocrx_word' id='word_1_209' title='bbox 1179 2389 1524 2449; x_wconf 87' lang='lat' dir='ltr'><strong>necessitate</strong></span> <span class='ocrx_word' id='word_1_210' title='bbox 1568 2388 1884 2448; x_wconf 89' lang='lat' dir='ltr'><strong>intrinseca</strong></span> <span class='ocrx_word' id='word_1_211' title='bbox 1931 2388 1995 2446; x_wconf 91' lang='lat' dir='ltr'><strong>in</strong></span> <span class='ocrx_word' id='word_1_212' title='bbox 2031 2387 2156 2468; x_wconf 91' lang='lat' dir='ltr'><strong>ipso</strong></span> <span class='ocrx_word' id='word_1_213' title='bbox 2186 2387 2407 2447; x_wconf 89' lang='lat' dir='ltr'><strong>imme-</strong></span> 
     </span>
     <span class='ocr_line' id='line_1_25' title="bbox 283 2483 2406 2565; baseline -0 -21"><span class='ocrx_word' id='word_1_214' title='bbox 283 2483 440 2544; x_wconf 89' lang='lat' dir='ltr'><strong>diato</strong></span> <span class='ocrx_word' id='word_1_215' title='bbox 483 2506 688 2547; x_wconf 90' lang='lat' dir='ltr'><strong>sensus</strong></span> <span class='ocrx_word' id='word_1_216' title='bbox 733 2485 931 2545; x_wconf 89' lang='lat' dir='ltr'><strong>intimi</strong></span> <span class='ocrx_word' id='word_1_217' title='bbox 975 2485 1127 2546; x_wconf 85' lang='lat' dir='ltr'><strong>facto</strong></span> <span class='ocrx_word' id='word_1_218' title='bbox 1167 2485 1412 2546; x_wconf 84' lang='lat' dir='ltr'><strong>fundata</strong></span> <span class='ocrx_word' id='word_1_219' title='bbox 1452 2486 1766 2562; x_wconf 79' lang='lat' dir='ltr'><strong>nituntur,</strong></span> <span class='ocrx_word' id='word_1_220' title='bbox 1805 2483 2090 2565; x_wconf 89' lang='lat' dir='ltr'><strong>ejusmodi</strong></span> <span class='ocrx_word' id='word_1_221' title='bbox 2135 2483 2406 2546; x_wconf 85' lang='lat' dir='ltr'><strong>intuitiva</strong></span> 
     </span>
    </p>
   </div>
   <div class='ocr_carea' id='block_1_4' title="bbox 281 2719 2426 3701">
    <p class='ocr_par' dir='ltr' id='par_1_5' title="bbox 281 2719 2426 3531">
     <span class='ocr_line' id='line_1_26' title="bbox 348 2719 1669 2788; baseline 0.003 -20"><span class='ocrx_word' id='word_1_222' title='bbox 348 2719 412 2785; x_wconf 89' lang='lat' dir='ltr'><strong>(l)</strong></span> <span class='ocrx_word' id='word_1_223' title='bbox 449 2720 611 2771; x_wconf 85' lang='lat' dir='ltr'><strong>Recol.</strong></span> <span class='ocrx_word' id='word_1_224' title='bbox 655 2724 865 2788; x_wconf 86' lang='lat' dir='ltr'><strong>superius</strong></span> <span class='ocrx_word' id='word_1_225' title='bbox 905 2721 1028 2771; x_wconf 86' lang='lat' dir='ltr'><strong>dicta</strong></span> <span class='ocrx_word' id='word_1_226' title='bbox 1071 2723 1123 2769; x_wconf 88' lang='lat' dir='ltr'><strong>in</strong></span> <span class='ocrx_word' id='word_1_227' title='bbox 1160 2731 1293 2772; x_wconf 85' lang='lat' dir='ltr'><strong>nota.</strong></span> <span class='ocrx_word' id='word_1_228' title='bbox 1389 2723 1475 2772; x_wconf 89' lang='lat' dir='ltr'><strong>erit</strong></span> <span class='ocrx_word' id='word_1_229' title='bbox 1498 2738 1669 2772; x_wconf 75' lang='lat' dir='ltr'><strong>sermo-</strong></span> 
     </span>
     <span class='ocr_line' id='line_1_27' title="bbox 281 2798 2410 2868; baseline -0.002 -16"><span class='ocrx_word' id='word_1_230' title='bbox 281 2801 528 2853; x_wconf 88' lang='lat' dir='ltr'><strong>Verissime</strong></span> <span class='ocrx_word' id='word_1_231' title='bbox 579 2805 746 2852; x_wconf 84' lang='lat' dir='ltr'><strong>iterum</strong></span> <span class='ocrx_word' id='word_1_232' title='bbox 796 2804 987 2854; x_wconf 87' lang='lat' dir='ltr'><strong>adnotat</strong></span> <span class='ocrx_word' id='word_1_233' title='bbox 1036 2802 1301 2866; x_wconf 82' lang='lat' dir='ltr'><strong>Gerdilius,</strong></span> <span class='ocrx_word' id='word_1_234' title='bbox 1459 2802 1523 2867; x_wconf 87' lang='lat'><strong>(3)</strong></span> <span class='ocrx_word' id='word_1_235' title='bbox 1562 2802 1799 2851; x_wconf 87' lang='lat' dir='ltr'><strong>Certitudo</strong></span> <span class='ocrx_word' id='word_1_236' title='bbox 1829 2820 1925 2851; x_wconf 91' lang='lat' dir='ltr'><strong>non</strong></span> <span class='ocrx_word' id='word_1_237' title='bbox 1954 2810 2102 2868; x_wconf 87' lang='lat' dir='ltr'><strong>potest</strong></span> <span class='ocrx_word' id='word_1_238' title='bbox 2133 2801 2225 2849; x_wconf 90' lang='lat' dir='ltr'><strong>nisi</strong></span> <span class='ocrx_word' id='word_1_239' title='bbox 2252 2798 2311 2848; x_wconf 85' lang='lat' dir='ltr'><strong>ad</strong></span> <span class='ocrx_word' id='word_1_240' title='bbox 2341 2817 2410 2848; x_wconf 87' lang='lat' dir='ltr'><strong>ra-</strong></span> 
     </span>
     <span class='ocr_line' id='line_1_28' title="bbox 281 2884 2410 2954; baseline -0.004 -17"><span class='ocrx_word' id='word_1_241' title='bbox 281 2905 389 2937; x_wconf 84' lang='lat' dir='ltr'><strong>cum</strong></span> <span class='ocrx_word' id='word_1_242' title='bbox 418 2891 565 2954; x_wconf 85' lang='lat' dir='ltr'><strong>agitur</strong></span> <span class='ocrx_word' id='word_1_243' title='bbox 581 2886 642 2937; x_wconf 89' lang='lat' dir='ltr'><strong>de</strong></span> <span class='ocrx_word' id='word_1_244' title='bbox 662 2887 979 2954; x_wconf 85' lang='lat' dir='ltr'><strong>probabilitate</strong></span> <span class='ocrx_word' id='word_1_245' title='bbox 1011 2888 1118 2936; x_wconf 88' lang='lat' dir='ltr'><strong>licet</strong></span> <span class='ocrx_word' id='word_1_246' title='bbox 1148 2890 1298 2936; x_wconf 85' lang='lat' dir='ltr'><strong>maxi·</strong></span> <span class='ocrx_word' id='word_1_247' title='bbox 1389 2886 1566 2933; x_wconf 83' lang='lat' dir='ltr'><strong>tionem</strong></span> <span class='ocrx_word' id='word_1_248' title='bbox 1591 2884 1892 2933; x_wconf 76' lang='lat' dir='ltr'><strong>theoreticam</strong></span> <span class='ocrx_word' id='word_1_249' title='bbox 1922 2886 2175 2950; x_wconf 79' lang='lat' dir='ltr'><strong>pertinere,</strong></span> <span class='ocrx_word' id='word_1_250' title='bbox 2200 2891 2337 2947; x_wconf 87' lang='lat' dir='ltr'><strong>atque</strong></span> <span class='ocrx_word' id='word_1_251' title='bbox 2355 2899 2410 2930; x_wconf 84' lang='lat' dir='ltr'><strong>ex</strong></span> 
     </span>
     <span class='ocr_line' id='line_1_29' title="bbox 282 2963 2410 3037; baseline -0.003 -19"><span class='ocrx_word' id='word_1_252' title='bbox 282 2988 359 3019; x_wconf 88' lang='lat' dir='ltr'><strong>ma</strong></span> <span class='ocrx_word' id='word_1_253' title='bbox 380 3008 393 3030; x_wconf 92' lang='lat'><strong>‚</strong></span> <span class='ocrx_word' id='word_1_254' title='bbox 438 2975 779 3036; x_wconf 83' lang='lat' dir='ltr'><strong>persuasionem</strong></span> <span class='ocrx_word' id='word_1_255' title='bbox 818 2974 963 3020; x_wconf 87' lang='lat' dir='ltr'><strong>animi</strong></span> <span class='ocrx_word' id='word_1_256' title='bbox 1005 2972 1156 3037; x_wconf 85' lang='lat' dir='ltr'><strong>potius</strong></span> <span class='ocrx_word' id='word_1_257' title='bbox 1193 2972 1306 3019; x_wconf 89' lang='lat' dir='ltr'><strong>ferri</strong></span> <span class='ocrx_word' id='word_1_258' title='bbox 1390 2967 1531 3034; x_wconf 86' lang='lat' dir='ltr'><strong>hujus</strong></span> <span class='ocrx_word' id='word_1_259' title='bbox 1561 2967 1693 3015; x_wconf 86' lang='lat' dir='ltr'><strong>firma</strong></span> <span class='ocrx_word' id='word_1_260' title='bbox 1723 2969 2017 3031; x_wconf 82' lang='lat' dir='ltr'><strong>persuasione</strong></span> <span class='ocrx_word' id='word_1_261' title='bbox 2039 2963 2410 3030; x_wconf 81' lang='lat' dir='ltr'><strong>progigni3unde</strong></span> 
     </span>
     <span class='ocr_line' id='line_1_30' title="bbox 288 3050 2407 3122; baseline -0.003 -22"><span class='ocrx_word' id='word_1_262' title='bbox 288 3053 345 3100; x_wconf 87' lang='lat' dir='ltr'><strong>ad</strong></span> <span class='ocrx_word' id='word_1_263' title='bbox 370 3054 678 3117; x_wconf 73' lang='lat' dir='ltr'><strong>facilitatem,</strong></span> <span class='ocrx_word' id='word_1_264' title='bbox 712 3055 837 3122; x_wconf 90' lang='lat' dir='ltr'><strong>quod</strong></span> <span class='ocrx_word' id='word_1_265' title='bbox 863 3055 1034 3103; x_wconf 86' lang='lat' dir='ltr'><strong>factum</strong></span> <span class='ocrx_word' id='word_1_266' title='bbox 1060 3056 1123 3101; x_wconf 86' lang='lat' dir='ltr'><strong>ita</strong></span> <span class='ocrx_word' id='word_1_267' title='bbox 1156 3071 1202 3101; x_wconf 88' lang='lat' dir='ltr'><strong>se</strong></span> <span class='ocrx_word' id='word_1_268' title='bbox 1227 3054 1308 3103; x_wconf 92' lang='lat' dir='ltr'><strong>ba-</strong></span> <span class='ocrx_word' id='word_1_269' title='bbox 1391 3052 1504 3099; x_wconf 87' lang='lat' dir='ltr'><strong>ratio</strong></span> <span class='ocrx_word' id='word_1_270' title='bbox 1525 3051 1747 3115; x_wconf 84' lang='lat' dir='ltr'><strong>practica</strong></span> <span class='ocrx_word' id='word_1_271' title='bbox 1774 3050 1842 3096; x_wconf 90' lang='lat' dir='ltr'><strong>nil</strong></span> <span class='ocrx_word' id='word_1_272' title='bbox 1860 3050 1971 3097; x_wconf 84' lang='lat' dir='ltr'><strong>certi</strong></span> <span class='ocrx_word' id='word_1_273' title='bbox 1989 3050 2213 3111; x_wconf 87' lang='lat' dir='ltr'><strong>imperare</strong></span> <span class='ocrx_word' id='word_1_274' title='bbox 2233 3055 2407 3111; x_wconf 87' lang='lat' dir='ltr'><strong>potest,</strong></span> 
     </span>
     <span class='ocr_line' id='line_1_31' title="bbox 282 3129 2410 3199; baseline -0.001 -18"><span class='ocrx_word' id='word_1_275' title='bbox 282 3132 391 3182; x_wconf 83' lang='lat' dir='ltr'><strong>bere</strong></span> <span class='ocrx_word' id='word_1_276' title='bbox 426 3139 592 3199; x_wconf 87' lang='lat' dir='ltr'><strong>possit;</strong></span> <span class='ocrx_word' id='word_1_277' title='bbox 624 3137 702 3185; x_wconf 88' lang='lat' dir='ltr'><strong>sed</strong></span> <span class='ocrx_word' id='word_1_278' title='bbox 735 3139 785 3185; x_wconf 91' lang='lat' dir='ltr'><strong>in</strong></span> <span class='ocrx_word' id='word_1_279' title='bbox 811 3137 1088 3186; x_wconf 82' lang='lat' dir='ltr'><strong>certitudine</strong></span> <span class='ocrx_word' id='word_1_280' title='bbox 1117 3136 1307 3197; x_wconf 87' lang='lat' dir='ltr'><strong>morali,</strong></span> <span class='ocrx_word' id='word_1_281' title='bbox 1392 3135 1483 3182; x_wconf 89' lang='lat' dir='ltr'><strong>nisi</strong></span> <span class='ocrx_word' id='word_1_282' title='bbox 1514 3136 1564 3180; x_wconf 87' lang='lat' dir='ltr'><strong>in</strong></span> <span class='ocrx_word' id='word_1_283' title='bbox 1589 3133 1765 3180; x_wconf 84' lang='lat' dir='ltr'><strong>ratione</strong></span> <span class='ocrx_word' id='word_1_284' title='bbox 1795 3131 2039 3179; x_wconf 85' lang='lat' dir='ltr'><strong>theoretica</strong></span> <span class='ocrx_word' id='word_1_285' title='bbox 2068 3129 2314 3176; x_wconf 81' lang='lat' dir='ltr'><strong>fundatum</strong></span> <span class='ocrx_word' id='word_1_286' title='bbox 2334 3130 2410 3179; x_wconf 81' lang='lat' dir='ltr'><strong>sit.</strong></span> 
     </span>
     <span class='ocr_line' id='line_1_32' title="bbox 283 3210 2412 3282; baseline -0.003 -19"><span class='ocrx_word' id='word_1_287' title='bbox 283 3216 515 3282; x_wconf 80' lang='lat' dir='ltr'><strong>judicium</strong></span> <span class='ocrx_word' id='word_1_288' title='bbox 547 3221 690 3266; x_wconf 87' lang='lat' dir='ltr'><strong>animi</strong></span> <span class='ocrx_word' id='word_1_289' title='bbox 717 3220 861 3267; x_wconf 83' lang='lat' dir='ltr'><strong>fertur</strong></span> <span class='ocrx_word' id='word_1_290' title='bbox 889 3220 1060 3267; x_wconf 77' lang='lat' dir='ltr'><strong>directe</strong></span> <span class='ocrx_word' id='word_1_291' title='bbox 1085 3219 1134 3265; x_wconf 91' lang='lat' dir='ltr'><strong>in</strong></span> <span class='ocrx_word' id='word_1_292' title='bbox 1162 3219 1308 3282; x_wconf 85' lang='lat' dir='ltr'><strong>ipsam</strong></span> <span class='ocrx_word' id='word_1_293' title='bbox 1394 3216 1535 3265; x_wconf 88' lang='lat' dir='ltr'><strong>Secus</strong></span> <span class='ocrx_word' id='word_1_294' title='bbox 1569 3231 1665 3262; x_wconf 87' lang='lat' dir='ltr'><strong>non</strong></span> <span class='ocrx_word' id='word_1_295' title='bbox 1692 3215 1775 3261; x_wconf 86' lang='lat' dir='ltr'><strong>erit</strong></span> <span class='ocrx_word' id='word_1_296' title='bbox 1804 3215 1892 3261; x_wconf 90' lang='lat' dir='ltr'><strong>nisi</strong></span> <span class='ocrx_word' id='word_1_297' title='bbox 1935 3230 2060 3260; x_wconf 87' lang='lat' dir='ltr'><strong>mere</strong></span> <span class='ocrx_word' id='word_1_298' title='bbox 2090 3214 2265 3276; x_wconf 86' lang='lat' dir='ltr'><strong>pratica</strong></span> <span class='ocrx_word' id='word_1_299' title='bbox 2291 3210 2412 3274; x_wconf 77' lang='lat' dir='ltr'><strong>fides</strong></span> 
     </span>
     <span class='ocr_line' id='line_1_33' title="bbox 284 3294 2416 3364; baseline -0.003 -16"><span class='ocrx_word' id='word_1_300' title='bbox 284 3299 587 3348; x_wconf 74' lang='lat' dir='ltr'><strong>existentiam</strong></span> <span class='ocrx_word' id='word_1_301' title='bbox 631 3319 684 3350; x_wconf 90' lang='lat' dir='ltr'><strong>ac</strong></span> <span class='ocrx_word' id='word_1_302' title='bbox 717 3306 960 3350; x_wconf 80' lang='lat' dir='ltr'><strong>veritatem</strong></span> <span class='ocrx_word' id='word_1_303' title='bbox 997 3302 1133 3359; x_wconf 81' lang='lat' dir='ltr'><strong>facti,</strong></span> <span class='ocrx_word' id='word_1_304' title='bbox 1168 3306 1310 3364; x_wconf 88' lang='lat' dir='ltr'><strong>atque</strong></span> <span class='ocrx_word' id='word_1_305' title='bbox 1395 3309 1439 3347; x_wconf 90' lang='lat' dir='ltr'><strong>et</strong></span> <span class='ocrx_word' id='word_1_306' title='bbox 1470 3296 1847 3362; x_wconf 67' lang='lat' dir='ltr'><strong>acquic-scentia,</strong></span> <span class='ocrx_word' id='word_1_307' title='bbox 1882 3313 2021 3360; x_wconf 89' lang='lat' dir='ltr'><strong>quam</strong></span> <span class='ocrx_word' id='word_1_308' title='bbox 2060 3297 2195 3342; x_wconf 83' lang='lat' dir='ltr'><strong>etiam</strong></span> <span class='ocrx_word' id='word_1_309' title='bbox 2229 3294 2416 3359; x_wconf 80' lang='lat' dir='ltr'><strong>sceptici</strong></span> 
     </span>
     <span class='ocr_line' id='line_1_34' title="bbox 284 3376 2426 3447; baseline -0.003 -18"><span class='ocrx_word' id='word_1_310' title='bbox 284 3383 335 3429; x_wconf 90' lang='lat' dir='ltr'><strong>in</strong></span> <span class='ocrx_word' id='word_1_311' title='bbox 359 3399 409 3430; x_wconf 88' lang='lat' dir='ltr'><strong>ea</strong></span> <span class='ocrx_word' id='word_1_312' title='bbox 433 3385 734 3447; x_wconf 82' lang='lat' dir='ltr'><strong>conquiescit.</strong></span> <span class='ocrx_word' id='word_1_313' title='bbox 762 3384 859 3433; x_wconf 85' lang='lat' dir='ltr'><strong>Cfr.</strong></span> <span class='ocrx_word' id='word_1_314' title='bbox 882 3382 1018 3433; x_wconf 74' lang='lat' dir='ltr'><strong>Diss.</strong></span> <span class='ocrx_word' id='word_1_315' title='bbox 1050 3382 1154 3430; x_wconf 84' lang='lat' dir='ltr'><strong>dell&#39;</strong></span> <span class='ocrx_word' id='word_1_316' title='bbox 1180 3382 1306 3446; x_wconf 75' lang='lat' dir='ltr'><strong>oriq.</strong></span> <span class='ocrx_word' id='word_1_317' title='bbox 1393 3392 1437 3431; x_wconf 90' lang='lat' dir='ltr'><strong>et</strong></span> <span class='ocrx_word' id='word_1_318' title='bbox 1451 3378 1739 3444; x_wconf 82' lang='lat' dir='ltr'><strong>acataleptici</strong></span> <span class='ocrx_word' id='word_1_319' title='bbox 1759 3376 1877 3425; x_wconf 85' lang='lat' dir='ltr'><strong>ultro</strong></span> <span class='ocrx_word' id='word_1_320' title='bbox 1893 3378 2200 3425; x_wconf 82' lang='lat' dir='ltr'><strong>admittebant</strong></span> <span class='ocrx_word' id='word_1_321' title='bbox 2222 3415 2235 3437; x_wconf 94' lang='lat'>‚</span> <span class='ocrx_word' id='word_1_322' title='bbox 2252 3393 2426 3441; x_wconf 86' lang='lat' dir='ltr'><strong>quam-</strong></span> 
     </span>
     <span class='ocr_line' id='line_1_35' title="bbox 282 3461 2421 3531; baseline -0.003 -20"><span class='ocrx_word' id='word_1_323' title='bbox 282 3462 360 3512; x_wconf 85' lang='lat' dir='ltr'><strong>del</strong></span> <span class='ocrx_word' id='word_1_324' title='bbox 373 3480 509 3512; x_wconf 78' lang='lat' dir='ltr'><strong>senso</strong></span> <span class='ocrx_word' id='word_1_325' title='bbox 526 3465 715 3521; x_wconf 81' lang='lat' dir='ltr'><strong>morale,</strong></span> <span class='ocrx_word' id='word_1_326' title='bbox 736 3477 851 3516; x_wconf 86' lang='lat' dir='ltr'><strong>tom.</strong></span> <span class='ocrx_word' id='word_1_327' title='bbox 870 3482 923 3524; x_wconf 78' lang='grc' dir='ltr'><strong>ιι,</strong></span> <span class='ocrx_word' id='word_1_328' title='bbox 940 3484 1049 3531; x_wconf 85' lang='lat' dir='ltr'><strong>opp.</strong></span> <span class='ocrx_word' id='word_1_329' title='bbox 1066 3483 1170 3530; x_wconf 80' lang='lat' dir='ltr'><strong>pag.</strong></span> <span class='ocrx_word' id='word_1_330' title='bbox 1189 3480 1280 3512; x_wconf 83' lang='lat'><strong>201</strong></span> <span class='ocrx_word' id='word_1_331' title='bbox 1294 3499 1308 3512; x_wconf 86' lang='grc'><strong><em>.</em></strong></span> <span class='ocrx_word' id='word_1_332' title='bbox 1394 3481 1481 3529; x_wconf 87' lang='lat' dir='ltr'><strong>quc</strong></span> <span class='ocrx_word' id='word_1_333' title='bbox 1505 3465 1777 3512; x_wconf 83' lang='lat' dir='ltr'><strong>recentiores</strong></span> <span class='ocrx_word' id='word_1_334' title='bbox 1805 3461 2023 3509; x_wconf 82' lang='lat' dir='ltr'><strong>Kantiani</strong></span> <span class='ocrx_word' id='word_1_335' title='bbox 2045 3499 2057 3520; x_wconf 91' lang='lat'><em>‚</em></span> <span class='ocrx_word' id='word_1_336' title='bbox 2090 3461 2421 3524; x_wconf 86' lang='lat' dir='ltr'><strong>Fichtianique</strong></span> 
     </span>
    </p>

    <p class='ocr_par' dir='ltr' id='par_1_6' title="bbox 281 3541 2414 3701">
     <span class='ocr_line' id='line_1_36' title="bbox 349 3541 2414 3611; baseline -0.003 -17"><span class='ocrx_word' id='word_1_337' title='bbox 349 3547 416 3611; x_wconf 76' lang='lat'><strong>(2)</strong></span> <span class='ocrx_word' id='word_1_338' title='bbox 443 3547 683 3595; x_wconf 86' lang='lat' dir='ltr'><strong>Hancesse</strong></span> <span class='ocrx_word' id='word_1_339' title='bbox 699 3547 1002 3597; x_wconf 86' lang='lat' dir='ltr'><strong>G.Hermesii</strong></span> <span class='ocrx_word' id='word_1_340' title='bbox 1022 3546 1310 3607; x_wconf 86' lang='lat' dir='ltr'><strong>doctrinam,</strong></span> <span class='ocrx_word' id='word_1_341' title='bbox 1395 3546 1520 3595; x_wconf 84' lang='lat' dir='ltr'><strong>ultro</strong></span> <span class='ocrx_word' id='word_1_342' title='bbox 1567 3562 1620 3593; x_wconf 89' lang='lat' dir='ltr'><strong>ac</strong></span> <span class='ocrx_word' id='word_1_343' title='bbox 1662 3545 1968 3594; x_wconf 85' lang='lat' dir='ltr'><strong>libentissime</strong></span> <span class='ocrx_word' id='word_1_344' title='bbox 2008 3542 2156 3594; x_wconf 71' lang='lat' dir='ltr'><strong>veluti</strong></span> <span class='ocrx_word' id='word_1_345' title='bbox 2201 3541 2414 3607; x_wconf 80' lang='lat' dir='ltr'><strong>naufragi</strong></span> 
     </span>
     <span class='ocr_line' id='line_1_37' title="bbox 281 3629 1877 3701; baseline -0.001 -21"><span class='ocrx_word' id='word_1_346' title='bbox 281 3650 422 3701; x_wconf 87' lang='lat' dir='ltr'><strong>nemo</strong></span> <span class='ocrx_word' id='word_1_347' title='bbox 439 3642 508 3683; x_wconf 84' lang='lat' dir='ltr'><strong>est</strong></span> <span class='ocrx_word' id='word_1_348' title='bbox 526 3635 608 3700; x_wconf 87' lang='lat' dir='ltr'><strong>qui</strong></span> <span class='ocrx_word' id='word_1_349' title='bbox 627 3635 803 3682; x_wconf 80' lang='lat' dir='ltr'><strong>nesciat</strong></span> <span class='ocrx_word' id='word_1_350' title='bbox 816 3668 831 3694; x_wconf 92' lang='lat'>,</span> <span class='ocrx_word' id='word_1_351' title='bbox 855 3633 913 3683; x_wconf 91' lang='lat' dir='ltr'><strong>de</strong></span> <span class='ocrx_word' id='word_1_352' title='bbox 930 3651 1021 3700; x_wconf 89' lang='lat' dir='ltr'><strong>qua</strong></span> <span class='ocrx_word' id='word_1_353' title='bbox 1040 3632 1150 3681; x_wconf 87' lang='lat' dir='ltr'><strong>alibi</strong></span> <span class='ocrx_word' id='word_1_354' title='bbox 1170 3630 1314 3681; x_wconf 88' lang='lat' dir='ltr'><strong>fusior</strong></span> <span class='ocrx_word' id='word_1_355' title='bbox 1397 3629 1605 3679; x_wconf 87' lang='lat' dir='ltr'><strong>tabulam</strong></span> <span class='ocrx_word' id='word_1_356' title='bbox 1632 3630 1877 3694; x_wconf 84' lang='lat' dir='ltr'><strong>arripiunt.</strong></span> 
     </span>
    </p>
   </div>
  </div>
 </body>
</html>
