2502 4134
2116 156 2200 215 65

399 178 560 216 PART.
609 180 674 215 11.
723 177 844 214 GAP.
894 178 957 213 11.
1004 177 1072 212 DE
1116 175 1293 214 mvm.
1342 171 1470 212 CAN.
1516 174 1659 212 LIBR.
1710 174 1911 213 msl’m.

95 321 423 383 scribuntur
445 322 553 402 (l).
584 319 1186 380 Animadvertendum
1215 329 1415 377 tamen
1448 329 1535 376 est
1553 364 1567 393 .‚
1595 320 1891 379 communi
1914 318 2194 402 loquendi

39 489 43 492 v
95 441 202 477 usu
228 429 525 499 receptum
563 437 715 488 esse,
759 426 826 473 ut
871 414 1240 474 revelationis
1273 413 1511 472 nomine
1545 414 1815 474 universe
1844 415 2197 494 significetur

96 512 378 595 quidquid
404 513 466 570 in'
492 511 663 570 sacris
689 510 916 569 Litteris
945 510 1275 568 continetur
1293 553 1309 583 .,
1339 517 1438 566 aut
1471 507 1648 565 etiam
1672 508 1828 588 quod
1849 554 1865 584 ,
1897 510 2112 590 Spiritu
2134 512 2189 570 S.

97 609 390 682 dictante,
433 608 564 668 viva
605 627 745 668 voce
783 627 889 687 per
921 605 1292 664 traditionem
1331 602 1735 661 transmissum
1774 615 1862 662 est
1898 605 2008 684 (2).

183 702 316 760 104.
363 703 463 761 His
510 703 589 759 ita
628 700 986 781 explanatiS,
1032 709 1296 780 superest
1338 709 1403 755 ut
1430 696 1669 757 tandem
1713 697 2088 759 deveniamus
2126 700 2202 759 ad

99 797 510 855 vindicandam
561 796 821 854 Ecclesiae
871 793 1166 853 catholicoe
1218 794 1549 853 doctrinam
1571 837 1587 865 ,
1645 804 1818 873 prout
1866 813 1898 850 a
1952 793 2204 853 Concilio

102 891 471 964 TridentinO,
500 911 637 949 sess
681 891 782 964 IV,
811 890 872 947 in
895 889 1126 948 decreto
1155 887 1227 947 de
1255 888 1546 947 canonicis
1577 887 1886 969 Scripturis
1920 886 2203 948 declarata

104 1002 191 1049 est
212 1036 228 1063 7
268 1010 399 1047 cum
445 985 722 1058 asseruit,
754 985 1050 1064 utriusque
1086 983 1441 1041 Testamenti
1477 1005 1672 1042 unum
1703 985 1903 1042 Deum
1942 1004 2056 1041 esse
2096 1006 2207 1043 au-

104 1096 316 1143 ctorem
347 1081 458 1159 (3),
494 1077 896 1146 etwanathema
925 1076 1038 1133 illis
1074 1075 1257 1149 dixit,
1291 1076 1388 1155 qui
1418 1073 1596 1133 libros
1631 1077 1930 1157 utriusque
1956 1077 2205 1137 Foederis

106 1189 274 1237 antea
297 1177 660 1235 enumeratos
701 1192 806 1250 pro
851 1173 1041 1242 sacris
1074 1190 1197 1227 non
1237 1168 1545 1228 haberent.
1577 1170 1745 1244 Quod
1777 1172 2016 1252 quidem
2055 1171 2206 1233 binis

105 1266 588 1354 propositionibus
610 1264 976 1323 conficiemus
993 1309 1008 1335 ,
1033 1285 1279 1344 quarum
1308 1262 1485 1323 altera
1512 1265 1819 1325 veritatem
1836 1266 2200 1328 adstruemus

106 1363 378 1422 doctrinae
422 1360 715 1419 catholicae
757 1358 904 1417 circa
947 1358 1210 1419 divinam
1259 1358 1467 1418 horum
1521 1358 1827 1420 Librorum
1875 1363 2208 1444 inspiratio-

107 1479 242 1517 nem
262 1502 278 1531 ,
308 1455 488 1515 altera
523 1477 661 1515 vero
692 1453 1064 1514 ostendemus
1087 1499 1102 1527 ,
1148 1475 1267 1512 non
1305 1475 1472 1538 poss-e
1515 1456 1910 1516 Protestantes
1930 1502 1946 1531 ,
1991 1457 2211 1536 abjecta

175 1761 242 1826 (l)
265 1761 477 1810 Janssens
494 1797 508 1818 ,
526 1775 605 1825 op.
621 1761 700 1809 cit.
715 1762 839 1809 visus
857 1769 922 1808 est
937 1769 1114 1808 utram-

109 1862 198 1912 que
222 1843 561 1909 inspirationis
582 1852 628 1891 et
643 1841 944 1890 revelationis
963 1844 1116 1890 notio-

108 1944 215 1975 nem
233 1927 544 1991 permiscuisse
567 1927 616 1971 in
642 1924 908 1972 definitione
924 1961 939 1984 ,
970 1939 1114 1989 quam

108 2008 193 2057 sub
220 2010 359 2057 finem
383 2006 409 2074 §
438 2008 467 2056 3
499 2007 687 2056 exhibet
713 2006 771 2055 de
797 2007 1112 2071 inspiratione.

175 2090 244 2154 (2)
280 2090 417 2139 Juxta
457 2106 756 2138 communem
795 2089 922 2136 bunc
960 2104 1116 2153 recep·
1152 2100 1157 2105 '

112 2181 303 2236 tumque
335 2172 469 2236 vulgo
508 2171 730 2237 loquendi
770 2187 907 2219 usum
942 2187 1117 2219 nomen

113 2254 428 2317 inspirationis
450 2256 683 2317 usurpavit
709 2252 949 2301 Cornelius
976 2271 1001 2301 a
1030 2252 1119 2301 La-

113 2333 250 2399 pide,
282 2334 394 2381 dum
419 2336 470 2381 in
502 2333 685 2381 Comm.
715 2348 752 2382 u
781 2336 918 2399 epist.
939 2334 1004 2380 ad
1032 2334 1122 2381 Ti-

113 2415 258 2465 moth.
282 2434 335 2464 ιιι
355 2454 368 2476 ,
399 2413 486 2478 16,
519 2418 727 2480 scripsit:
748 2415 995 2465 Historias
1012 2431 1120 2463 vero

112 2508 158 2546 et
187 2497 385 2545 morales
420 2497 798 2558 exhortationes,
829 2513 948 2560 quas
979 2504 1120 2543 antea

113 2579 186 2628 vel
210 2581 321 2627 visu
337 2614 352 2636 ,
388 2579 462 2627 vel
482 2579 682 2640 aviditu,
708 2578 783 2627 vel
803 2577 1025 2637 lectione,
1050 2575 1123 2625 vel

115 2660 417 2709 meditatione
455 2660 726 2708 didicerant
750 2661 849 2725 ipsi
873 2660 1121 2724 scriptores

115 2740 456 2808 haqioqraphi,
489 2758 585 2789 non
608 2741 711 2805 fuit
743 2756 926 2788 necesse
959 2740 1117 2805 inspi-

38 2832 40 2834 ’
116 2825 223 2871 rari
243 2831 331 2871 aut
351 2823 528 2872 dictari
557 2839 586 2870 a
622 2822 813 2889 Spiritu
841 2821 896 2871 S.
912 2808 942 2882 ,’
964 2829 1122 2887 utpote

114 2919 221 2952 cum
253 2921 333 2952 eas
348 2907 461 2971 jam
494 2906 672 2952 scirent
701 2912 745 2952 et
769 2902 991 2952 callerent
1024 2904 1124 2968 ipsi

118 2987 387 3052 scriptores.
402 2986 530 3035 Patet
542 2989 666 3036 euim
680 3024 693 3047 ,
713 3003 870 3036 vocem
885 2985 1126 3050 inspirari

118 3083 199 3131 pro
212 3067 414 3118 revelari
425 3079 502 3116 aut
514 3067 690 3116 dictari
712 3085 817 3117 eum
833 3067 1095 3116 adhibuisse
1107 3103 1121 3127 ‚

122 3157 173 3195 ut
198 3160 321 3214 patet
350 3152 486 3199 etiam
519 3150 684 3198 clarius
709 3167 764 3198 ex
794 3160 883 3198 tota
908 3149 1126 3198 orationis

127 3233 268 3292 serie,
307 3235 357 3280 in
401 3251 491 3299 qua
535 3233 769 3291 declarat,
812 3228 1031 3297 Spiritum
1078 3229 1127 3278 S.

130 3311 414 3375 scriptoribus
441 3317 578 3363 sacris
613 3314 839 3362 adstitisse
868 3330 882 3361 ε
911 3322 958 3360 1⁰
980 3330 1039 3362 ne
1059 3330 1130 3362 er-

130 3402 306 3456 rarent3
339 3404 390 3442 2⁰
421 3407 472 3444 ut
504 3399 568 3445 eis
609 3406 899 3463 suggereret,
942 3405 995 3443 ut
1034 3396 1132 3442 haec

131 3473 280 3534 potius
313 3493 451 3541 quam
479 3479 557 3527 illa
582 3478 864 3538 scriberent;
895 3477 948 3526 3ο
980 3488 1032 3526 'ut
1056 3495 1131 3527 or-

133 3554 310 3602 dinaret
337 3573 491 3608 omnes
517 3578 677 3610 eorum
707 3571 981 3626 conceptus,
1008 3561 1133 3625 dige-

134 3646 250 3684 reret
283 3646 328 3684 et
363 3635 595 3705 dirigeret.
629 3642 768 3692 Nullo
799 3645 936 3707 igitur
967 3642 1134 3691 funda-

214 3732 278 3789 T.
334 3733 429 3790 IX.

1200 1769 1355 1829 mento
1381 1761 1530 1807 innixi
1553 1777 1650 1808 non
1675 1764 1811 1825 pauci
1839 1764 2105 1826 scriptores,
2130 1765 2212 1828 qui

1199 1859 1296 1890 sese
1323 1844 1525 1890 invicem
1554 1844 1915 1907 exscripserunt,
1946 1842 2213 1892 Cornelium

1198 1928 1320 1975 inter
1347 1923 1450 1974 illos
1481 1936 1688 1974 auctores
1708 1936 1970 1987 recensent,
1998 1929 2080 1991 qui
2101 1923 2224 1975 ἰαῦ-ἑ

1200 2009 1379 2056 ciantur
1418 2009 1769 2072 inspirationem
1809 2010 1860 2055 in
1902 2007 2130 2056 historicis
2173 2019 2219 2057 et

1201 2089 1453 2152 moralibus
1481 2089 1681 2137 adfuisse
1706 2088 2042 2153 hagiographis.
2064 2087 2215 2138 Multo

1202 2176 1356 2220 minus
1372 2172 1601 2221 debuisset
1617 2170 1873 2233 Graveson,
1887 2174 1937 2221 in
1951 2175 2031 2225 cit.
2047 2173 2218 2224 Tract.

1201 2254 1259 2301 de
1287 2253 1542 2319 Scriptura
1573 2270 1741 2315 sacra,
1777 2252 1804 2319 S
1837 2255 1898 2314 3,
1938 2272 2041 2319 pag.
2083 2250 2149 2303 58
2176 2266 2222 2303 et

1203 2353 1300 2400 seq.
1319 2353 1425 2383 eum
1442 2338 1738 2399 impugnare,
1751 2341 1814 2383 'ac
1827 2338 2099 2399 permiscere
2115 2353 2220 2385 sen-

1203 2419 1392 2463 tentiam
1421 2415 1624 2464 Cornelii
1642 2432 1668 2462 a
1687 2416 1800 2481 Lap.
1822 2433 1928 2463 cum
1949 2416 2094 2464 tribus
2116 2417 2218 2466 the-

1203 2496 1329 2543 sibus
1362 2496 1551 2544 confixis
1580 2514 1605 2543 a
1626 2495 1989 2544 Lovaniensibus
2017 2507 2062 2546 et
2085 2497 2215 2546 Dua-

1203 2580 1327 2626 cenis
1347 2614 1360 2636 ‚
1404 2578 1462 2624 de
1509 2578 1679 2642 quibus
1722 2580 1931 2642 superius
1975 2578 2175 2626 diximus
2200 2616 2215 2638 ‚

1202 2662 1336 2724 eique
1379 2676 1608 2723 opponere
1654 2659 1982 2707 doctissimum
2024 2659 2214 2710 Anton.

1202 2738 1483 2787 Arnaldnm
1507 2740 1740 2789 doctorem
1759 2737 2103 2803 Sorbonicum3
2125 2742 2216 2791 hoc

1203 2827 1328 2873 enim
1353 2841 1458 2872 vere
1486 2835 1552 2873 est
1579 2825 1732 2873 hostes
1763 2825 1850 2873 sibi
1881 2826 2143 2890 confingere
2173 2837 2219 2875 et

1205 2908 1360 2956 ae'rem
1383 2908 1640 2957 verberare.
1652 2907 1856 2973 Longius
1869 2925 2130 2973 progressus
2148 2919 2219 2958 est

1207 2988 1542 3039 Contensonius
1561 3027 1575 3049 ,
1620 2992 1702 3055 qui
1735 2992 1921 3038 nonnisi
1952 2992 2218 3055 inspiratio·

1207 3087 1314 3118 nem
1347 3072 1617 3136 neqativam
1646 3072 1696 3118 in
1727 3069 1963 3119 recensitis
1999 3074 2220 3120 concessit

1209 3153 1504 3217 scriptoribus
1540 3152 1888 3216 hagiographis,
1937 3153 2050 3201 dum
2093 3154 2218 3218 apud

1212 3233 1392 3282 Calmet
1415 3234 1504 3284 loc.
1538 3237 1614 3282 cit.
1641 3235 1820 3298 scripsit
1856 3250 1870 3281 ε
1903 3235 1970 3282 In
2000 3234 2221 3282 omnibus

1210 3313 1361 3378 iqitnr
1400 3313 1671 3362 habuerunt
1714 3329 1811 3361 non
1850 3313 2181 3369 revelationem
2201 3349 2217 3375 ,

1211 3396 1294 3444 sed
1321 3397 1651 3445 adsistentium
1680 3404 1724 3444 et
1751 3396 1995 3445 auxilium
2012 3433 2029 3459 ,
2060 3414 2122 3445 ne
2150 3396 2221 3445 la·-

1214 3478 1452 3528 berentur.

1281 3560 1354 3626 (3)
1392 3562 1509 3613 sess.
1538 3577 1605 3611 ιν.
