2502 4134
312 146 346 204 1
356 145 432 204 58

915 165 1116 206 TRAGT.
1163 169 1234 206 DE
1277 170 1428 210 LOCIS
1471 174 1853 217 THEOLOGICIS.

394 312 542 371 241.
588 312 868 370 Nostrum
890 331 1015 369 non
1040 311 1283 374 estsshaec
1312 316 1710 396 particulatim
1740 324 2050 406 persequi3
2080 323 2191 386 hoc
2212 337 2447 390 tantum

306 428 622 468 monemus
646 451 663 481 ,
695 427 933 466 sensum
959 406 1279 468 litteralem
1299 409 1468 470 illum
1498 433 1621 474 esse
1639 461 1655 490 .,
1683 418 1786 498 qui
1812 418 2150 480 immediate
2167 423 2354 484 oritur
2374 447 2449 485 ex

304 503 505 566 verbis
549 502 690 585 ipsis
732 503 1046 585 Scripturae
1081 504 1146 562 in
1186 506 1391 565 nativa
1429 529 1532 568 sua
1562 510 1981 592 significatione
2009 518 2296 599 accepti3‚
2345 542 2447 580 seu

297 621 486 682 quem
525 596 701 659 verba
730 598 1075 660 immediate
1099 601 1475 683 exprimunt3
1508 626 1747 684 sensum
1775 630 1913 668 vero
1938 612 2307 692 spiritualem
2321 636 2446 677 esse

300 695 635 755 mediatum
656 740 671 770 ,
704 696 805 777 qui
835 717 1052 778 nempe
1083 717 1155 755 ex
1185 696 1361 756 rebus
1386 700 1720 779 significatis
1751 705 1975 764 eruitur
1996 706 2109 787 (l).
2140 710 2441 771 Omitten-

301 803 395 851 tes
431 813 607 872 porro
657 792 1043 873 quaestionem
1068 837 1085 867 7
1130 803 1335 852 utrum
1384 817 1538 853 unus
1583 794 1860 879 idemque
1899 801 2209 884 Scripturae
2251 816 2446 865 textus

302 886 457 947 duos
494 886 676 970 possit
725 909 928 949 sensus
977 886 1260 948 litterales
1307 891 1432 971 pati
1478 891 1568 971 (2)
1591 935 1607 966 ‚
1656 893 1740 950 uti
1789 893 1988 976 plures
2039 918 2148 958 nec
2197 900 2446 961 fortasse

308 1080 557 1131 litteralem
575 1099 758 1130 sensum
772 1081 1018 1131 haberent.
1035 1081 1198 1147 Neque
1215 1081 1331 1131 alle·

303 1166 444 1229 yoria
472 1183 525 1214 ea
553 1165 704 1213 solum
740 1175 838 1225 est,
876 1183 977 1231 quae
1010 1165 1177 1225 docet,
1213 1165 1335 1230 qaid

305 1248 472 1297 credas
490 1265 510 1310 ,⁶
543 1246 764 1315 allegoria
810 1251 935 1297 enim
971 1247 1185 1310 biblica,
1226 1265 1332 1316 quae

305 1333 570 1396 permisceri
596 1349 691 1379 non
710 1331 970 1381 debetcum
988 1332 1205 1396 allegoria
1224 1331 1333 1380 rhe-

304 1416 456 1463 torica
470 1450 487 1476 ,
520 1425 586 1464 est
612 1417 749 1463 series
767 1452 781 1474 ‚
811 1425 865 1462 ut
882 1416 944 1462 ita
968 1415 1158 1480 loquar,
1179 1423 1303 1461 meta
1318 1441 1330 1448 --

296 1496 567 1563 phorarum
598 1497 902 1554 bibbcarum,
937 1507 1188 1546 eventuum
1208 1495 1331 1545 scili-

305 1590 378 1629 cet
406 1597 460 1628 ac
485 1598 640 1629 rerum
661 1615 676 1642 ,
715 1595 818 1646 quae
849 1578 975 1627 aliud
1005 1578 1332 1643 significabant

301 1673 469 1728 praeter
502 1663 551 1711 id
573 1700 588 1724 ,
627 1661 756 1728 quod
797 1670 962 1720 erant,
999 1670 1052 1708 ut
1086 1679 1141 1709 ex
1179 1659 1331 1709 verbis

303 1747 437 1795 Pauli
486 1764 592 1794 mox
635 1746 871 1794 edicendis
921 1744 1111 1810 patebit.
1153 1744 1295 1793 Porro
1313 1781 1328 1803 ‚

302 1832 516 1898 quamvis
532 1830 665 1879 detur
678 1866 691 1888 ‚
715 1839 835 1893 gesta
849 1828 950 1876 haec
966 1827 1076 1876 fidei
1094 1829 1331 1875 materiam

303 1914 631 1980 objectumque
651 1929 751 1961 esse
769 1950 782 1973 ‚
820 1900 951 1976 plura
978 1921 1136 1959 tamen
1159 1910 1330 1958 horum

301 2007 533 2062 gestorum
566 1996 625 2045 ad
655 1982 782 2061 spem
811 1993 1109 2043 excitandam
1141 2010 1330 2059 quoque

301 2080 478 2139 valere,
506 2089 550 2128 et
568 2079 627 2127 ad
647 2096 796 2126 mores
818 2077 1138 2124 informandos
1157 2075 1328 2141 ambigi

302 2164 483 2228 nequit.
499 2160 716 2210 Ceterum
739 2160 1092 2225 quadruplicem
1114 2159 1233 2205 hanc
1253 2158 1325 2205 bi-

300 2247 413 2295 blici
438 2247 911 2310 sensus‘partitionem
931 2252 1155 2308 putarunt
1179 2242 1327 2308 aliqui

300 2332 452 2396 primo
478 2328 538 2377 ab
562 2327 817 2392 Augustino
836 2326 975 2374 fuisse
991 2327 1293 2389 excogitatam
1310 2362 1324 2385 ‚

301 2414 382 2480 qui
411 2415 461 2461 in
488 2412 571 2460 lib.
591 2426 607 2458 1
622 2448 634 2471 ‚
662 2408 735 2459 De
754 2408 882 2457 Gen.
902 2407 968 2455 ad
983 2399 1127 2456 litter.
1147 2424 1249 2473 cap.
1271 2423 1289 2455 1
1311 2443 1325 2466 ‚

300 2498 460 2547 scribit
489 2513 503 2545 ε
535 2494 605 2543 In
631 2494 770 2542 libris
791 2492 1017 2541 omnibus
1052 2489 1225 2540 Sacris
1250 2493 1329 2538 in-

302 2582 431 2629 tueri
458 2586 657 2646 oportet,
680 2594 787 2642 quae
808 2576 883 2624 ibi
898 2583 1079 2624 oeterna
1098 2576 1328 2622 intimen-

299 2673 411 2724 tur,
437 2679 547 2728 quoe
565 2662 699 2727 facta
722 2666 1007 2718 narrentur,
1031 2674 1138 2722 qnoe
1151 2657 1327 2722 futura

295 2746 726 2814 praenuntientur,
771 2759 880 2807 quae
919 2733 1104 2806 aqenda
1136 2740 1323 2804 proeci-

296 2832 522 2897 piantur.
555 2826 637 2875 Ast
661 2825 712 2874 S.
751 2821 920 2873 Doctor
954 2826 1025 2872 his
1055 2823 1207 2871 verbis
1237 2837 1323 2869 ne-

303 2929 538 2980 quaquam
565 2910 764 2959 diversos
793 2907 1134 2973 Scripturarum
1162 2923 1325 2954 sensus

300 3003 656 3052 commemorat,
687 2991 765 3041 sed
789 3001 934 3039 totam
961 2989 1146 3037 illarum
1176 2999 1325 3037 mate-

301 3080 419 3124 riam
461 3076 686 3141 dispertit.
725 3073 983 3122 Eucherius
1015 3082 1168 3119 tamen
1197 3070 1322 3136 Lug-

299 3159 524 3208 dunensis
543 3196 557 3218 ,
595 3160 676 3224 qui
709 3157 849 3223 paulo
880 3165 981 3221 post
1011 3153 1323 3219 Augustinum

300 3242 560 3307 eodemque
590 3242 742 3290 seculo
772 3260 801 3289 v
822 3241 1010 3299 floruit,
1051 3256 1149 3286 non
1181 3238 1321 3286 modo

299 3326 595 3391 partitionem
629 3322 758 3371 illam
792 3323 967 3383 habet,
1000 3321 1080 3370 sed
1110 3323 1208 3385 ipsa
1235 3338 1320 3369 no-

301 3411 427 3456 mina
446 3414 636 3470 usurpat
653 3404 911 3452 secundnm
930 3421 1031 3452 eam
1051 3404 1317 3462 notionem,

300 3508 405 3558 quae
423 3491 560 3538 etiam
577 3487 717 3534 modo
739 3485 1013 3535 nominibus
1030 3485 1156 3533 hisce
1178 3487 1317 3545 inest,

300 3577 350 3623 in
380 3572 517 3620 Praef.
546 3573 595 3618 in
623 3569 708 3617 lib.
740 3569 1023 3618 Formular.
1045 3568 1321 3634 spiritualis

300 3654 629 3719 intelliqentioe
650 3689 663 3711 ‚
693 3650 776 3699 ubi
800 3651 899 3700 haec
925 3651 1068 3700 habet
1095 3668 1107 3698 z
1138 3650 1324 3717 Corpus

1417 1081 1561 1132 litera
1589 1086 1689 1132 sive
1715 1083 1919 1133 historia
1948 1095 2044 1148 est‚·
2067 1090 2236 1137 anima
2261 1092 2318 1139 in
2342 1109 2445 1140 mo-

1416 1165 1515 1213 rali
1543 1184 1687 1214 sensu
1708 1203 1722 1222 ,
1750 1170 1837 1232 qui
1864 1172 2077 1234 tropicas
2100 1170 2288 1220 dicitur
2301 1192 2322 1235 ‚·
2345 1176 2448 1240 spi-

1415 1249 1545 1295 ritus
1572 1251 1629 1295 in
1651 1251 1896 1314 superiore
1914 1251 2185 1315 intellectu,
2210 1257 2299 1319 qui
2323 1273 2448 1305 απα-

1371 1361 1377 1364 -
1411 1346 1527 1394 qoqe
1554 1330 1840 1396 appellatur.
1867 1332 1993 1382 Bibl.
2017 1333 2206 1384 Patrum
2225 1375 2237 1397 ,
2270 1338 2444 1387 Colon.

1414 1415 1608 1479 Agripp.
1630 1423 1745 1464 tom.
1775 1433 1804 1462 v
1821 1452 1835 1475 ‚
1863 1428 1982 1480 part.
2004 1431 2050 1478 1,
2072 1435 2176 1483 pag.
2199 1417 2318 1483 741.
2339 1420 2445 1469 Non

1415 1499 1629 1546 meminit
1661 1497 1947 1560 Eucherius,
1968 1510 2019 1548 ut
2049 1512 2177 1566 patet
2206 1520 2260 1551 ex
2295 1505 2446 1553 addu-

1413 1582 1499 1626 ctis
1537 1580 1688 1628 verbis
1712 1617 1726 1641 ‚
1759 1598 1923 1630 sensus
1947 1582 2214 1648 allegorici3
2249 1595 2294 1633 at
2315 1587 2446 1637 hunc

1413 1674 1749 1712 commemorat
1775 1663 1827 1712 S.
1858 1663 2055 1725 Paulus,
2095 1665 2200 1715 Gal.
2234 1684 2312 1730 iv,
2343 1670 2408 1719 23
2427 1707 2442 1731 ‚

1413 1744 1477 1791 ita
1504 1744 1710 1793 scribens
1739 1746 1797 1794 de
1819 1747 2018 1794 historiis
2040 1746 2183 1797 isaaci
2207 1759 2251 1797 et
2268 1750 2444 1801 ismae-

1413 1826 1469 1874 lis
1500 1843 1515 1875 ε
1551 1827 1677 1894 Quae
1709 1836 1826 1875 sunt
1844 1846 1939 1893 per
1968 1829 2249 1895 alleqoriam
2281 1833 2445 1892 dicta,-

1412 1907 1514 1957 haec
1536 1911 1665 1957 enim
1690 1917 1807 1959 sunt
1831 1910 1926 1960 duo
1951 1919 2250 1965 testamenta.

1482 1991 1546 2056 (l)
1584 1992 1740 2058 Aliqui
1767 1995 1904 2058 paulo
1938 1997 2169 2044 diversam
2199 2000 2441 2048 notionem

1415 2074 1653 2138 utriusque
1692 2092 1852 2122 sensus
1893 2075 2096 2125 litteralis
2139 2089 2184 2126 et
2224 2082 2442 2139 spiritalis

1411 2154 1633 2220 exhibent
1652 2164 1677 2218 ;'
1696 2158 1762 2203 ita
1790 2166 1841 2203 ut
1868 2174 2056 2207 sensum
2090 2158 2342 2208 litteralem
2365 2162 2441 2211 di-

1411 2246 1517 2284 cant
1548 2237 1596 2284 id
1618 2274 1631 2296 ,
1664 2239 1790 2303 quod
1820 2242 1870 2286 in
1902 2239 2151 2306 Scripturis
2181 2241 2357 2292 directe
2386 2263 2441 2295 ac

1402 2320 1627 2384 proxime
1644 2319 1843 2385 Spiritus
1857 2320 2055 2371 Sanctus
2084 2328 2338 2391 exprimere
2356 2344 2439 2378 vo-

1410 2402 1525 2462 luit,
1546 2413 1592 2452 et
1616 2404 1756 2452 verba
1785 2404 1964 2454 directe
1986 2424 2077 2472 prae
2100 2426 2148 2457 se
2170 2410 2325 2458 ferunt
2343 2414 2439 2461 sive

1409 2490 1593 2552 propria
1611 2490 1704 2537 sive
1721 2490 1943 2555 figurata,
1973 2494 2023 2539 in
2050 2499 2282 2558 quantum
2312 2495 2434 2560 figu-

1409 2580 1504 2618 rata
1534 2580 1679 2634 sunt3
1718 2589 1907 2620 sensum
1946 2591 2053 2622 vero
2085 2575 2352 2640 spiritalem
2384 2579 2434 2627 id

1407 2663 1606 2714 vocant,
1635 2654 1763 2719 quod
1791 2656 1840 2702 in
1864 2653 2113 2721 Scripturis
2134 2657 2310 2707 directe
2327 2662 2434 2727 qui-

1407 2735 1514 2782 dem
1533 2772 1547 2794 ‚
1581 2737 1792 2800 quamvis
1814 2745 1987 2785 remote
2012 2742 2267 2804 exprimere
2287 2743 2434 2792 voluit

1406 2816 1601 2882 Spiritus
1626 2817 1700 2877 S.‚
1742 2818 1930 2884 oblique
1967 2826 2128 2871 tamen
2163 2824 2301 2873 verba
2335 2843 2432 2892 prae

1406 2917 1454 2949 se
1482 2900 1635 2949 ferunt
1663 2918 1715 2948 ex
1746 2904 1872 2967 typis
1900 2922 2180 2968 promanans
2208 2918 2349 2974 atque
2381 2912 2432 2957 in

1406 3001 1542 3033 sensu
1574 2983 1774 3032 litterali
1803 2986 2093 3036 delitescens.

1476 3067 1543 3131 (2)
1571 3066 1800 3116 Lutherus
1825 3074 2036 3119 omnium
2073 3074 2249 3136 primus
2270 3075 2426 3122 unita-

1405 3161 1499 3200 tem
1524 3167 1683 3198 sensus
1709 3151 1915 3200 litteralis
1942 3155 2088 3201 tuitus
2117 3163 2214 3212 est,
2250 3154 2308 3202 de
2334 3173 2428 3221 quo

1404 3235 1561 3284 scribit
1582 3233 1795 3282 Millerus
1815 3234 1979 3300 Georg.
2001 3235 2214 3300 Angustae
2247 3239 2430 3301 profes-

1403 3335 1479 3367 sor
1506 3317 1662 3382 dogm.
1682 3314 1717 3363 Ι
1717 3315 2031 3364 mmortaliter
2052 3319 2253 3366 meritus
2266 3318 2426 3383 fuisse

1402 3398 1665 3449 censendus
1703 3407 1771 3446 est
1802 3398 2042 3447 Luthems
2084 3408 2271 3464 noster,
2311 3403 2428 3465 qui,

1403 3480 1590 3549 emploso
1632 3481 2000 3548 pontificiorum
2044 3482 2102 3530 de
2141 3482 2429 3549 pluralitate

1406 3580 1573 3615 sensus
1601 3564 1739 3612 verbo
1770 3562 1954 3612 lubrico
1993 3573 2037 3613 et
2071 3565 2270 3614 subdolo
2299 3581 2426 3614 ccm-

1406 3655 1592 3707 mento,
1633 3654 1904 3694 constanter
1946 3649 2229 3697 unicitatem
2259 3662 2425 3696 semus

301 3739 569 3805 Scriptura?
600 3750 749 3784 sacrae
768 3770 785 3797 ‚
832 3736 959 3784 sicut
991 3734 1234 3796 traditur,
1269 3734 1327 3781 in
1408 3729 1628 3781 litteralis
1659 3731 1934 3780 asseruerit.
