2502 4134
443 162 600 201 mar.
649 162 710 200 11.
755 162 877 199 cn.
922 161 981 209 ιι.
1031 163 1099 199 η
1142 161 1324 202 mvm.
1373 159 1503 198 cim.
1554 162 1695 200 nnn.
1742 161 1941 202 msrm.
2149 145 2225 205 85

123 305 324 384 Alogos
349 351 364 378 ,
391 305 759 378 ManicliaeoS‚
785 304 1092 386 plerosque
1115 306 1242 364 Vct.
1270 315 1332 365 et
1352 304 1500 364 Novi
1526 306 1879 367 Testamenti
1901 305 2080 367 libros
2102 309 2225 369 Deo

116 398 501 477 abjudicassez,
547 421 611 458 ac
646 400 850 459 eadem
878 401 1101 459 ratione
1133 421 1195 459 se
1227 401 1464 479 gessisse
1488 444 1503 472 ,
1541 422 1651 480 qua
1687 405 2078 462 Protestantes
2113 403 2220 462 ho·-
2269 474 2274 482 ¹

115 493 301 552 dierni
324 540 340 569 .,
360 506 562 575 spreta
587 494 844 554 Ecclesiae
869 494 1162 554 catholicae
1194 494 1535 552 auctoritate
1554 539 1569 557 ,
1598 516 1742 575 quos
1766 497 1980 556 volunt
2000 542 2016 572 7
2042 496 2221 557 libros

112 588 198 645 uti
228 588 509 647 divinitus
536 590 847 670 inspiratos
872 589 1223 662 admittunt,
1256 610 1400 670 quos
1423 609 1562 648 vero
1592 589 1804 648 nolunt
1826 635 1841 663 ,
1878 593 2221 673 repudiant,

112 685 435 764 praesertim
464 706 595 742 cum
621 706 715 743 eos
741 686 854 741 suis
879 683 1167 742 erroribus
1189 695 1387 765 aperte
1410 684 1727 741 contrarios
1751 704 1873 743 esse
1898 685 2222 767 deprehen·

111 778 258 838 dunt
293 781 418 860 (l)?
454 784 584 840 Jam
615 803 752 843 vero
787 803 888 839 cur
917 784 1151 839 Patrum
1184 767 1374 863 potius
1404 803 1578 860 quam
1609 780 2013 840 haereticorum
2056 785 2222 842 testi-

111 876 319 933 moniis
347 877 517 934 inniti
549 875 766 935 debent
794 878 1218 949 ProtestanteS,
1245 896 1312 935 eo
1337 874 1432 934 vel
1455 875 1634 954 magis
1664 875 1822 956 quod
1854 877 2052 935 Patres
2082 899 2223 957 pas-

110 970 218 1028 sim
250 974 414 1051 parvi
454 972 752 1052 pendant,
782 971 1079 1030 haereticos
1115 984 1253 1029 vero
1287 969 1416 1027 illos
1454 969 1635 1030 veluti
1663 968 2052 1029 antecessores
2091 992 2221 1032 suos

108 1067 323 1147 passim
356 1077 699 1145 agnoscant.j
740 1064 1084 1145 quibuscum
1111 1075 1391 1143 praeterea
1428 1083 1490 1121 se
1521 1064 1714 1123 nescio
1737 1086 1850 1145 qua
1876 1066 2218 1145 cognatione

110 1165 442 1239 conjunctos
474 1181 596 1219 esse
615 1164 841 1236 jactant
866 1158 998 1236 (2)?
1023 1157 1245 1216 Deinde
1267 1203 1283 1230 a
1318 1157 1570 1216 vidimus
1602 1159 1800 1218 Patres
1827 1160 1935 1241 ipsi
1963 1161 2220 1240 singilla-

110 1256 214 1312 tim
243 1254 460 1336 sumpti
484 1299 500 1326 ‚
530 1265 588 1313 et
622 1252 858 1312 concilia
887 1251 1254 1334 particularia
1276 1298 1290 1324 .‚
1323 1273 1423 1310 seu
1460 1252 1837 1333 particulares
1861 1254 2110 1315 ecclesiae
2131 1302 2145 1330 ,
2171 1258 2219 1315 si
2300 1290 2304 1294 ·

82 1339 424 1411 'Romanam
443 1371 622 1408 unam
652 1350 899 1430 excipias
915 1394 930 1423 .,
959 1349 1201 1407 minime
1223 1349 1378 1406 inter
1401 1368 1462 1406 se
1486 1349 1846 1407 conveniunt
1869 1350 1929 1407 in
1956 1350 2215 1431 Scriptu-

99 1465 296 1504 rarum
327 1465 581 1517 canone3
613 1444 874 1525 adeoque
894 1449 1061 1522 juxta
1086 1443 1443 1503 adversarios
1468 1453 1527 1501 et
1552 1443 1613 1500 in
1645 1442 2024 1503 admittendis
2053 1445 2215 1504 libris

100 1539 376 1600 divinitus
405 1540 742 1621 inspiratis3
775 1538 877 1598 sed
913 1539 1007 1598 alii
1036 1539 1231 1620 plures
1258 1537 1355 1598 alii
1387 1539 1684 1619 pauciores
1716 1551 2058 1618 agnoscunt.
2098 1542 2215 1600 Nec

101 1646 188 1695 est
217 1634 372 1715 quod
411 1635 744 1714 confugiant
781 1635 855 1693 ad
887 1634 1264 1694 traditionem
1298 1632 1516 1692 oralem
1539 1678 1554 1707 ‚
1593 1654 1723 1714 quae
1754 1632 1828 1692 ad
1858 1646 2116 1714 posteros
2141 1656 2209 1695 ex

98 1730 404 1811 apostolica
429 1740 599 1789 aetate
622 1729 1019 1803 descenderit3
1047 1729 1333 1811 siquidem
1352 1730 1742 1788 Protestantes
1765 1730 2035 1810 nuspiam
2061 1734 2207 1808 ejus-

99 1825 258 1884 modi
313 1824 683 1885 traditionem
761 1826 1115 1907 suscipiunt3
1177 1835 1455 1905 praeterea
1483 1869 1499 1898 ,
1556 1823 1816 1883 Ecclesiae
1866 1827 2206 1884 auctoritate

101 1919 315 1979 seclusa
348 1954 364 1995 .·,
411 1920 648 1979 traditio
707 1920 806 1979 illa
853 1921 995 1979 circa
1055 1919 1450 2001 inspirationis
1515 1918 1872 1998 singulorum
1924 1917 2206 1978 librorum

96 2016 498 2074 canonicorum
524 2015 832 2075 articulum
855 2016 915 2073 in
937 2016 1160 2074 incerto
1190 2013 1507 2073 admodum
1535 2025 1820 2073 versatur.

180 2111 312 2169 136».
362 2112 480 2170 Nec
508 2110 573 2170 30
603 2110 840 2170 demum
867 2109 927 2168 id
951 2156 966 2184 ,
1004 2109 1158 2191 quod
1189 2108 1507 2173 intendunt
1527 2153 1543 2183 ,
1571 2108 1796 2167 efficere
1822 2107 2022 2167 valent
2063 2110 2203 2168 Pro·
2263 2119 2278 2129 ²

97 2214 375 2263 testantes
402 2227 474 2263 ex
497 2206 811 2265 intrinseca
845 2204 941 2263 illa
967 2204 1152 2264 Libris
1177 2204 1349 2263 sacris
1384 2202 1741 2284 proprietate
1760 2247 1776 2275 ,
1801 2198 2229 2284 quae‘attinga-,

97 2307 195 2355 tur
224 2308 426 2377 gustu3
457 2320 746 2380 quamque
771 2321 1044 2378 saporem
1086 2300 1466 2377 spiritualem
1496 2296 1839 2378 appellitare
1870 2309 2196 2377 coeperunt.

99 2393 327 2451 Etenim
347 2438 363 2467 7
390 2403 779 2474 praeterquam
813 2393 968 2472 quod
994 2413 1167 2450 nemo
1184 2397 1308 2469 jam
1336 2402 1424 2449 est
1457 2390 1694 2467 alicujus
1721 2391 1972 2448 nominis
1997 2401 2199 2471 prote—

93 2499 252 2546 stans
272 2533 288 2562 .,
327 2489 427 2569 qui
468 2488 543 2547 ad
569 2499 928 2568 postremum
947 2487 1057 2546 hoc
1085 2487 1359 2566 effugium
1383 2497 1642 2544 recurrat
1659 2530 1675 2559 ,
1707 2485 1873 2566 plura
1904 2497 2044 2544 sunt
2067 2507 2198 2567 quae

92 2581 342 2664 idipsum
375 2581 711 2641 excludunt.
746 2584 931 2663 Atque
963 2582 1024 2639 in
1052 2582 1257 2663 primis
1285 2579 1430 2638 illud
1465 2600 1733 2660 urgemus
1761 2625 1775 2653 a
1807 2579 1963 2660 quod
1994 2601 2064 2639 ex
2087 2580 2198 2639 fal-

92 2675 232 2735 lacia
261 2676 654 2754 hujuscemodi
678 2678 895 2758 saporis
921 2679 1191 2755 exsurgit.
1223 2677 1279 2734 Si
1311 2677 1466 2734 enim
1490 2675 1610 2734 haec
1634 2675 1696 2732 in
1723 2672 1906 2732 Libris
1926 2674 2098 2734 sacris
2134 2696 2196 2735 se

95 2770 367 2852 proderet
411 2773 767 2854 proprietam,
814 2792 990 2852 quare
1035 2783 1161 2829 tum
1206 2782 1429 2837 veteres
1471 2780 1598 2827 tum
1632 2769 1978 2828 recentiores
2015 2790 2192 2829 exea

97 2886 281 2925 sacros
303 2867 584 2945 ejusmodi
601 2866 797 2926 Libros
815 2867 1031 2948 Spiritu
1054 2867 1262 2924 Sancto
1284 2864 1515 2925 afflante
1538 2864 1894 2946 conscriptos
1906 2862 2195 2923 discrimi-

161 3139 225 3204 (1)
263 3138 402 3187 Paulo
420 3149 526 3189 ante
548 3139 786 3188 attulimus
803 3139 940 3188 verba
955 3138 1091 3186 Mou—
1174 3135 1323 3183 alesia
1377 3143 1486 3183 anto
1541 3134 1807 3185 Lutherum
1824 3139 1852 3183 Ρ»
1901 3135 2191 3202 Confugiunt

95 3218 202 3269 lini&
219 3259 233 3281 ,
263 3225 455 3271 ministri
477 3225 795 3288 protestanti5‚
830 3224 910 3288 qui
934 3221 983 3269 id
1011 3238 1092 3269 ex·
1173 3237 1308 3285 porro
1342 3221 1400 3267 ad
1430 3218 1679 3268 Ecclesiam
1699 3217 1975 3267 invisibilem
1994 3256 2008 3280 ‚
2035 3234 2138 3284 quae
2157 3237 2184 3268 a

96 3299 275 3366 probrat
302 3306 408 3351 suis.
807 3322 813 3328 ·
1173 3302 1261 3366 piis
1279 3338 1292 3360 ‚
1326 3301 1495 3349 scilicet
1518 3301 1765 3358 haereticis,
1782 3301 1944 3366 quovis
1971 3309 2179 3364 tempore

167 3379 231 3442 (Ξ)
266 3381 383 3431 Huic
404 3387 660 3449 cognationi
692 3387 952 3432 innituntur
984 3382 1092 3431 Pro·
1172 3381 1367 3430 conflata
1395 3393 1471 3431 est.
1491 3381 1588 3430 Csr.
1613 3382 1825 3441 Bossuet,
1858 3381 2078 3429 Histoire
2095 3378 2179 3427 des

96 3468 306 3509 testantes
319 3497 333 3521 ,
354 3474 403 3511 ut
423 3465 480 3513 ab
501 3476 769 3532 argumento
787 3480 966 3530 semper
982 3467 1090 3529 ipsis
1172 3464 1464 3525 variathus,
1494 3464 1579 3512 lib.
1607 3480 1669 3512 xv
1682 3500 1695 3523 ,
1721 3461 1748 3528 S
1771 3460 1832 3511 16
1846 3472 1890 3511 et
1920 3464 2041 3510 suiv.
2062 3477 2178 3524 opp.

93 3541 365 3604 permolesto
391 3561 438 3593 se
463 3547 728 3610 expediant,
750 3564 843 3613 quo
859 3549 984 3612 ipsos
1001 3545 1089 3594 Ca·
1144 3545 1280 3594 ‚edin
1294 3544 1532 3595 Versailles
1552 3541 1704 3606 1816,
1719 3553 1905 3593 tom..xx
1918 3579 1932 3604 ‚
1951 3559 2055 3607 pag.
2075 3536 2175 3602 461

93 3619 257 3670 tholici
270 3634 430 3687 urgent
447 3642 462 3673 ε
501 3625 717 3677 Ubinam
737 3636 840 3677 erat
860 3644 972 3679 vera
991 3625 1091 3678 Ec·
1107 3614 1117 3625 ⁵
1178 3637 1222 3676 et
1253 3643 1381 3694 seqq.
